4450 6684
905 499 1036 562 228
2151 497 2557 565 Gnaeonms
2602 499 2724 565 XI.

903 718 1107 787 2094.
1858 720 2067 802 1372,
2117 718 2488 784 Novembris
2535 721 2612 802 3,
2658 720 3022 784 Avenionis.

1220 871 1536 958 Maqistro
1582 872 1875 937 Johanni
1936 871 2149 937 Wilde
2187 872 2266 936 de
2296 871 2700 955 Dotinchem,
2752 873 3085 937 literarum
3117 874 3610 957 apostolicarum
3640 877 3968 960 scriptori,

1126 979 1543 1060 confirmatur
1593 982 2051 1063 praepositura
2112 977 2568 1061 E'mbricensis,
2640 1000 2832 1064 quam
2895 1001 2971 1043 ex
3017 1001 3083 1044 eo
3130 987 3450 1044 vacantem
3474 1031 3490 1061 ,
3553 980 3723 1067 quod
3769 984 3972 1066 ipsam

1124 1086 1454 1151 Johannes
1499 1085 1577 1149 de
1616 1084 1917 1149 Hoernen
1962 1086 2224 1149 clericus
2270 1084 2636 1149 Leodiensis
2681 1085 2871 1150 dioec.
2920 1089 3211 1150 canonice
3256 1087 3510 1173 quidem
3555 1087 3827 1153 obtinuit
3863 1089 3971 1153 sed

1129 1200 1351 1257 contra
1388 1193 1887 1256 constitutionem
1926 1190 2251 1256 Johannis
2280 1211 2496 1276 papae
2525 1190 2786 1256 XXII:
2832 1191 3211 1256 Eaeecrabi
3225 1194 3323 1257 lis
3356 1214 3482 1277 per
3507 1195 3736 1277 plures
3775 1214 3971 1259 annos

1126 1298 1393 1363 indebite
1441 1300 1639 1362 tenuit
1684 1306 2080 1382 occupatam,
2128 1319 2204 1361 ex
2238 1300 2602 1382 provisione
2661 1297 2907 1362 Urbani
2943 1319 3159 1383 papae
3203 1298 3266 1361 V
3297 1308 3617 1365 assecutus
3644 1301 3885 1383 fuerat.
3913 1301 3962 1383 ι)

1129 1480 1334 1545 Grata
1368 1485 1482 1543 tue
1515 1477 1904 1543 devotionis.
1927 1525 1941 1541 .
1967 1525 1980 1540 .
2002 1525 2016 1541 .
2067 1479 2219 1544 Dat.
2255 1477 2613 1564 Avinione,
2651 1481 2758 1546 111
2790 1480 2961 1546 Non.
2993 1481 3416 1564 Novembris,
3450 1503 3624 1548 anno
3656 1482 3966 1548 secundo.

1318 1613 1441 1675 Ray.
1480 1614 1575 1662 Ao.
1621 1614 1675 1660 T.
1710 1610 1801 1676 15,
1827 1610 2035 1676 11:399.

1053 1762 1111 1824 1)
1152 1762 1256 1813 Cfr.
1293 1777 1455 1826 supra
1489 1774 1639 1811 num.
1674 1758 1822 1810 1853.

904 2217 1107 2286 2095.
1836 2216 2049 2296 1372,
2103 2212 2472 2278 Novembris
2517 2216 2641 2296 12,
2688 2214 3053 2277 Avenionis.

1222 2373 1569 2454 Statuitur,
1619 2371 1789 2456 quod
1834 2373 2196 2433 animarum
2243 2389 2401 2432 cura
2440 2366 2653 2453 quoad
2682 2369 3007 2431 canonicos
3040 2366 3328 2451 aliasque
3347 2386 3660 2450 personas
3694 2366 3968 2451 capellae

1130 2480 1499 2564 colleyiatae
1544 2480 1612 2542 in
1662 2478 1859 2562 Haqa
1906 2498 2141 2540 necnon
2187 2497 2544 2539 excessuum
2593 2476 2890 2539 correctio
2938 2474 3024 2537 ad
3059 2474 3362 2537 decanum
3395 2473 3666 2555 ejusdem
3698 2474 3976 2558 capellae

1127 2592 1374 2672 spectet.

1115 2763 1567 2852 'Gregorius
1631 2766 2084 2853 episcopua,
2152 2786 2423 2832 servus
2487 2786 2885 2830 servorum
2947 2763 3129 2847 Dei,
3192 2761 3285 2827 ad
3339 2768 3806 2850 perpetuam
3864 2763 3977 2827 rei

904 2873 1367 2940 memoriam.

1138 2978 1326 3043 Sedis
1376 2978 1732 3064 apostolice
1780 2978 2252 3064 circumspecta
2296 2977 2672 3062 benignitas
2722 2997 3035 3062 personas
3084 2976 3206 3041 sub
3256 2974 3461 3041 divini
3507 2975 3723 3039 cultus
3763 2975 3978 3040 obser-

913 3085 1147 3149 vancia
1206 3089 1516 3148 vacantes
1579 3082 1841 3147 assiduo
1908 3082 2125 3147 studio
2189 3105 2308 3169 pro
2371 3084 2507 3148 vite
2571 3083 2876 3168 congruis
2938 3082 3269 3147 favoribus
3325 3080 3744 3168 prosequitur
3799 3086 3866 3145 et
3910 3080 3977 3144 in

912 3190 1075 3273 hiis,
1139 3210 1266 3275 que
1330 3190 1693 3253 animarum
1757 3190 2034 3254 salutem
2097 3196 2167 3254 et
2233 3191 2775 3276 tranquillitatem
2836 3208 3264 3274 personarum
3319 3185 3676 3251 earundem
3724 3186 3977 3271 conspi-

909 3298 1125 3379 ciunt,
1176 3302 1250 3360 ut
1297 3294 1606 3360 devocius
1654 3302 1721 3361 et
1768 3296 2062 3381 quiecius
2109 3297 2394 3361 Domino
2441 3296 2741 3360 famulari
2788 3296 3090 3376 valeant,
3139 3315 3209 3357 se
3254 3293 3542 3358 libenter
3574 3294 3667 3357 eis
3700 3293 3974 3358 exhibet

910 3403 1268 3490 propiciam
1330 3408 1398 3466 et
1459 3402 1832 3487 benignam.
1928 3403 2095 3468 Cum
2159 3404 2384 3488 itaque
2448 3402 2698 3466 dudum
2761 3401 3078 3487 capellam
3125 3400 3253 3465 loci
3302 3399 3383 3464 de
3431 3399 3674 3484 Hagha
3719 3399 3979 3484 Trajec·

914 3509 1119 3575 tensis
1169 3508 1481 3591 diocecis,
1532 3529 1658 3594 que
1708 3508 1789 3573 de
1838 3515 2190 3595 patronatu
2239 3509 2460 3574 dilecti
2508 3510 2624 3573 filii
2674 3509 2912 3573 nobilis
2959 3508 3081 3572 viri
3128 3507 3389 3573 Alberti
3437 3505 3620 3570 ducis
3665 3501 3976 3589 Bavarie,

912 3622 988 3681 ut
1036 3616 1386 3696 asseritur,
1435 3616 1698 3696 existit,
1748 3616 1815 3678 in
1865 3616 2279 3700 collegiatam
2328 3615 2710 3680 duxerimus
2752 3615 3146 3679 auctoritate
3182 3612 3541 3699 apostolica
3573 3611 3978 3697 erigendam,

917 3721 1231 3786 tredecim
1296 3722 1791 3803 canonicorum,
1850 3742 2123 3806 quorum
2174 3743 2344 3786 unus
2393 3721 2680 3785 decanus
2728 3721 2993 3802 existit,
3041 3741 3117 3784 ac
3166 3716 3662 3805 quatuordecim
3706 3718 3980 3803 preben-

917 3828 1146 3894 darum
1193 3849 1538 3892 numerum
1586 3827 2046 3892 constituendo
2095 3827 2343 3892 ibidem
2393 3849 2468 3891 ac
2517 3829 2722 3892 eciam
2772 3826 3166 3908 ordinand0,
3216 3831 3412 3912 prout
3452 3825 3518 3888 in
3554 3824 3793 3888 nostris
3825 3823 3976 3888 inde

919 3937 1233 4001 confectis
1279 3937 1515 3999 litteris
1546 3936 1597 4018 1)
1645 3936 1905 4022 plenius
1953 3937 2365 4018 continetur,
2416 3956 2535 3999 nos
2581 3936 2870 4021 ipsorum
2919 3934 3380 3999 canonicorum
3419 3937 3488 3996 et
3527 3930 3802 3996 aliarum
3843 3949 3981 4014 per-

919 4064 1225 4107 sonarum
1266 4041 1560 4126 ejusdem
1595 4042 1842 4128 capelle
1878 4042 2240 4106 animarum
2275 4042 2472 4106 saluti
2508 4064 2582 4106 ac
2615 4042 2820 4128 quieti
2855 4041 3205 4105 salubriter
3235 4038 3578 4126 providere
3611 4039 3979 4123 cupientes,

917 4147 1296 4213 eorumdem
1360 4148 1590 4211 decani
1661 4152 1727 4212 et
1774 4148 2232 4211 canonicorum
2281 4168 2355 4212 ac
2404 4146 2592 4211 ducis
2638 4148 2707 4210 in
2753 4146 2876 4212 hac
2923 4152 3110 4231 parte
3159 4143 3755 4231 supplicacionibus
3802 4142 3980 4207 incli-

923 4254 1092 4335 nati,
1137 4254 1529 4318 auctoritate
1571 4252 1866 4339 predicta
1910 4254 2258 4317 statuimus
2294 4259 2362 4318 et
2394 4252 2798 4335 ordinamus,
2839 4251 3011 4338 quod
3045 4251 3338 4338 prefatus
3371 4249 3658 4315 decanus
3688 4248 3982 4334 ejusdem

918 4358 1199 4445 capelle,
1249 4359 1360 4444 qui
1409 4364 1509 4423 est
1557 4359 1637 4422 ad
1683 4379 1952 4445 presens
2002 4366 2070 4423 et
2117 4359 2242 4423 erit
2291 4380 2407 4445 pro
2458 4365 2782 4446 ternpore,
2834 4380 3054 4423 curam
3101 4359 3347 4423 habeat
3388 4358 3752 4422 animarum
3792 4375 3979 4420 cano-

920 4466 1214 4530 nicorum
1286 4472 1353 4530 et
1426 4486 1850 4553 personarum
1923 4466 2315 4548 earundem,
2393 4473 2462 4530 et
2524 4466 2827 4552 insuper,
2894 4465 3070 4551 quod
3132 4464 3509 4550 inquisitiO,
3558 4462 3874 4527 correctio
3921 4466 3983 4526 et

915 4575 1180 4662 punicio
1229 4595 1650 4656 excessuum,
1700 4576 1812 4660 qui
1859 4595 1976 4662 per
2023 4574 2372 4638 canonicos
2420 4580 2487 4638 et
2528 4594 2840 4660 personas
2872 4570 3250 4657 hujusmodi
3281 4592 3398 4658 pro
3436 4578 3730 4657 tempore
3763 4570 3977 4634 forsan

916 4682 1442 4762 committentur,
1508 4703 1582 4745 ac
1642 4682 1849 4745 eciam
1912 4683 2204 4767 ipsorum
2269 4681 2734 4744 canonicorum
2796 4687 2863 4745 et
2911 4701 3373 4765 personarum,
3422 4679 3477 4742 si
3523 4678 3648 4743 hoc
3697 4678 3973 4762 qualitas

922 4787 1179 4874 negocii
1244 4789 1579 4871 exegerit,
1644 4789 2070 4852 incarceratio
2136 4808 2393 4852 necnon
2457 4808 2994 4873 quarumcunque
3055 4807 3396 4852 causarum
3443 4786 3732 4851 civilium
3780 4784 3983 4850 crimi-

920 4894 1205 4975 nalium,
1270 4914 1431 4979 quas
1498 4899 1726 4957 contra
1783 4893 2046 4957 eosdem
2096 4894 2443 4958 canonicos
2492 4899 2560 4958 et
2606 4889 2919 4980 personas
2969 4914 3085 4958 seu
3134 4913 3361 4957 eorum
3409 4892 3693 4977 aliquem
3740 4890 3983 4956 moveri

918 5001 1290 5085 continget,
1341 4999 1627 5085 cognitio
1678 5006 1746 5064 et
1794 4999 2066 5081 decisio,
2117 5000 2200 5065 ad
2250 5000 2554 5066 eumdem
2605 5000 2926 5065 decanum
2973 5002 3332 5087 pertineat,
3380 5001 3476 5064 ita
3516 5007 3768 5082 tamen,
3812 4996 3982 5085 quod

919 5109 991 5173 in
1037 5108 1293 5172 casibus
1342 5130 1380 5171 a
1417 5109 1568 5191 jure
1617 5108 1948 5193 permissis
1998 5108 2298 5172 canonici
2345 5115 2413 5173 et
2460 5130 2738 5194 persone
2786 5108 3081 5195 predicte
3128 5107 3383 5194 possint
3416 5128 3454 5170 a
3486 5107 3980 5193 quibuscunque

923 5213 1313 5295 sentenciis,
1379 5234 1542 5298 quas
1591 5220 1819 5276 contra
1866 5234 1979 5276 eos
2025 5212 2177 5277 ferri
2226 5214 2606 5299 continget,
2656 5235 2731 5279 ac
2779 5236 2819 5278 a
2866 5214 3389 5300 gravaminibus,
3450 5233 3576 5298 que
3624 5212 3719 5276 eis
3768 5212 3983 5277 forsan

922 5319 1319 5384 inferrentur
1379 5340 1497 5405 per
1559 5318 1844 5406 eundem
1894 5319 2252 5402 decanum,
2302 5321 2383 5384 ad
2431 5321 2557 5384 loci
2606 5319 3025 5385 diocesanum
3075 5319 3443 5406 appellare,
3492 5318 3799 5404 quodque
3849 5340 3985 5405 pre-

922 5425 1136 5489 dictus
1184 5425 1471 5491 decanus
1520 5425 1734 5491 eidem
1786 5426 2136 5491 diocesano
2183 5426 2564 5492 immediate
2614 5418 2948 5512 subJ'ectus
2983 5426 3248 5491 existat.
3311 5425 3491 5490 Nulli
3524 5446 3679 5510 ergo
3715 5427 3977 5490 omnino

924 5530 1264 5598 hominum
1318 5532 1515 5597 liceat
1561 5534 1730 5598 hanc
1778 5533 2087 5620 paginam
2135 5539 2358 5597 nostre
2407 5534 2905 5598 constitucionis
2954 5540 3022 5598 et
3069 5532 3430 5597 voluntatis
3476 5531 3836 5617 infringere
3884 5530 3982 5596 vel

921 5639 985 5702 ei
1048 5659 1211 5703 ausu
1278 5640 1624 5705 temerario
1688 5641 2033 5705 contraire.
2084 5635 2094 5646 ’
2132 5638 2202 5703 Si
2260 5639 2404 5725 quis
2452 5647 2673 5705 autem
2718 5639 2845 5704 hoc
2893 5645 3288 5724 attemptare
3333 5638 3845 5725 presumpserit,
3891 5638 3983 5701 in·
