<?xml version="1.0" encoding="UTF-8"?>
<!DOCTYPE html PUBLIC "-//W3C//DTD XHTML 1.0 Transitional//EN"
    "http://www.w3.org/TR/xhtml1/DTD/xhtml1-transitional.dtd">
<html xmlns="http://www.w3.org/1999/xhtml" xml:lang="en" lang="en">
 <head>
  <title>
</title>
<meta http-equiv="Content-Type" content="text/html;charset=utf-8" />
  <meta name='ocr-system' content='tesseract 3.04.00' />
  <meta name='ocr-capabilities' content='ocr_page ocr_carea ocr_par ocr_line ocrx_word'/>
</head>
<body>
  <div class='ocr_page' id='page_1' title='image "./bullariumtrajec00nethgoog_0111.png"; bbox 0 0 4450 6684; ppageno 0'>
   <div class='ocr_carea' id='block_1_1' title="bbox 1855 541 3628 609">
    <p class='ocr_par' dir='ltr' id='par_1_1' title="bbox 1855 541 3628 609">
     <span class='ocr_line' id='line_1_1' title="bbox 1855 541 3628 609; baseline -0.003 0"><span class='ocrx_word' id='word_1_1' title='bbox 1855 543 2171 609; x_wconf 69' lang='lat' dir='ltr'><strong><em>Cunus</em></strong></span> <span class='ocrx_word' id='word_1_2' title='bbox 2214 541 2337 609; x_wconf 89' lang='lat' dir='ltr'><strong><em>VI.</em></strong></span> <span class='ocrx_word' id='word_1_3' title='bbox 3546 541 3628 604; x_wconf 84' lang='lat'><strong><em>19</em></strong></span> 
     </span>
    </p>
   </div>
   <div class='ocr_carea' id='block_1_2' title="bbox 786 761 2396 962">
    <p class='ocr_par' dir='ltr' id='par_1_2' title="bbox 786 761 2396 962">
     <span class='ocr_line' id='line_1_2' title="bbox 786 761 2131 851; baseline -0.003 -22"><span class='ocrx_word' id='word_1_4' title='bbox 786 763 1226 851; x_wconf 78' lang='lat' dir='ltr'><strong>Exigentibus</strong></span> <span class='ocrx_word' id='word_1_5' title='bbox 1272 769 1405 828; x_wconf 91' lang='lat' dir='ltr'><strong><em>tue.</em></strong></span> <span class='ocrx_word' id='word_1_6' title='bbox 1436 809 1453 828; x_wconf 97' lang='lat'><strong><em>.</em></strong></span> <span class='ocrx_word' id='word_1_7' title='bbox 1481 809 1497 827; x_wconf 95' lang='lat'><strong><em>.</em></strong></span> <span class='ocrx_word' id='word_1_8' title='bbox 1526 809 1543 827; x_wconf 93' lang='lat'><strong><em>.</em></strong></span> <span class='ocrx_word' id='word_1_9' title='bbox 1592 761 1746 827; x_wconf 88' lang='lat' dir='ltr'><strong><em>Dat.</em></strong></span> <span class='ocrx_word' id='word_1_10' title='bbox 1796 769 1868 826; x_wconf 84' lang='lat' dir='ltr'><strong><em>ut</em></strong></span> <span class='ocrx_word' id='word_1_11' title='bbox 1910 782 2131 847; x_wconf 81' lang='lat' dir='ltr'><strong><em>supra.</em></strong></span> 
     </span>
     <span class='ocr_line' id='line_1_3' title="bbox 984 890 2396 962; baseline -0.002 -16"><span class='ocrx_word' id='word_1_12' title='bbox 984 893 1931 962; x_wconf 58' lang='lat' dir='ltr'><strong><em>Am9.210.1:53‚s.321eaes</em></strong></span> <span class='ocrx_word' id='word_1_13' title='bbox 1976 890 2396 959; x_wconf 72' lang='lat' dir='ltr'><strong><em>1254,s.3ss.</em></strong></span> 
     </span>
    </p>
   </div>
   <div class='ocr_carea' id='block_1_3' title="bbox 565 1360 2715 1449">
    <p class='ocr_par' dir='ltr' id='par_1_3' title="bbox 565 1360 2715 1449">
     <span class='ocr_line' id='line_1_4' title="bbox 565 1360 2715 1449; baseline -0.003 -17"><span class='ocrx_word' id='word_1_14' title='bbox 565 1360 1021 1432; x_wconf 70' lang='lat'>1286—1288.</span> <span class='ocrx_word' id='word_1_15' title='bbox 1493 1364 1708 1447; x_wconf 98' lang='grc'><em>1349,</em></span> <span class='ocrx_word' id='word_1_16' title='bbox 1754 1362 2135 1449; x_wconf 75' lang='lat' dir='ltr'><strong><em>Septembris</em></strong></span> <span class='ocrx_word' id='word_1_17' title='bbox 2182 1365 2302 1446; x_wconf 89' lang='lat'><strong><em>16,</em></strong></span> <span class='ocrx_word' id='word_1_18' title='bbox 2350 1363 2715 1427; x_wconf 82' lang='lat' dir='ltr'><strong><em>Avenionis.</em></strong></span> 
     </span>
    </p>
   </div>
   <div class='ocr_carea' id='block_1_4' title="bbox 794 1515 3633 2028">
    <p class='ocr_par' dir='ltr' id='par_1_4' title="bbox 794 1515 3633 1795">
     <span class='ocr_line' id='line_1_5' title="bbox 886 1515 3630 1603; baseline 0 -20"><span class='ocrx_word' id='word_1_19' title='bbox 886 1517 971 1583; x_wconf 82' lang='lat' dir='ltr'><strong><em>A.</em></strong></span> <span class='ocrx_word' id='word_1_20' title='bbox 1041 1517 1280 1603; x_wconf 74' lang='lat' dir='ltr'><strong><em>Aqneti</em></strong></span> <span class='ocrx_word' id='word_1_21' title='bbox 1323 1519 1579 1583; x_wconf 88' lang='lat' dir='ltr'><strong><em>relictae</em></strong></span> <span class='ocrx_word' id='word_1_22' title='bbox 1625 1517 1946 1603; x_wconf 80' lang='lat' dir='ltr'><strong><em>quondam</em></strong></span> <span class='ocrx_word' id='word_1_23' title='bbox 1994 1516 2227 1582; x_wconf 85' lang='lat' dir='ltr'><strong><em>Roveri</em></strong></span> <span class='ocrx_word' id='word_1_24' title='bbox 2272 1516 2349 1581; x_wconf 88' lang='lat' dir='ltr'><strong><em>de</em></strong></span> <span class='ocrx_word' id='word_1_25' title='bbox 2395 1515 2797 1599; x_wconf 81' lang='lat' dir='ltr'><strong><em>Montfoerde</em></strong></span> <span class='ocrx_word' id='word_1_26' title='bbox 2840 1517 3098 1600; x_wconf 85' lang='lat' dir='ltr'><strong><em>militis,</em></strong></span> <span class='ocrx_word' id='word_1_27' title='bbox 3160 1517 3360 1581; x_wconf 87' lang='lat' dir='ltr'><strong><em>nobili</em></strong></span> <span class='ocrx_word' id='word_1_28' title='bbox 3402 1518 3630 1583; x_wconf 78' lang='lat' dir='ltr'><strong><em>viduae</em></strong></span> 
     </span>
     <span class='ocr_line' id='line_1_6' title="bbox 802 1623 3633 1708; baseline 0.001 -21"><span class='ocrx_word' id='word_1_29' title='bbox 802 1623 985 1706; x_wconf 84' lang='lat' dir='ltr'><strong><em>Traj.</em></strong></span> <span class='ocrx_word' id='word_1_30' title='bbox 1055 1623 1247 1689; x_wconf 90' lang='lat' dir='ltr'><strong><em>dioec.</em></strong></span> <span class='ocrx_word' id='word_1_31' title='bbox 1263 1670 1281 1707; x_wconf 93' lang='lat'><strong><em>,</em></strong></span> <span class='ocrx_word' id='word_1_32' title='bbox 1353 1623 1712 1689; x_wconf 77' lang='lat' dir='ltr'><strong><em>conceditur</em></strong></span> <span class='ocrx_word' id='word_1_33' title='bbox 1767 1624 2180 1708; x_wconf 74' lang='lat' dir='ltr'><strong><em>privileqium</em></strong></span> <span class='ocrx_word' id='word_1_34' title='bbox 2238 1623 2578 1708; x_wconf 80' lang='lat' dir='ltr'><strong><em>plenariae</em></strong></span> <span class='ocrx_word' id='word_1_35' title='bbox 2642 1630 3041 1707; x_wconf 85' lang='lat' dir='ltr'><strong><em>peccatorum</em></strong></span> <span class='ocrx_word' id='word_1_36' title='bbox 3108 1625 3491 1688; x_wconf 77' lang='lat' dir='ltr'><strong><em>remissionis</em></strong></span> <span class='ocrx_word' id='word_1_37' title='bbox 3563 1628 3633 1689; x_wconf 90' lang='lat' dir='ltr'><strong><em>in</em></strong></span> 
     </span>
     <span class='ocr_line' id='line_1_7' title="bbox 794 1730 1353 1795; baseline 0 -2"><span class='ocrx_word' id='word_1_38' title='bbox 794 1730 1066 1795; x_wconf 82' lang='lat' dir='ltr'><strong><em>articulo</em></strong></span> <span class='ocrx_word' id='word_1_39' title='bbox 1111 1731 1353 1795; x_wconf 82' lang='lat' dir='ltr'><strong><em>mortis.</em></strong></span> 
     </span>
    </p>

    <p class='ocr_par' dir='ltr' id='par_1_5' title="bbox 878 1834 3091 1920">
     <span class='ocr_line' id='line_1_8' title="bbox 878 1834 3091 1920; baseline -0 -21"><span class='ocrx_word' id='word_1_40' title='bbox 878 1834 957 1899; x_wconf 92' lang='lat' dir='ltr'><strong><em>B.</em></strong></span> <span class='ocrx_word' id='word_1_41' title='bbox 1028 1834 1322 1900; x_wconf 77' lang='lat' dir='ltr'><strong><em>Johanni</em></strong></span> <span class='ocrx_word' id='word_1_42' title='bbox 1364 1835 1441 1899; x_wconf 86' lang='lat' dir='ltr'><strong><em>de</em></strong></span> <span class='ocrx_word' id='word_1_43' title='bbox 1490 1834 1723 1900; x_wconf 82' lang='lat' dir='ltr'><strong><em>Goinde</em></strong></span> <span class='ocrx_word' id='word_1_44' title='bbox 1772 1836 1931 1900; x_wconf 81' lang='lat' dir='ltr'><strong><em>laico</em></strong></span> <span class='ocrx_word' id='word_1_45' title='bbox 1986 1834 2168 1917; x_wconf 81' lang='lat' dir='ltr'><strong><em>Traj.</em></strong></span> <span class='ocrx_word' id='word_1_46' title='bbox 2218 1834 2410 1900; x_wconf 87' lang='lat' dir='ltr'><strong><em>dioec.</em></strong></span> <span class='ocrx_word' id='word_1_47' title='bbox 2457 1835 2622 1899; x_wconf 87' lang='lat' dir='ltr'><strong><em>idem</em></strong></span> <span class='ocrx_word' id='word_1_48' title='bbox 2655 1836 3091 1920; x_wconf 63' lang='lat' dir='ltr'><strong><em>privilegium.</em></strong></span> 
     </span>
    </p>

    <p class='ocr_par' dir='ltr' id='par_1_6' title="bbox 882 1940 3568 2028">
     <span class='ocr_line' id='line_1_9' title="bbox 882 1940 3568 2028; baseline 0 -22"><span class='ocrx_word' id='word_1_49' title='bbox 882 1940 955 2006; x_wconf 82' lang='lat' dir='ltr'><strong><em>O.</em></strong></span> <span class='ocrx_word' id='word_1_50' title='bbox 1025 1940 1321 2006; x_wconf 82' lang='lat' dir='ltr'><strong><em>Arnoldo</em></strong></span> <span class='ocrx_word' id='word_1_51' title='bbox 1366 1941 1443 2005; x_wconf 86' lang='lat' dir='ltr'><strong><em>de</em></strong></span> <span class='ocrx_word' id='word_1_52' title='bbox 1489 1941 1936 2006; x_wconf 78' lang='lat' dir='ltr'><strong><em>Davenvoerde</em></strong></span> <span class='ocrx_word' id='word_1_53' title='bbox 1980 1940 2179 2006; x_wconf 87' lang='lat' dir='ltr'><strong><em>nobili</em></strong></span> <span class='ocrx_word' id='word_1_54' title='bbox 2223 1942 2419 2005; x_wconf 86' lang='lat' dir='ltr'><strong><em>militi</em></strong></span> <span class='ocrx_word' id='word_1_55' title='bbox 2471 1940 2652 2024; x_wconf 83' lang='lat' dir='ltr'><strong><em>Traj.</em></strong></span> <span class='ocrx_word' id='word_1_56' title='bbox 2700 1940 2889 2005; x_wconf 86' lang='lat' dir='ltr'><strong><em>dioec.</em></strong></span> <span class='ocrx_word' id='word_1_57' title='bbox 2935 1941 3100 2005; x_wconf 87' lang='lat' dir='ltr'><strong><em>idem</em></strong></span> <span class='ocrx_word' id='word_1_58' title='bbox 3133 1943 3568 2028; x_wconf 74' lang='lat' dir='ltr'><strong><em>privileqium.</em></strong></span> 
     </span>
    </p>
   </div>
   <div class='ocr_carea' id='block_1_5' title="bbox 794 2123 3304 2324">
    <p class='ocr_par' dir='ltr' id='par_1_7' title="bbox 794 2123 3304 2324">
     <span class='ocr_line' id='line_1_10' title="bbox 794 2123 3304 2208; baseline -0.001 -15"><span class='ocrx_word' id='word_1_59' title='bbox 794 2126 1110 2193; x_wconf 83' lang='lat' dir='ltr'><strong><em>Provenit</em></strong></span> <span class='ocrx_word' id='word_1_60' title='bbox 1156 2147 1263 2192; x_wconf 83' lang='lat' dir='ltr'><strong><em>ex.</em></strong></span> <span class='ocrx_word' id='word_1_61' title='bbox 1290 2174 1305 2190; x_wconf 97' lang='lat'><strong><em>.</em></strong></span> <span class='ocrx_word' id='word_1_62' title='bbox 1336 2173 1354 2190; x_wconf 95' lang='lat'><strong><em>.</em></strong></span> <span class='ocrx_word' id='word_1_63' title='bbox 1381 2174 1397 2190; x_wconf 99' lang='lat'><strong><em>.</em></strong></span> <span class='ocrx_word' id='word_1_64' title='bbox 1444 2125 1597 2191; x_wconf 88' lang='lat' dir='ltr'><strong><em>Dat.</em></strong></span> <span class='ocrx_word' id='word_1_65' title='bbox 1646 2125 1977 2191; x_wconf 82' lang='lat' dir='ltr'><strong><em>Avinione</em></strong></span> <span class='ocrx_word' id='word_1_66' title='bbox 1999 2174 2016 2208; x_wconf 96' lang='lat'><strong><em>,</em></strong></span> <span class='ocrx_word' id='word_1_67' title='bbox 2064 2124 2235 2190; x_wconf 87' lang='lat' dir='ltr'><strong><em>XVI</em></strong></span> <span class='ocrx_word' id='word_1_68' title='bbox 2278 2124 2389 2190; x_wconf 88' lang='lat' dir='ltr'><strong><em>Kl.</em></strong></span> <span class='ocrx_word' id='word_1_69' title='bbox 2439 2123 2781 2207; x_wconf 78' lang='lat' dir='ltr'><strong><em>Octobris,</em></strong></span> <span class='ocrx_word' id='word_1_70' title='bbox 2830 2144 3004 2189; x_wconf 87' lang='lat' dir='ltr'><strong><em>anno</em></strong></span> <span class='ocrx_word' id='word_1_71' title='bbox 3053 2130 3304 2190; x_wconf 85' lang='lat' dir='ltr'><strong><em>octavo.</em></strong></span> 
     </span>
     <span class='ocr_line' id='line_1_11' title="bbox 984 2256 1734 2324; baseline -0.003 -14"><span class='ocrx_word' id='word_1_72' title='bbox 984 2260 1111 2323; x_wconf 68' lang='lat' dir='ltr'><strong><em>Bag.</em></strong></span> <span class='ocrx_word' id='word_1_73' title='bbox 1145 2260 1243 2311; x_wconf 73' lang='lat' dir='ltr'><strong><em>Ao.</em></strong></span> <span class='ocrx_word' id='word_1_74' title='bbox 1286 2256 1348 2309; x_wconf 91' lang='lat' dir='ltr'><strong><em>T.</em></strong></span> <span class='ocrx_word' id='word_1_75' title='bbox 1382 2257 1474 2323; x_wconf 83' lang='lat'><strong><em>51,</em></strong></span> <span class='ocrx_word' id='word_1_76' title='bbox 1496 2260 1557 2324; x_wconf 82' lang='lat' dir='ltr'><strong><em>s.</em></strong></span> <span class='ocrx_word' id='word_1_77' title='bbox 1591 2257 1734 2309; x_wconf 53' lang='lat'><strong><em>4682</em></strong></span> 
     </span>
    </p>
   </div>
   <div class='ocr_carea' id='block_1_6' title="bbox 571 2722 2856 2810">
    <p class='ocr_par' dir='ltr' id='par_1_8' title="bbox 571 2722 2856 2810">
     <span class='ocr_line' id='line_1_12' title="bbox 571 2722 2856 2810; baseline -0.003 -16"><span class='ocrx_word' id='word_1_78' title='bbox 571 2724 770 2795; x_wconf 72' lang='lat'><strong><em>1289.</em></strong></span> <span class='ocrx_word' id='word_1_79' title='bbox 1334 2727 1547 2808; x_wconf 89' lang='grc'><em>1349,</em></span> <span class='ocrx_word' id='word_1_80' title='bbox 1600 2724 1979 2810; x_wconf 79' lang='lat' dir='ltr'><strong><em>Septembris</em></strong></span> <span class='ocrx_word' id='word_1_81' title='bbox 2025 2724 2146 2807; x_wconf 77' lang='lat'><strong><em>24,</em></strong></span> <span class='ocrx_word' id='word_1_82' title='bbox 2192 2743 2300 2809; x_wconf 88' lang='lat' dir='ltr'><strong><em>ap.</em></strong></span> <span class='ocrx_word' id='word_1_83' title='bbox 2368 2722 2856 2789; x_wconf 77' lang='lat' dir='ltr'><strong><em>Villamnovam.</em></strong></span> 
     </span>
    </p>
   </div>
   <div class='ocr_carea' id='block_1_7' title="bbox 781 2876 3633 3177">
    <p class='ocr_par' dir='ltr' id='par_1_9' title="bbox 781 2876 3633 3177">
     <span class='ocr_line' id='line_1_13' title="bbox 889 2876 3633 2962; baseline 0.001 -18"><span class='ocrx_word' id='word_1_84' title='bbox 889 2879 1178 2944; x_wconf 80' lang='lat' dir='ltr'><strong><em>Gerardo</em></strong></span> <span class='ocrx_word' id='word_1_85' title='bbox 1239 2879 1316 2944; x_wconf 89' lang='lat' dir='ltr'><strong><em>de</em></strong></span> <span class='ocrx_word' id='word_1_86' title='bbox 1371 2878 1701 2944; x_wconf 85' lang='lat' dir='ltr'><strong><em>Naldekin</em></strong></span> <span class='ocrx_word' id='word_1_87' title='bbox 1749 2879 1970 2942; x_wconf 85' lang='lat' dir='ltr'><strong><em>clerico</em></strong></span> <span class='ocrx_word' id='word_1_88' title='bbox 2026 2876 2210 2961; x_wconf 85' lang='lat' dir='ltr'><strong><em>Traj.</em></strong></span> <span class='ocrx_word' id='word_1_89' title='bbox 2258 2879 2447 2944; x_wconf 87' lang='lat' dir='ltr'><strong><em>dioec.</em></strong></span> <span class='ocrx_word' id='word_1_90' title='bbox 2498 2880 2883 2962; x_wconf 80' lang='lat' dir='ltr'><strong><em>conferenda</em></strong></span> <span class='ocrx_word' id='word_1_91' title='bbox 2927 2888 3335 2944; x_wconf 83' lang='lat' dir='ltr'><strong><em>reservantur</em></strong></span> <span class='ocrx_word' id='word_1_92' title='bbox 3378 2883 3633 2947; x_wconf 88' lang='lat' dir='ltr'><strong><em>canoni-</em></strong></span> 
     </span>
     <span class='ocr_line' id='line_1_14' title="bbox 794 2985 3631 3072; baseline 0.001 -22"><span class='ocrx_word' id='word_1_93' title='bbox 794 2993 1001 3069; x_wconf 81' lang='lat' dir='ltr'><strong><em>catus,</em></strong></span> <span class='ocrx_word' id='word_1_94' title='bbox 1029 2985 1389 3071; x_wconf 82' lang='lat' dir='ltr'><strong><em>praebenda</em></strong></span> <span class='ocrx_word' id='word_1_95' title='bbox 1419 2993 1478 3049; x_wconf 87' lang='lat' dir='ltr'><strong><em>et</em></strong></span> <span class='ocrx_word' id='word_1_96' title='bbox 1506 2985 2007 3069; x_wconf 85' lang='lat' dir='ltr'><strong><em>supplementum</em></strong></span> <span class='ocrx_word' id='word_1_97' title='bbox 2040 2986 2108 3048; x_wconf 88' lang='lat' dir='ltr'><strong><em>in</em></strong></span> <span class='ocrx_word' id='word_1_98' title='bbox 2141 2987 2395 3050; x_wconf 87' lang='lat' dir='ltr'><strong><em>ecclesia</em></strong></span> <span class='ocrx_word' id='word_1_99' title='bbox 2427 2985 2496 3050; x_wconf 81' lang='lat' dir='ltr'><strong><em>S.</em></strong></span> <span class='ocrx_word' id='word_1_100' title='bbox 2525 2986 2715 3050; x_wconf 85' lang='lat' dir='ltr'><strong><em>Petri</em></strong></span> <span class='ocrx_word' id='word_1_101' title='bbox 2746 2985 2958 3068; x_wconf 83' lang='lat' dir='ltr'><strong><em>Traj.,</em></strong></span> <span class='ocrx_word' id='word_1_102' title='bbox 2983 2988 3291 3072; x_wconf 74' lang='lat' dir='ltr'><strong><em>proxima</em></strong></span> <span class='ocrx_word' id='word_1_103' title='bbox 3322 2995 3631 3052; x_wconf 85' lang='lat' dir='ltr'><strong><em>vacatura</em></strong></span> 
     </span>
     <span class='ocr_line' id='line_1_15' title="bbox 781 3090 3512 3177; baseline 0.001 -21"><span class='ocrx_word' id='word_1_104' title='bbox 781 3113 907 3177; x_wconf 86' lang='lat' dir='ltr'><strong><em>per</em></strong></span> <span class='ocrx_word' id='word_1_105' title='bbox 951 3092 1372 3157; x_wconf 83' lang='lat' dir='ltr'><strong><em>dimissionem</em></strong></span> <span class='ocrx_word' id='word_1_106' title='bbox 1416 3091 1742 3156; x_wconf 86' lang='lat' dir='ltr'><strong><em>Johannis</em></strong></span> <span class='ocrx_word' id='word_1_107' title='bbox 1787 3092 2059 3175; x_wconf 86' lang='lat' dir='ltr'><strong><em>episcopi</em></strong></span> <span class='ocrx_word' id='word_1_108' title='bbox 2112 3090 2497 3157; x_wconf 83' lang='lat' dir='ltr'><strong><em>Tridentini.</em></strong></span> <span class='ocrx_word' id='word_1_109' title='bbox 2551 3129 2634 3140; x_wconf 91' lang='lat'>-</span> <span class='ocrx_word' id='word_1_110' title='bbox 2684 3091 3099 3177; x_wconf 82' lang='lat' dir='ltr'><strong><em>Deputantur</em></strong></span> <span class='ocrx_word' id='word_1_111' title='bbox 3143 3099 3512 3159; x_wconf 74' lang='lat' dir='ltr'><strong><em>executores.</em></strong></span> 
     </span>
    </p>
   </div>
   <div class='ocr_carea' id='block_1_8' title="bbox 575 3271 3631 3465">
    <p class='ocr_par' dir='ltr' id='par_1_10' title="bbox 575 3271 3631 3465">
     <span class='ocr_line' id='line_1_16' title="bbox 793 3271 3631 3362; baseline 0.001 -21"><span class='ocrx_word' id='word_1_112' title='bbox 793 3274 1034 3341; x_wconf 76' lang='lat' dir='ltr'><strong><em>Merita</em></strong></span> <span class='ocrx_word' id='word_1_113' title='bbox 1075 3274 1443 3362; x_wconf 81' lang='lat' dir='ltr'><strong><em>probitatis.</em></strong></span> <span class='ocrx_word' id='word_1_114' title='bbox 1472 3322 1489 3339; x_wconf 91' lang='lat'><strong><em>.</em></strong></span> <span class='ocrx_word' id='word_1_115' title='bbox 1516 3319 1533 3338; x_wconf 96' lang='lat'><strong><em>.</em></strong></span> <span class='ocrx_word' id='word_1_116' title='bbox 1561 3319 1578 3338; x_wconf 96' lang='lat'><strong><em>.</em></strong></span> <span class='ocrx_word' id='word_1_117' title='bbox 1627 3273 1781 3339; x_wconf 89' lang='lat' dir='ltr'><strong><em>Dat.</em></strong></span> <span class='ocrx_word' id='word_1_118' title='bbox 1831 3271 2006 3360; x_wconf 86' lang='lat' dir='ltr'><strong><em>apud</em></strong></span> <span class='ocrx_word' id='word_1_119' title='bbox 2054 3273 2541 3339; x_wconf 86' lang='lat' dir='ltr'><strong><em>Villamnovam</em></strong></span> <span class='ocrx_word' id='word_1_120' title='bbox 2584 3273 3054 3339; x_wconf 82' lang='lat' dir='ltr'><strong><em>Avinionensis</em></strong></span> <span class='ocrx_word' id='word_1_121' title='bbox 3100 3272 3409 3359; x_wconf 88' lang='lat' dir='ltr'><strong><em>diocesis,</em></strong></span> <span class='ocrx_word' id='word_1_122' title='bbox 3456 3274 3631 3343; x_wconf 88' lang='lat' dir='ltr'><strong>VIII</strong></span> 
     </span>
     <span class='ocr_line' id='line_1_17' title="bbox 575 3380 1601 3465; baseline -0.003 -18"><span class='ocrx_word' id='word_1_123' title='bbox 575 3380 687 3447; x_wconf 79' lang='lat' dir='ltr'><strong><em>m.</em></strong></span> <span class='ocrx_word' id='word_1_124' title='bbox 734 3380 1075 3465; x_wconf 80' lang='lat' dir='ltr'><strong><em>Octobris,</em></strong></span> <span class='ocrx_word' id='word_1_125' title='bbox 1123 3401 1299 3448; x_wconf 87' lang='lat' dir='ltr'><strong><em>anno</em></strong></span> <span class='ocrx_word' id='word_1_126' title='bbox 1347 3385 1601 3448; x_wconf 82' lang='lat' dir='ltr'><strong><em>octavo.</em></strong></span> 
     </span>
    </p>
   </div>
   <div class='ocr_carea' id='block_1_9' title="bbox 988 3513 1743 3580">
    <p class='ocr_par' dir='ltr' id='par_1_11' title="bbox 988 3513 1743 3580">
     <span class='ocr_line' id='line_1_18' title="bbox 988 3513 1743 3580; baseline -0.001 -15"><span class='ocrx_word' id='word_1_127' title='bbox 988 3515 1113 3579; x_wconf 60' lang='grc' dir='ltr'><strong><em>περ.</em></strong></span> <span class='ocrx_word' id='word_1_128' title='bbox 1161 3516 1277 3565; x_wconf 73' lang='lat' dir='ltr'><strong><em>Vae.</em></strong></span> <span class='ocrx_word' id='word_1_129' title='bbox 1322 3516 1379 3566; x_wconf 78' lang='lat' dir='ltr'><strong><em>T.</em></strong></span> <span class='ocrx_word' id='word_1_130' title='bbox 1412 3514 1506 3579; x_wconf 85' lang='lat'><strong><em>55,</em></strong></span> <span class='ocrx_word' id='word_1_131' title='bbox 1530 3515 1591 3580; x_wconf 74' lang='lat' dir='ltr'><strong><em>s.</em></strong></span> <span class='ocrx_word' id='word_1_132' title='bbox 1626 3513 1743 3564; x_wconf 78' lang='lat'><strong><em>253.</em></strong></span> 
     </span>
    </p>
   </div>
   <div class='ocr_carea' id='block_1_10' title="bbox 573 3979 2636 4065">
    <p class='ocr_par' dir='ltr' id='par_1_12' title="bbox 573 3979 2636 4065">
     <span class='ocr_line' id='line_1_19' title="bbox 573 3979 2636 4065; baseline -0.002 -17"><span class='ocrx_word' id='word_1_133' title='bbox 573 3979 770 4048; x_wconf 72' lang='grc'><em>1290.</em></span> <span class='ocrx_word' id='word_1_134' title='bbox 1555 3981 1772 4065; x_wconf 89' lang='grc'><em>1349,</em></span> <span class='ocrx_word' id='word_1_135' title='bbox 1822 3979 2103 4046; x_wconf 82' lang='lat' dir='ltr'><strong><em>Octobris</em></strong></span> <span class='ocrx_word' id='word_1_136' title='bbox 2149 3982 2224 4063; x_wconf 83' lang='grc'><strong><em>4,</em></strong></span> <span class='ocrx_word' id='word_1_137' title='bbox 2271 3980 2636 4046; x_wconf 82' lang='lat' dir='ltr'><strong><em>Avenionis.</em></strong></span> 
     </span>
    </p>
   </div>
   <div class='ocr_carea' id='block_1_11' title="bbox 794 4129 3631 4517">
    <p class='ocr_par' dir='ltr' id='par_1_13' title="bbox 794 4129 3631 4517">
     <span class='ocr_line' id='line_1_20' title="bbox 887 4129 3631 4216; baseline -0.001 -18"><span class='ocrx_word' id='word_1_138' title='bbox 887 4133 1232 4199; x_wconf 80' lang='lat' dir='ltr'><strong><em>Giselberto</em></strong></span> <span class='ocrx_word' id='word_1_139' title='bbox 1289 4133 1366 4198; x_wconf 89' lang='lat' dir='ltr'><strong><em>de</em></strong></span> <span class='ocrx_word' id='word_1_140' title='bbox 1426 4132 1844 4198; x_wconf 74' lang='lat' dir='ltr'><strong><em>Walenborch</em></strong></span> <span class='ocrx_word' id='word_1_141' title='bbox 1892 4134 2312 4215; x_wconf 77' lang='lat' dir='ltr'><strong><em>conferuntur</em></strong></span> <span class='ocrx_word' id='word_1_142' title='bbox 2359 4133 2803 4213; x_wconf 86' lang='lat' dir='ltr'><strong><em>canonicatus,</em></strong></span> <span class='ocrx_word' id='word_1_143' title='bbox 2855 4129 3223 4215; x_wconf 87' lang='lat' dir='ltr'><strong><em>praebenda</em></strong></span> <span class='ocrx_word' id='word_1_144' title='bbox 3273 4137 3333 4194; x_wconf 88' lang='lat' dir='ltr'><strong><em>et</em></strong></span> <span class='ocrx_word' id='word_1_145' title='bbox 3376 4131 3631 4216; x_wconf 83' lang='lat' dir='ltr'><strong><em>supple·</em></strong></span> 
     </span>
     <span class='ocr_line' id='line_1_21' title="bbox 795 4235 3631 4323; baseline -0 -20"><span class='ocrx_word' id='word_1_146' title='bbox 795 4246 1068 4304; x_wconf 81' lang='lat' dir='ltr'><strong><em>mentum</em></strong></span> <span class='ocrx_word' id='word_1_147' title='bbox 1127 4241 1199 4303; x_wconf 88' lang='lat' dir='ltr'><strong><em>in</em></strong></span> <span class='ocrx_word' id='word_1_148' title='bbox 1261 4240 1515 4305; x_wconf 87' lang='lat' dir='ltr'><strong><em>ecclesia</em></strong></span> <span class='ocrx_word' id='word_1_149' title='bbox 1587 4238 2011 4322; x_wconf 88' lang='lat' dir='ltr'><strong><em>Trajectensi,</em></strong></span> <span class='ocrx_word' id='word_1_150' title='bbox 2073 4239 2371 4302; x_wconf 86' lang='lat' dir='ltr'><strong><em>vacantia</em></strong></span> <span class='ocrx_word' id='word_1_151' title='bbox 2422 4258 2546 4323; x_wconf 84' lang='lat' dir='ltr'><strong><em>per</em></strong></span> <span class='ocrx_word' id='word_1_152' title='bbox 2607 4237 2841 4302; x_wconf 87' lang='lat' dir='ltr'><strong><em>obitum</em></strong></span> <span class='ocrx_word' id='word_1_153' title='bbox 2902 4236 3198 4322; x_wconf 75' lang='lat' dir='ltr'><strong><em>Huqonis</em></strong></span> <span class='ocrx_word' id='word_1_154' title='bbox 3259 4235 3525 4302; x_wconf 78' lang='lat' dir='ltr'><strong><em>Uustinc</em></strong></span> <span class='ocrx_word' id='word_1_155' title='bbox 3571 4244 3631 4302; x_wconf 88' lang='lat' dir='ltr'><strong><em>et</em></strong></span> 
     </span>
     <span class='ocr_line' id='line_1_22' title="bbox 794 4342 3629 4430; baseline -0 -22"><span class='ocrx_word' id='word_1_156' title='bbox 794 4343 894 4409; x_wconf 89' lang='lat' dir='ltr'><strong><em>die</em></strong></span> <span class='ocrx_word' id='word_1_157' title='bbox 936 4346 1026 4409; x_wconf 85' lang='lat'><strong><em>26</em></strong></span> <span class='ocrx_word' id='word_1_158' title='bbox 1072 4344 1442 4410; x_wconf 83' lang='lat' dir='ltr'><strong><em>Novembris</em></strong></span> <span class='ocrx_word' id='word_1_159' title='bbox 1489 4365 1596 4409; x_wconf 90' lang='lat' dir='ltr'><strong><em>an.</em></strong></span> <span class='ocrx_word' id='word_1_160' title='bbox 1643 4345 1824 4409; x_wconf 86' lang='grc'><em>1347</em></span> <span class='ocrx_word' id='word_1_161' title='bbox 1869 4343 2269 4429; x_wconf 86' lang='lat' dir='ltr'><strong><em>dispositioni</em></strong></span> <span class='ocrx_word' id='word_1_162' title='bbox 2309 4342 2474 4408; x_wconf 88' lang='lat' dir='ltr'><strong><em>sedis</em></strong></span> <span class='ocrx_word' id='word_1_163' title='bbox 2503 4344 2881 4428; x_wconf 87' lang='lat' dir='ltr'><strong><em>apostolicae</em></strong></span> <span class='ocrx_word' id='word_1_164' title='bbox 2909 4350 3254 4407; x_wconf 85' lang='lat' dir='ltr'><strong><em>reservata.</em></strong></span> <span class='ocrx_word' id='word_1_165' title='bbox 3293 4379 3377 4391; x_wconf 91' lang='lat'>—</span> <span class='ocrx_word' id='word_1_166' title='bbox 3409 4342 3629 4430; x_wconf 79' lang='lat' dir='ltr'><strong><em>Depu-</em></strong></span> 
     </span>
     <span class='ocr_line' id='line_1_23' title="bbox 797 4458 1429 4517; baseline 0.002 -2"><span class='ocrx_word' id='word_1_167' title='bbox 797 4458 1018 4517; x_wconf 83' lang='lat' dir='ltr'><strong><em>tantur</em></strong></span> <span class='ocrx_word' id='word_1_168' title='bbox 1061 4458 1429 4516; x_wconf 71' lang='lat' dir='ltr'><strong><em>eaecutores.</em></strong></span> 
     </span>
    </p>
   </div>
   <div class='ocr_carea' id='block_1_12' title="bbox 572 4632 3641 5228">
    <p class='ocr_par' dir='ltr' id='par_1_14' title="bbox 572 4632 3641 5228">
     <span class='ocr_line' id='line_1_24' title="bbox 795 4632 3629 4720; baseline 0 -22"><span class='ocrx_word' id='word_1_169' title='bbox 795 4632 1055 4699; x_wconf 77' lang='lat' dir='ltr'><strong><em>Morum</em></strong></span> <span class='ocrx_word' id='word_1_170' title='bbox 1103 4639 1172 4699; x_wconf 91' lang='lat' dir='ltr'><strong><em>et</em></strong></span> <span class='ocrx_word' id='word_1_171' title='bbox 1216 4633 1374 4700; x_wconf 84' lang='lat' dir='ltr'><strong><em>vite.</em></strong></span> <span class='ocrx_word' id='word_1_172' title='bbox 1405 4681 1422 4697; x_wconf 97' lang='lat'><strong><em>.</em></strong></span> <span class='ocrx_word' id='word_1_173' title='bbox 1450 4681 1467 4697; x_wconf 97' lang='lat'><strong><em>.</em></strong></span> <span class='ocrx_word' id='word_1_174' title='bbox 1494 4680 1513 4699; x_wconf 95' lang='lat'><strong><em>.</em></strong></span> <span class='ocrx_word' id='word_1_175' title='bbox 1558 4634 1711 4700; x_wconf 82' lang='lat' dir='ltr'><strong><em>Non</em></strong></span> <span class='ocrx_word' id='word_1_176' title='bbox 1757 4632 2176 4698; x_wconf 80' lang='lat' dir='ltr'><strong><em>obstantibus</em></strong></span> <span class='ocrx_word' id='word_1_177' title='bbox 2235 4681 2251 4697; x_wconf 94' lang='lat'><strong><em>.</em></strong></span> <span class='ocrx_word' id='word_1_178' title='bbox 2279 4678 2296 4697; x_wconf 96' lang='lat'><strong><em>.</em></strong></span> <span class='ocrx_word' id='word_1_179' title='bbox 2325 4680 2341 4697; x_wconf 94' lang='lat'><strong><em>.</em></strong></span> <span class='ocrx_word' id='word_1_180' title='bbox 2369 4679 2386 4697; x_wconf 93' lang='lat'><strong><em>.</em></strong></span> <span class='ocrx_word' id='word_1_181' title='bbox 2435 4632 2610 4720; x_wconf 86' lang='lat' dir='ltr'><strong><em>quod</em></strong></span> <span class='ocrx_word' id='word_1_182' title='bbox 2655 4633 2726 4698; x_wconf 87' lang='lat' dir='ltr'><strong><em>in</em></strong></span> <span class='ocrx_word' id='word_1_183' title='bbox 2771 4634 3022 4720; x_wconf 88' lang='lat' dir='ltr'><strong><em>capella</em></strong></span> <span class='ocrx_word' id='word_1_184' title='bbox 3068 4634 3264 4699; x_wconf 78' lang='lat' dir='ltr'><strong><em>castri</em></strong></span> <span class='ocrx_word' id='word_1_185' title='bbox 3302 4633 3385 4699; x_wconf 86' lang='lat' dir='ltr'><strong><em>de</em></strong></span> <span class='ocrx_word' id='word_1_186' title='bbox 3416 4635 3629 4700; x_wconf 87' lang='lat' dir='ltr'><strong><em>Horst</em></strong></span> 
     </span>
     <span class='ocr_line' id='line_1_25' title="bbox 573 4738 3626 4827; baseline 0 -22"><span class='ocrx_word' id='word_1_187' title='bbox 573 4759 721 4805; x_wconf 87' lang='lat' dir='ltr'><strong><em>eum</em></strong></span> <span class='ocrx_word' id='word_1_188' title='bbox 764 4738 1099 4826; x_wconf 88' lang='lat' dir='ltr'><strong><em>prebenda</em></strong></span> <span class='ocrx_word' id='word_1_189' title='bbox 1145 4744 1214 4805; x_wconf 90' lang='lat' dir='ltr'><strong><em>et</em></strong></span> <span class='ocrx_word' id='word_1_190' title='bbox 1257 4739 1328 4804; x_wconf 90' lang='lat' dir='ltr'><strong><em>in</em></strong></span> <span class='ocrx_word' id='word_1_191' title='bbox 1372 4738 1840 4805; x_wconf 84' lang='lat' dir='ltr'><strong><em>Davantriensi</em></strong></span> <span class='ocrx_word' id='word_1_192' title='bbox 1888 4739 2331 4823; x_wconf 84' lang='lat' dir='ltr'><strong><em>Trajectensis</em></strong></span> <span class='ocrx_word' id='word_1_193' title='bbox 2379 4738 2656 4805; x_wconf 86' lang='lat' dir='ltr'><strong><em>diocesis</em></strong></span> <span class='ocrx_word' id='word_1_194' title='bbox 2703 4739 3176 4805; x_wconf 79' lang='lat' dir='ltr'><strong><em>thesaurariam</em></strong></span> <span class='ocrx_word' id='word_1_195' title='bbox 3223 4740 3344 4806; x_wconf 91' lang='lat' dir='ltr'><strong><em>sub</em></strong></span> <span class='ocrx_word' id='word_1_196' title='bbox 3382 4760 3626 4827; x_wconf 77' lang='lat' dir='ltr'><strong><em>expec-</em></strong></span> 
     </span>
     <span class='ocr_line' id='line_1_26' title="bbox 575 4832 3639 4932; baseline 0 -22"><span class='ocrx_word' id='word_1_197' title='bbox 575 4845 826 4911; x_wconf 82' lang='lat' dir='ltr'><strong><em>tatione</em></strong></span> <span class='ocrx_word' id='word_1_198' title='bbox 868 4843 1202 4932; x_wconf 86' lang='lat' dir='ltr'><strong><em>prebende</em></strong></span> <span class='ocrx_word' id='word_1_199' title='bbox 1248 4865 1325 4910; x_wconf 90' lang='lat' dir='ltr'><strong><em>ae</em></strong></span> <span class='ocrx_word' id='word_1_200' title='bbox 1371 4844 1811 4932; x_wconf 87' lang='lat' dir='ltr'><strong><em>supplementi</em></strong></span> <span class='ocrx_word' id='word_1_201' title='bbox 1841 4832 2121 4910; x_wconf 65' lang='lat' dir='ltr'><strong><em>⁸obtines</em></strong></span> <span class='ocrx_word' id='word_1_202' title='bbox 2169 4850 2240 4910; x_wconf 88' lang='lat' dir='ltr'><strong><em>et</em></strong></span> <span class='ocrx_word' id='word_1_203' title='bbox 2285 4845 2357 4909; x_wconf 87' lang='lat' dir='ltr'><strong><em>in</em></strong></span> <span class='ocrx_word' id='word_1_204' title='bbox 2402 4844 2867 4932; x_wconf 87' lang='lat' dir='ltr'><strong><em>Herbipolensi</em></strong></span> <span class='ocrx_word' id='word_1_205' title='bbox 2914 4867 2991 4912; x_wconf 86' lang='lat' dir='ltr'><strong><em>ac</em></strong></span> <span class='ocrx_word' id='word_1_206' title='bbox 3038 4846 3111 4911; x_wconf 90' lang='lat' dir='ltr'><strong><em>in</em></strong></span> <span class='ocrx_word' id='word_1_207' title='bbox 3155 4846 3364 4911; x_wconf 87' lang='lat' dir='ltr'><strong><em>sancti</em></strong></span> <span class='ocrx_word' id='word_1_208' title='bbox 3408 4845 3639 4912; x_wconf 81' lang='lat' dir='ltr'><strong><em>Salva-</em></strong></span> 
     </span>
     <span class='ocr_line' id='line_1_27' title="bbox 572 4948 3626 5039; baseline 0 -23"><span class='ocrx_word' id='word_1_209' title='bbox 572 4950 733 5017; x_wconf 87' lang='lat' dir='ltr'><strong><em>toris</em></strong></span> <span class='ocrx_word' id='word_1_210' title='bbox 758 4951 813 5034; x_wconf 87' lang='lat'><strong><em>¹)</em></strong></span> <span class='ocrx_word' id='word_1_211' title='bbox 874 4950 1281 5036; x_wconf 81' lang='lat' dir='ltr'><strong><em>Trajeotensi</em></strong></span> <span class='ocrx_word' id='word_1_212' title='bbox 1343 4950 1634 5016; x_wconf 87' lang='lat' dir='ltr'><strong><em>ecclesiis</em></strong></span> <span class='ocrx_word' id='word_1_213' title='bbox 1698 4948 1780 5015; x_wconf 86' lang='lat' dir='ltr'><strong><em>de</em></strong></span> <span class='ocrx_word' id='word_1_214' title='bbox 1844 4950 2342 5027; x_wconf 75' lang='lat' dir='ltr'><strong><em>canonicatibus</em></strong></span> <span class='ocrx_word' id='word_1_215' title='bbox 2361 4999 2381 5035; x_wconf 91' lang='lat'><strong><em>,</em></strong></span> <span class='ocrx_word' id='word_1_216' title='bbox 2445 4950 2796 5038; x_wconf 87' lang='lat' dir='ltr'><strong><em>prebendis</em></strong></span> <span class='ocrx_word' id='word_1_217' title='bbox 2858 4973 2934 5017; x_wconf 86' lang='lat' dir='ltr'><strong><em>ac</em></strong></span> <span class='ocrx_word' id='word_1_218' title='bbox 2980 4952 3452 5039; x_wconf 78' lang='lat' dir='ltr'><strong><em>supplementis</em></strong></span> <span class='ocrx_word' id='word_1_219' title='bbox 3504 4952 3626 5017; x_wconf 87' lang='lat' dir='ltr'><strong><em>tibi</em></strong></span> 
     </span>
     <span class='ocr_line' id='line_1_28' title="bbox 576 5054 3641 5142; baseline 0 -22"><span class='ocrx_word' id='word_1_220' title='bbox 576 5055 964 5121; x_wconf 85' lang='lat' dir='ltr'><strong><em>auctoritate</em></strong></span> <span class='ocrx_word' id='word_1_221' title='bbox 1010 5061 1236 5121; x_wconf 85' lang='lat' dir='ltr'><strong><em>nostra</em></strong></span> <span class='ocrx_word' id='word_1_222' title='bbox 1272 5056 1506 5121; x_wconf 90' lang='lat' dir='ltr'><strong><em>asseris</em></strong></span> <span class='ocrx_word' id='word_1_223' title='bbox 1546 5054 1746 5120; x_wconf 86' lang='lat' dir='ltr'><strong><em>fuisse</em></strong></span> <span class='ocrx_word' id='word_1_224' title='bbox 1785 5055 2137 5142; x_wconf 81' lang='lat' dir='ltr'><strong><em>provisum.</em></strong></span> <span class='ocrx_word' id='word_1_225' title='bbox 2168 5102 2185 5121; x_wconf 96' lang='lat'><strong><em>.</em></strong></span> <span class='ocrx_word' id='word_1_226' title='bbox 2214 5102 2232 5121; x_wconf 97' lang='lat'><strong><em>.</em></strong></span> <span class='ocrx_word' id='word_1_227' title='bbox 2260 5103 2278 5121; x_wconf 98' lang='lat'><strong><em>.</em></strong></span> <span class='ocrx_word' id='word_1_228' title='bbox 2326 5056 2481 5122; x_wconf 90' lang='lat' dir='ltr'><strong><em>Dat.</em></strong></span> <span class='ocrx_word' id='word_1_229' title='bbox 2513 5057 2878 5141; x_wconf 84' lang='lat' dir='ltr'><strong><em>Avinione,</em></strong></span> <span class='ocrx_word' id='word_1_230' title='bbox 2912 5055 3053 5122; x_wconf 95' lang='lat' dir='ltr'><strong>IIII</strong></span> <span class='ocrx_word' id='word_1_231' title='bbox 3084 5057 3255 5124; x_wconf 86' lang='lat' dir='ltr'><strong><em>Non.</em></strong></span> <span class='ocrx_word' id='word_1_232' title='bbox 3290 5056 3593 5123; x_wconf 87' lang='lat' dir='ltr'><strong><em>Octobris</em></strong></span> <span class='ocrx_word' id='word_1_233' title='bbox 3613 5105 3641 5141; x_wconf 86' lang='grc'><em>,</em></span> 
     </span>
     <span class='ocr_line' id='line_1_29' title="bbox 572 5165 1038 5228; baseline -0.002 -2"><span class='ocrx_word' id='word_1_234' title='bbox 572 5179 745 5227; x_wconf 86' lang='lat' dir='ltr'><strong><em>anno</em></strong></span> <span class='ocrx_word' id='word_1_235' title='bbox 790 5165 1038 5228; x_wconf 83' lang='lat' dir='ltr'><strong><em>octavo.</em></strong></span> 
     </span>
    </p>
   </div>
   <div class='ocr_carea' id='block_1_13' title="bbox 726 5294 1693 5506">
    <p class='ocr_par' dir='ltr' id='par_1_15' title="bbox 726 5294 1693 5506">
     <span class='ocr_line' id='line_1_30' title="bbox 984 5294 1693 5363; baseline -0.001 -15"><span class='ocrx_word' id='word_1_236' title='bbox 984 5297 1108 5361; x_wconf 69' lang='lat' dir='ltr'><strong><em>Bea-</em></strong></span> <span class='ocrx_word' id='word_1_237' title='bbox 1139 5296 1236 5347; x_wconf 63' lang='lat' dir='ltr'><strong><em>Aa.</em></strong></span> <span class='ocrx_word' id='word_1_238' title='bbox 1278 5298 1334 5350; x_wconf 80' lang='lat' dir='ltr'><strong><em>T.</em></strong></span> <span class='ocrx_word' id='word_1_239' title='bbox 1366 5294 1458 5363; x_wconf 75' lang='lat'><strong><em>54,</em></strong></span> <span class='ocrx_word' id='word_1_240' title='bbox 1483 5298 1544 5362; x_wconf 81' lang='lat' dir='ltr'><strong><em>s.</em></strong></span> <span class='ocrx_word' id='word_1_241' title='bbox 1579 5294 1693 5347; x_wconf 81' lang='lat'><strong><em>197.</em></strong></span> 
     </span>
     <span class='ocr_line' id='line_1_31' title="bbox 726 5414 1351 5506; baseline 0.005 -16"><span class='ocrx_word' id='word_1_242' title='bbox 726 5439 783 5504; x_wconf 78' lang='lat'><strong><em>1)</em></strong></span> <span class='ocrx_word' id='word_1_243' title='bbox 817 5439 987 5506; x_wconf 66' lang='lat' dir='ltr'><strong><em>supra</em></strong></span> <span class='ocrx_word' id='word_1_244' title='bbox 1020 5414 1171 5493; x_wconf 63' lang='lat' dir='ltr'><strong><em>uu&#39;m.</em></strong></span> <span class='ocrx_word' id='word_1_245' title='bbox 1202 5441 1351 5493; x_wconf 73' lang='lat'><strong><em>1244.</em></strong></span> 
     </span>
    </p>
   </div>
  </div>
 </body>
</html>
