4450 6684
1836 504 2170 569 Ussuws
2215 503 2300 569 V.
3475 502 3607 565 147

535 728 667 793 tale
728 727 798 791 in
861 725 1066 791 fundo
1129 727 1428 814 proprio,
1491 728 1561 791 in
1606 727 1751 790 loco
1801 732 2022 791 tamen
2071 724 2153 789 ad
2202 725 2328 790 hoc
2377 746 2666 811 congruo
2715 732 2784 791 et
2828 724 3140 808 honesto,
3190 746 3385 811 quem
3431 725 3602 790 infra

533 834 774 899 dictam
821 835 1227 921 parrochiam
1274 854 1392 899 seu
1436 835 1506 899 in
1554 834 1819 898 civitate
1869 834 1975 898 vel
2020 834 2267 899 diocesi
2313 832 2627 919 predictis
2676 831 2940 898 duxerit
2987 832 3363 920 eligendum
3389 881 3406 914 ,
3455 833 3601 898 fun-

535 940 736 1006 dandi
804 947 872 1005 et
943 942 1230 1006 construi
1302 947 1371 1006 et
1442 940 1729 1006 edificari
1790 947 1858 1007 et
1905 942 1975 1006 in
2023 961 2137 1013 eo.
2197 946 2545 1027 postquam
2594 945 3038 1004 constructum
3086 939 3323 1021 fuerit,
3393 939 3601 1004 altare

531 1046 909 1132 hujusmodi
968 1048 1035 1111 in
1097 1048 1240 1112 loco
1289 1047 1372 1112 ad
1420 1048 1543 1112 hoc
1590 1068 1881 1133 congruo
1929 1054 1998 1112 et
2046 1048 2324 1112 honesto
2373 1048 2535 1131 erigi
2583 1046 2903 1126 faciendi,
2967 1066 3224 1111 necnon
3271 1045 3595 1132 guberna-

538 1160 746 1218 torem
807 1154 1147 1240 hospitalis
1205 1153 1580 1239 hujusmodi
1629 1153 1991 1240 deputandi
2037 1154 2159 1219 hac
2207 1154 2515 1239 primaria
2560 1154 2740 1233 vice,
2792 1151 2946 1217 dote
2992 1151 3342 1216 sufficienti
3368 1152 3422 1233 2)
3470 1173 3588 1239 pro

534 1258 827 1346 predicto
874 1265 1192 1345 perpetuo
1241 1261 1578 1345 capellano
1627 1260 1928 1346 primitus
1976 1260 2336 1345 assignata,
2388 1260 2443 1322 si
2494 1258 2613 1323 tibi
2660 1258 2965 1324 videatur
3012 1265 3079 1323 et
3112 1257 3194 1323 ad
3226 1258 3294 1322 id
3329 1259 3604 1324 rectoris

531 1364 824 1451 predicte
886 1367 990 1430 vel
1052 1366 1319 1431 alterius
1366 1368 1673 1447 ecclesie,
1732 1367 1901 1431 infra
1946 1368 2133 1451 cujus
2181 1365 2587 1451 parrochiam
2636 1365 2959 1452 hospitale
3006 1365 3382 1449 hujusmodi
3430 1387 3582 1431 con-

531 1478 849 1551 struetur,
900 1470 1169 1537 accedat
1214 1493 1545 1555 assensus,
1585 1474 1738 1559 jure
1785 1480 2007 1537 tamen
2053 1471 2429 1557 hujusmodi
2478 1472 2900 1558 parrochialis
2940 1473 3214 1538 ecclesie
3259 1495 3334 1538 ac
3374 1475 3589 1558 cujus-

536 1578 701 1642 libet
761 1578 1033 1642 alterius
1094 1578 1163 1641 in
1227 1579 1529 1643 omnibus
1593 1600 1851 1665 semper
1912 1579 2129 1659 salvo,
2191 1600 2266 1642 ac
2304 1580 2457 1663 jure
2505 1584 2891 1664 patronatus
2937 1580 3007 1643 in
3054 1578 3230 1644 dicto
3277 1580 3584 1665 hospitali

532 1682 745 1749 eidem
809 1684 1157 1766 canonico,
1223 1683 1439 1769 quoad
1500 1686 1774 1767 vixerit,
1824 1692 1893 1750 et
1939 1691 2089 1771 post
2136 1686 2279 1769 ejus
2329 1686 2581 1749 obitum
2628 1686 2807 1767 aliis,
2857 1692 3054 1772 prout
3103 1685 3368 1750 duxerit
3421 1685 3593 1750 ordi-

531 1788 857 1870 nandum,
923 1796 1293 1872 reservato,
1355 1792 1749 1855 auctoritate
1811 1792 2171 1876 apostolica
2217 1791 2559 1855 licenciam
2606 1792 2921 1876 largiaris.
3019 1792 3169 1855 Dat.
3220 1792 3550 1856 Avinione
3577 1842 3598 1874 ,

533 1896 741 1961 XIIII
787 1896 897 1959 ΚΙ.
946 1895 1209 1979 Marcii,
1258 1917 1430 1961 anno
1480 1897 1696 1962 tertio.

952 2012 1075 2075 1209.
1112 2014 1211 2061 Aa.
1254 2013 1308 2062 T.
1350 2012 1432 2074 ιο,
1460 2015 1522 2077 s.
1557 2012 1698 2062 2150.

685 2141 743 2204 1)
779 2138 954 2189 Doorn
992 2138 1048 2189 in
1086 2139 1354 2203 provincia
1388 2139 1705 2204 Trajectina.
1908 2140 1964 2204 2)
2000 2140 2171 2192 Codex
2207 2142 2390 2193 habet:
2430 2142 2757 2205 suscipienti.

1800 2405 1943 2411 —--—
1964 2405 2133 2412 ——----
2156 2405 2326 2412 -—-.—

532 2606 729 2673 1804.
1473 2612 1684 2692 1365,
1731 2609 2078 2677 Februarii
2121 2612 2243 2694 16,
2275 2613 2655 2677 'Avenionis

845 2825 1228 2913 Praeposito
1289 2831 1577 2894 ecclesiae
1639 2830 1707 2895 S.
1770 2831 2100 2898 Johannis
2173 2834 2356 2916 Traj.
2421 2835 2803 2918 mandatur,
2872 2842 2942 2898 ut
3009 2834 3402 2900 Ghiselberto
3447 2842 3602 2900 nato

759 2934 1079 3019 quondam
1134 2935 1513 3001 Theoderici
1558 2937 1634 3001 de
1694 2937 2118 3005 Walenborch
2162 2942 2419 3024 militis,
2468 2943 2765 3006 canonico
2804 2948 2863 3005 et
2900 2940 3271 3006 scholastico
3311 2943 3602 3006 ecclesiae

756 3038 824 3103 S.
858 3039 1219 3106 Salvatoris
1259 3042 1441 3126 Traj.
1475 3044 1552 3108 de
1581 3046 2017 3130 supplemento
2051 3050 2531 3132 quamprimum
2561 3048 2650 3112 ibi
2679 3056 2984 3114 vacaturo
3004 3049 3342 3134 provideri
3367 3049 3598 3132 faciat.

754 3222 1044 3310 Dignum
1093 3225 1503 3291 arbitramur.
1533 3275 1548 3290 .
1581 3274 1598 3292 .
1629 3276 1644 3291 .
1695 3228 1848 3293 Dat.
1896 3228 2265 3313 Avinione,
2315 3232 2526 3297 XIIII
2571 3233 2683 3297 Kl.
2732 3232 2996 3314 Marcii,
3047 3253 3219 3298 anno
3269 3234 3493 3298 tercio.

952 3345 1079 3407 Bey.
1114 3345 1211 3394 Αυ.
1256 3346 1307 3393 Τ.
1344 3344 1437 3410 11,
1474 3348 1523 3404 f.
1558 3345 1675 3396 443.

1746 3561 2337 3569 ————---———

529 3759 724 3827 1805.
1520 3765 1732 3847 1365,
1780 3763 2019 3830 Martii
2063 3768 2187 3849 10,
2235 3767 2601 3832 Avenionis.

838 3914 1132 3978 Johanni
1199 3922 1351 3980 nato
1421 3915 1744 4001 quondam
1814 3916 2158 4000 Dankerdi
2219 3919 2548 3984 Johannis
2593 3917 3002 4004 presbytero,
3072 3919 3481 3984 baccalaureo
3530 3919 3601 3981 in

750 4021 1043 4105 decretis,
1106 4022 1194 4086 ad
1246 4025 1622 4089 instantiam
1666 4024 1726 4089 J
1720 4025 2011 4090 channae
2055 4029 2311 4112 reqinae
2356 4027 2762 4093 Francorum
2807 4026 3139 4109 confertur
3184 4026 3592 4090 canonicatus
3647 4075 3649 4078 v

753 4136 814 4193 et
856 4137 1221 4194 reservatur
1255 4130 1627 4216 praebenda
1672 4133 1743 4195 in
1788 4134 2045 4197 ecclesia
2100 4132 2286 4216 Traj.
2338 4170 2420 4181 —
2470 4133 2890 4218 Deputantur
2934 4140 3305 4197 executores.

754 4312 1153 4379 Litterarum
1202 4315 1496 4380 scientia.
1524 4362 1542 4380 .
1569 4362 1585 4379 .
1614 4362 1631 4380 .
1680 4315 1836 4381 Dat.
1884 4317 2251 4398 Avinione,
2300 4316 2401 4381 VI
2445 4315 2545 4381 Id.
2597 4316 2858 4399 Marcii,
2906 4335 3078 4381 anno
3126 4316 3351 4380 tercio.

946 4430 1069 4494 Rey.
1106 4433 1204 4480 Ao.
1249 4432 1303 4480 T.
1337 4428 1429 4492 11,
1453 4432 1511 4495 s.
1550 4430 1692 4481 3870.

527 4846 987 4915 1806—1807.
1514 4852 1727 4934 1365,
1777 4851 2013 4916 Martii
2060 4854 2142 4916 11
2166 4902 2183 4935 ,
2232 4853 2601 4917 Avenionis.

843 5001 924 5067 A.
994 5003 1227 5088 Eqidio
1288 5004 1364 5069 de
1425 5002 1766 5069 Oestkerke
1815 5008 2135 5071 licentiato
2182 5008 2254 5069 in
2300 5005 2565 5070 decretis
2611 5005 3035 5087 conferuntur
3080 5007 3490 5070 canonicatus
3538 5011 3598 5068 et

741 5109 1109 5191 praebenda
1155 5110 1442 5173 ecclesiae
1489 5108 1557 5173 S.
1608 5109 1798 5175 Petri
1849 5110 2065 5196 Traj.,
2115 5131 2279 5196 quas
2326 5132 2466 5175 cum
2509 5112 2662 5176 olim
2697 5131 2823 5194 per
2861 5110 3098 5174 obitum
3136 5108 3409 5176 Henrici
3444 5110 3601 5174 dicti

757 5214 935 5279 Gans
981 5224 1338 5299 vacassent,
1396 5215 1793 5281 Laurentius
1838 5226 2031 5283 natus
2077 5218 2396 5304 quondam
2451 5217 2838 5303 Olaymanni
2880 5216 2956 5281 de
3003 5216 3080 5280 N
3074 5216 3399 5282 uwelande
3448 5216 3594 5301 ἱερᾶ-

757 5323 901 5386 time
959 5321 1319 5387 obtinuerat
1376 5330 1437 5388 et
1471 5343 1601 5407 pro
1637 5332 1956 5409 perpetua
2002 5325 2368 5410 capellania
2413 5324 2469 5390 b.
2519 5323 2778 5388 Mariae
2822 5325 2893 5387 in
2954 5322 3222 5386 Woerde
3266 5343 3406 5386 cum
3453 5324 3591 5406 ipso

753 5425 986 5513 Eyidio
1019 5430 1285 5512 putavit
1317 5429 1807 5513 permutandae.

843 5533 922 5599 Β.
993 5533 1215 5600 Eidem
1248 5534 1604 5600 Laurentio
1642 5536 1975 5618 confertur
2005 5544 2323 5620 perpetua
2355 5537 2717 5620 capellania
2751 5534 2803 5598 b.
2836 5533 3095 5598 Mariae
3124 5536 3193 5597 in
3222 5532 3595 5618 parochiali

752 5641 1004 5706 ecclesia
1048 5641 1124 5706 de
1185 5640 1448 5707 Woerde
1501 5641 1682 5726 Traj.
1729 5642 1916 5707 dioec.
1972 5678 2054 5691 —
2103 5641 2244 5706 Pro
2288 5649 2559 5727 utroque
2603 5641 2997 5725 deputantur
3042 5646 3411 5704 executores.
