4450 6684
1785 511 2245 575 Innocnurms
2287 506 2409 572 VI.
3539 505 3619 569 8¹1

561 726 758 795 1563.
1469 730 1681 811 1356,
1728 728 1907 793 Julii
1949 729 2028 810 2,
2074 746 2180 810 ap.
2244 724 2731 789 Villamnovam.

879 878 1170 944 Goswino
1230 880 1307 944 de
1367 879 1704 965 Duysborq
1770 880 2189 962 conferuntur
2255 879 2659 942 canonicatus
2725 883 2784 941 et
2841 876 3208 961 praebenda
3254 879 3323 941 in
3368 878 3625 942 ecclesia

796 984 1182 1069 Trajectensi
1248 993 1539 1050 vacantes
1594 1006 1720 1070 per
1788 985 2021 1049 obitum
2089 982 2412 1049 Johannis
2480 983 2637 1047 dicti
2697 982 2989 1047 Moliart.
3059 1020 3141 1031 —
3207 983 3622 1068 Deputantur

782 1098 1150 1155 executores.

782 1272 1179 1360 Multiplicia
1240 1272 1606 1360 probitatis.
1636 1320 1651 1337 .
1680 1318 1698 1337 .
1727 1319 1744 1338 .
1814 1272 1970 1340 Dat.
2032 1272 2209 1360 apud
2271 1271 2754 1338 villamnovam
2817 1277 2927 1336 etc.
2945 1318 2965 1354 ‚
3027 1269 3129 1335 VI
3187 1270 3358 1336 Non.
3421 1269 3586 1336 Julii
3606 1318 3626 1354 ‚

564 1398 736 1443 anno
784 1383 1039 1464 quarto.

981 1493 1106 1556 Ray.
1147 1494 1239 1544 Ao.
1283 1495 1338 1544 T.
1371 1492 1460 1555 14,
1488 1494 1552 1557 f.
1585 1491 1704 1544 250.

562 1973 754 2042 1564.
1023 1953 1034 1965 ’
1436 1976 1650 2058 1356,
1697 1975 1874 2040 June
1917 1976 2042 2057 16,
2091 1996 2197 2060 ap.
2261 1975 2750 2041 villamnovam.

874 2126 1109 2212 Eqidio
1153 2126 1435 2213 Waspar
1474 2129 1802 2214 capellano
1835 2128 2025 2193 Petri
2053 2130 2326 2214 episcopi
2359 2128 2765 2192 Praenestini
2793 2127 3212 2209 confirmatur
3242 2131 3615 2213 acceptatio,

789 2253 983 2318 quam
1043 2235 1254 2318 viyore
1311 2236 1751 2300 reservationis
1811 2235 2189 2319 apostolieae
2217 2236 2267 2318 ¹)
2329 2235 2480 2317 fecit
2540 2233 2617 2297 de
2663 2233 3031 2317 praebenda
3088 2241 3148 2298 et
3190 2235 3618 2318 supplemento

786 2339 1155 2404 vacantibus
1200 2342 1270 2405 in
1316 2342 1569 2405 ecclesia
1621 2341 2009 2423 Trajectensi
2039 2361 2165 2426 per
2210 2339 2447 2404 obitum
2506 2338 2769 2403 Wesseli
2812 2339 2889 2403 de
2932 2338 3239 2404 Bochout.

782 2536 1118 2604 Honostas
1179 2559 1452 2604 morum.
1486 2588 1502 2605 .
1529 2587 1547 2605 .
1573 2587 1591 2605 .
1653 2540 1808 2606 Dat.
1871 2537 2042 2626 apud
2108 2538 2598 2604 Villamnovam
2658 2545 2767 2603 etc.
2787 2586 2806 2622 ,
2868 2537 3074 2605 XV'H
3133 2538 3245 2604 Kl.
3292 2537 3582 2625 Augusti
3603 2586 3622 2621 ‚

561 2662 735 2708 anno
782 2648 1038 2731 quarto.

973 2760 1102 2823 neq.
1134 2762 1233 2812 Ao.
1275 2762 1333 2811 T.
1365 2759 1456 2825 13,
1480 2763 1540 2826 f.
1574 2758 1691 2811 275.

714 2875 769 2942 1)
804 2876 911 2928 Ctr.
944 2891 1108 2943 supra
1141 2892 1292 2929 num.
1324 2877 1474 2930 1450.

561 3245 755 3314 1565.
1402 3251 1614 3334 1356,
1663 3249 1947 3335 Auyusti
1990 3251 2066 3333 9,
2113 3270 2219 3334 ap.
2285 3249 2770 3315 Villamnovam.

870 3399 1124 3464 Decano
1183 3402 1469 3466 ecclesiae
1520 3400 1588 3465 S.
1638 3400 1894 3467 Mariae
1947 3401 2129 3486 Traj.
2178 3405 2613 3486 committitur,
2659 3410 2733 3468 ut
2782 3403 3073 3468 Gerardo
3118 3403 3195 3469 de
3254 3403 3423 3469 Veno
3447 3452 3465 3487 ‚
3511 3406 3620 3469 cui

784 3501 844 3567 J
837 3504 1113 3570 ohannes
1171 3509 1494 3592 episeopus
1564 3506 1748 3589 Traj.
1813 3510 2256 3573 reservationis
2318 3510 2697 3593 apostolieae
2758 3511 3025 3595 iynarus
3071 3510 3427 3574 contulerat
3471 3509 3627 3573 olim

780 3613 1216 3675 canonicatum
1260 3618 1321 3677 et
1353 3611 1816 3697 praebendam,
1854 3616 2379 3698 praeposituram
2418 3622 2478 3679 et
2507 3614 3094 3681 archidiaconatum
3126 3616 3411 3680 ecclesiae
3440 3615 3620 3679 Arn-

782 3715 1114 3798 hemensis‚
1159 3717 1246 3780 ad
1288 3719 1491 3802 ipsius
1536 3718 2004 3803 dispositionem
2047 3727 2395 3805 spectantes
2441 3728 2500 3786 et
2548 3728 2695 3784 tunc
2738 3729 3030 3785 vacantes
3074 3742 3190 3807 per
3235 3721 3471 3786 obitum
3500 3719 3620 3785 Jo-

783 3819 1017 3886 hannis
1061 3821 1368 3905 Moliart‚
1417 3824 1630 3888 eadem
1678 3824 1970 3907 beneficia
2016 3824 2094 3888 de
2136 3846 2294 3890 novo
2341 3828 2635 3911 assiqnet.

779 4001 1071 4089 Dignum
1132 4003 1546 4068 arbitramur.
1575 4052 1590 4068 .
1616 4049 1634 4070 .
1661 4050 1678 4069 .
1742 4004 1895 4070 Non
1963 4005 2382 4071 obstantibus
2430 4051 2448 4069 .
2475 4052 2491 4068 .
2520 4051 2537 4068 .
2566 4052 2581 4069 .
2646 4003 2820 4092 quod
2868 4003 3044 4071 idem
3090 4003 3421 4071 Gerardus
3467 4027 3615 4092 prc-

561 4105 731 4172 dictc
790 4107 1231 4193 'I'rajectsnsis
1292 4128 1440 4174 cum
1505 4109 1961 4196 supplemento
2027 4131 2102 4175 ac
2168 4110 2675 4176 Stoenwicensis
2722 4109 3013 4197 predicte
3061 4108 3357 4196 dyocesis
3404 4112 3611 4175 eccls-

558 4212 794 4278 siarum
854 4213 1278 4279 canonicatus
1346 4218 1415 4279 ot
1475 4214 1883 4300 praebendas
1936 4215 2192 4281 obtinet
2240 4223 2309 4281 ct
2355 4236 2553 4302 super
2598 4215 2882 4302 quodam
2926 4222 3244 4302 perpetuo
3290 4214 3611 4281 beneficio

560 4339 690 4383 non
747 4325 972 4384 curato
991 4369 1010 4403 ,
1057 4324 1414 4406 personatu
1462 4326 1838 4406 nuncupato
1856 4369 1874 4404 ,
1919 4320 1990 4385 in
2037 4320 2313 4386 ccclesia
2360 4320 2752 4408 parrochiali
2801 4320 2979 4386 beati
3024 4320 3293 4386 Martini
3340 4319 3413 4384 in
3458 4320 3623 4386 Gro-

566 4425 892 4511 nincghcn
938 4425 1087 4510 (sic)
1134 4423 1308 4491 dicte
1360 4422 1656 4512 dyocesis
1702 4432 1770 4491 tc
1809 4426 2041 4491 asserit
2076 4426 2359 4511 litigare.
2388 4474 2403 4491 .
2430 4474 2448 4492 .
2475 4474 2492 4491 .
2540 4427 2693 4493 Dat.
2737 4425 2911 4513 apud
2949 4426 3431 4492 villamnovam
3473 4433 3619 4510 eta,

557 4533 621 4597 V
667 4532 764 4597 Id.
809 4532 1136 4619 Augusti,
1182 4554 1356 4599 anno
1404 4539 1660 4620 quarto.

973 4668 1101 4733 Ray.
1133 4670 1233 4719 Ao.
1276 4670 1332 4718 Τ.
1365 4666 1457 4732 14,
1484 4670 1543 4733 s.
1579 4667 1695 4719 152.

551 5136 748 5206 1566.
1372 5140 1582 5220 1356,
1630 5138 1914 5223 Augusti
1959 5138 2079 5217 27,
2127 5157 2234 5220 ap.
2300 5133 2789 5199 Villamnovam.

866 5290 1265 5357 Cancellario
1312 5292 1598 5357 ecclesiae
1644 5290 2036 5355 Parisiensis
2083 5290 2519 5371 committitur,
2566 5294 2640 5351 ut
2674 5285 2961 5351 Guidoni
3001 5285 3079 5349 de
3108 5286 3396 5369 Anqiaco
3426 5305 3616 5350 cano-

777 5399 913 5461 nico
957 5396 1228 5462 Metensi
1273 5396 1562 5478 conferat
1599 5398 2118 5482 praeposituram
2164 5402 2225 5461 et
2263 5394 2852 5460 archidiaconatum
2882 5392 3168 5456 ecclesiae
3196 5389 3619 5454 Embricensis

773 5510 1064 5567 vacantes
1111 5523 1238 5588 per
1297 5501 1532 5567 obitum
1593 5501 1822 5567 Jacobi
1880 5502 1957 5567 de
2015 5502 2345 5586 Anqiaeo,
2411 5503 2593 5584 cujus
2655 5497 2947 5580 beneficia
2991 5497 3093 5562 die
3136 5498 3175 5561 1
3227 5495 3462 5561 Martii
3504 5517 3616 5561 an.

779 5609 955 5674 1354
1001 5608 1333 5674 donationi
1374 5608 1539 5673 sedis
1584 5610 1963 5694 apostolicae
2006 5615 2193 5672 erant
2237 5614 2580 5673 reservata.

775 5745 862 5804 H.
3327 5739 3395 5797 11
