4450 6684
766 487 856 550 06
1985 482 2445 547 Innocnnrms
2490 483 2610 546 Vl.

761 785 957 855 1502.
1765 788 1977 867 1354,
2033 783 2269 850 Martii
2314 787 2434 868 31,
2478 785 2845 850 AvenioniS.

1079 943 1538 1027 Infra-seriptis
1584 941 1953 1023 mandatur,
2005 950 2077 1007 ut
2115 945 2172 1006 si
2211 941 2502 1027 empedire
2540 940 2843 1022 viderint,
2886 941 3267 1004 auctoritate
3305 939 3651 1023 apostoliea
3694 957 3838 1002 oon·

989 1053 1244 1134 fi'rment
1289 1058 1712 1132 contractum,
1760 1071 1884 1136 quo
1934 1050 2255 1135 quondam
2294 1049 2665 1115 Anibaldus
2712 1049 3036 1132 episcopus
3092 1046 3495 1111 Tusculanus
3532 1046 3840 1132 paludem

989 1167 1104 1224 aut
1172 1179 1387 1222 nemus
1440 1159 1934 1243 praepositurae
1990 1156 2471 1222 Daventriensis
2519 1154 2895 1242 quibusdam
2944 1152 3253 1218 nobilibus
3300 1152 3582 1217 vendidit
3626 1155 3725 1218 vel
3769 1155 3837 1218 in

987 1288 1234 1332 censum
1279 1269 1404 1331 sive
1449 1267 1517 1329 in
1562 1264 2015 1350 emphyteusim
2063 1264 2260 1329 dedit.

990 1451 1267 1518 Dilectis
1313 1450 1465 1516 filiis
1514 1498 1530 1514 .
1560 1498 1576 1514 .
1627 1451 1836 1516 sancti
1869 1450 2232 1516 Salvatoris
2267 1450 2710 1536 Trajectensis
2745 1454 2813 1513 et
2846 1447 3355 1535 Zutphaniensis
3387 1446 3834 1533 Trajectensis

768 1559 1047 1627 diocesis
1119 1558 1383 1625 decanis
1458 1579 1533 1623 ac
1597 1558 1938 1624 scolastico
2004 1557 2303 1643 ejusdem
2367 1556 2881 1643 Zutphaniensis
2946 1556 3368 1621 ecclesiarum
3432 1555 3712 1621 salutem
3773 1559 3841 1619 et

766 1668 1194 1757 apostolicam
1241 1664 1796 1731 benedictionem.

995 1772 1405 1858 Significavit
1451 1772 1641 1836 nobis
1688 1771 1971 1838 dilectus
2019 1772 2192 1837 filius
2242 1777 2466 1837 noster
2512 1771 2826 1837 Nicolaus
2874 1770 3051 1834 tituli
3100 1769 3325 1835 Sancti
3371 1769 3612 1835 Vitalis
3660 1788 3836 1855 pres·

768 1883 962 1968 byter
1023 1879 1425 1961 cardinalia,
1490 1878 1666 1965 quod
1733 1879 1886 1944 olim
1910 1930 1927 1962 ,
1994 1879 2149 1943 dum
2198 1880 2373 1944 bone
2421 1879 2737 1943 memorie
2783 1877 3155 1943 Anibaldus
3203 1877 3546 1964 episcopus
3592 1877 3839 1969 Tuscu-

760 1991 952 2054 lanus
1015 1987 1495 2074 preposituram
1559 1987 1836 2052 ecclesie
1901 1986 2404 2052 Davantriensis
2468 1984 2912 2070 Trajectensis
2960 1984 3237 2049 diocesis
3284 2005 3371 2050 ex
3418 1984 3838 2049 concessione

771 2102 840 2162 et
889 2093 1375 2180 dispensatione
1423 2091 1597 2157 sedis
1647 2093 2005 2180 apostolice
2050 2092 2384 2158 obtineret
2414 2093 2496 2176 ¹),
2545 2091 2828 2179 quedam
2875 2092 3064 2179 palus
3098 2111 3216 2156 seu
3247 2090 3576 2177 quoddam
3609 2111 3840 2157 nemus

771 2201 1070 2288 ejusdem
1132 2200 1544 2287 prepositure
1613 2222 1760 2265 cum
1824 2201 2022 2285 lignis
2082 2207 2150 2265 et
2208 2200 2550 2266 arboribus
2599 2219 2796 2285 super
2843 2199 2959 2263 illa
3004 2219 3123 2263 seu
3168 2198 3281 2262 illo
3331 2198 3842 2264 consistentibus

773 2331 892 2398 per
938 2289 1266 2396 quendam
1315 2314 1810 2393 procuratorem
1856 2310 2065 2394 ipsius
2114 2308 2405 2396 episcopi
2454 2313 2522 2373 et
2571 2307 2652 2373 de
2695 2307 2902 2394 ipsius
2935 2306 3258 2392 episcopi,
3306 2307 3477 2370 sicut
3508 2306 3840 2387 asseritur,

767 2414 1077 2481 mandato
1144 2414 1417 2497 vendita
1480 2436 1596 2479 seu
1661 2414 1743 2479 ad
1811 2436 2080 2480 censum
2145 2416 2283 2480 sive
2343 2416 2412 2479 in
2472 2414 2931 2500 emphiteosim
2980 2412 3135 2477 data
3181 2432 3298 2477 seu
3344 2413 3563 2477 locata
3606 2411 3844 2497 imper-

775 2527 1051 2610 petuum
1101 2521 1331 2586 extitit
1379 2520 1636 2586 dilectis
1685 2521 1835 2586 filiis
1884 2522 2216 2587 nobilibus
2264 2522 2419 2586 viris
2460 2520 2918 2586 Henrico·Ooc
2952 2524 3020 2585 et
3052 2519 3389 2605 Stephano
3423 2519 3505 2584 de
3537 2519 3843 2584 Bunnem

769 2629 1121 2710 militibus,
1175 2627 1469 2692 Johanni
1516 2627 1646 2693 Coc
1694 2633 1764 2694 et
1810 2628 2172 2694 Guillermo
2223 2627 2305 2693 de
2346 2627 2727 2709 Zunderen,
2778 2628 3114 2712 armigeris
3148 2625 3322 2691 dicte
3355 2625 3667 2709 diocesis,
3715 2627 3837 2690 sub

769 2734 893 2798 hac
938 2733 1147 2798 forma
1193 2733 1532 2817 videlicet,
1583 2734 1757 2819 quod
1794 2734 1970 2798 dicta
2003 2734 2184 2819 ligna
2212 2734 2396 2798 lucro
2433 2733 2753 2799 dictorum
2787 2733 3105 2798 nobilium
3140 2732 3450 2798 cederent
3484 2738 3551 2797 et
3587 2732 3845 2798 territo-

773 2841 942 2904 rium
991 2838 1163 2905 dicte
1214 2838 1472 2926 paludis
1515 2860 1717 2929 penes
1759 2840 1935 2927 ipsos
1974 2846 2043 2905 et
2075 2861 2483 2906 successores
2516 2842 2804 2926 ipsorum
2838 2840 2959 2903 sub
2994 2844 3171 2904 certo
3206 2859 3408 2904 censu
3441 2860 3559 2904 seu
3591 2859 3842 2904 canone

774 2967 1025 3028 annu0,
1073 2946 1233 3032 ipsis
1276 2966 1407 3010 non
1442 2946 1850 3011 cessantibus
1881 2948 1952 3011 in
1985 2948 2389 3012 solucionem
2423 2967 2689 3029 census,
2740 2947 3009 3011 canonis
3042 2967 3158 3011 seu
3192 2966 3472 3028 summe,
3522 2950 3844 3034 perpetuo

772 3058 1181 3135 remaneret,
1248 3051 1630 3117 dilectorum
1703 3052 1985 3118 filiorum
2034 3054 2306 3141 capituli
2358 3053 2530 3117 dicte
2580 3053 2854 3117 ecclesie
2903 3073 3227 3118 consensu
3274 3051 3357 3117 ad
3404 3051 3530 3116 hoc
3574 3053 3845 3117 minime

780 3159 1094 3245 requisito
1158 3158 1431 3243 aliisque
1497 3156 1738 3224 debitis
1806 3159 2332 3224 solemnitatibus
2394 3180 2529 3223 non
2595 3158 2901 3241 servatis;
2966 3164 3034 3224 et
3093 3158 3267 3244 quod
3314 3158 3489 3223 idem
3535 3158 3877 3224 Nicolaus‘

782 3265 1184 3348 Cardinalis,
1243 3265 1355 3350 qui
1413 3270 1564 3352 post
1609 3265 2152 3353 ipsiusepiscopi
2203 3267 2455 3330 obitum
2504 3266 2984 3352 preposituram
3032 3265 3240 3351 ipsam
3288 3285 3375 3330 ex
3425 3264 3845 3331 concessione

776 3370 1135 3456 apostolica
1196 3369 1483 3434 obtinuit
1509 3369 1614 3459 2),⁴
1646 3376 1843 3455 prout
1893 3371 2185 3451 obtinet,
2237 3370 2687 3436 venditionem
2736 3392 2854 3435 seu
2902 3368 3297 3434 locationem
3347 3375 3462 3434 aut
3509 3369 3846 3434 dationem

778 3476 1140 3564 predictam
1187 3480 1396 3540 ratam
1446 3495 1580 3540 non
1627 3476 1862 3541 habuit
1909 3498 2030 3541 nec
2079 3484 2415 3564 acceptam
2440 3527 2456 3559 ,
2524 3477 2816 3563 quinimo
2870 3476 3270 3541 territorium
3318 3475 3693 3563 supradicte
3742 3496 3854 3563 pa-

774 3584 948 3648 ludis
1011 3582 1092 3646 ad
1158 3581 1402 3647 dictam
1465 3583 1948 3668 preposituram
2011 3585 2192 3649 nisus
2257 3585 2382 3648 fuit
2430 3586 2499 3649 in
2548 3590 2867 3671 quantum
2915 3583 3132 3669 potuit
3177 3604 3508 3649 revocare.
3601 3584 3851 3650 Verum

775 3710 932 3755 cum
988 3688 1200 3755 eidem
1261 3688 1596 3754 Cardinali
1655 3710 1773 3775 per
1818 3690 2073 3776 aliquos
2122 3692 2524 3775 affirmetur,
2576 3691 2751 3778 quod
2800 3690 2978 3756 dicta
3023 3691 3316 3757 venditio
3366 3699 3689 3779 perpetua
3735 3713 3853 3758 seu

795 3796 878 3861 ad
928 3817 1195 3862 censum
1245 3796 1382 3862 sive
1428 3797 1499 3860 in
1546 3796 2006 3884 emphiteosim
2054 3797 2266 3881 datio,
2315 3799 2369 3863 si
2419 3820 2774 3864 consensus
2822 3799 3093 3885 capituli
3138 3799 3586 3885 predictorum»
3631 3805 3700 3865 et
3731 3800 3863 3866 alie

779 3903 1229 3968 solemnitates
1295 3902 1517 3968 debite
1583 3904 1652 3967 in
1715 3904 1839 3969 hoc
1904 3905 2420 3970 intervenissent
2470 3912 2538 3971 et
2586 3906 2879 3992 precium
2928 3926 3290 3991 congruum
3339 3928 3457 3972 seu
3503 3928 3741 3973 census
3788 3914 3858 3973 et

784 4010 1013 4098 pensio
1084 4029 1306 4074 annua
1370 4010 1687 4074 solvenda
1748 4012 2159 4098 prepositure
2222 4011 2516 4100 predicte
2583 4013 2664 4078 de
2725 4033 3048 4078 consensu
3094 4013 3378 4099 partium
3428 4015 3860 4079 constitutum

779 4117 887 4182 vel
938 4117 1300 4182 constituta
1348 4116 1581 4181 fuisset
1627 4118 1732 4182 vel
1787 4117 1867 4182 de
1916 4139 2086 4183 novo
2136 4120 2689 4203 constitueretur,
2737 4119 2914 4184 idem
2962 4126 3337 4185 contractus
3387 4122 3528 4187 sine
3577 4121 3862 4209 dampno

792 4223 1206 4309 prepositure
1254 4222 1549 4309 predicte
1598 4223 1969 4289 celebratus
2001 4225 2231 4311 utique
2265 4227 2633 4309 extitisset,
2685 4226 2898 4291 dictus
2929 4227 3240 4292 Nicolaus
3272 4227 3641 4293 Cardinalis
3675 4227 3863 4293 nobis

788 4329 1126 4394 humiliter
1193 4329 1623 4415 supplicavit,
1693 4337 1768 4393 ut
1825 4351 2023 4417 super
2068 4331 2195 4395 hiis
2244 4332 2587 4419 providere
2636 4339 2915 4418 paterna
2960 4332 3375 4399 solicitudine
3425 4335 3862 4419 dignaremur.

781 4436 920 4501 Nos
985 4437 1243 4523 itaque,
1314 4435 1396 4501 de
1461 4437 1794 4523 premissis
1843 4438 2152 4502 noticiam
2201 4459 2335 4504 non
2383 4440 2707 4504 habentes
2757 4446 2825 4506 et
2873 4440 2955 4506 de
3004 4442 3590 4528 circumspectione
3640 4448 3859 4508 ‘vestra

785 4549 1092 4629 gerentes
1158 4545 1228 4607 in
1291 4543 1419 4608 hiis
1489 4549 1558 4609 et
1607 4544 1750 4607 aliis
1798 4544 1867 4608 in
1915 4545 2201 4611 Domino
2249 4545 2559 4612 fiduciam
2608 4548 2998 4633 specialem,
3046 4569 3163 4635 per
3210 4549 3570 4636 apostolica
3618 4550 3859 4635 scripta

785 4650 971 4715 vobis
1036 4650 1506 4715 committimus
1575 4656 1642 4716 et
1707 4651 2134 4735 mandamus,
2198 4654 2509 4738 quatinus
2573 4654 2656 4719 de
2718 4655 3049 4740 premissis
3116 4655 3419 4720 omnibus
3475 4660 3544 4721 et
3588 4655 3865 4741 singulis

792 4778 911 4822 vos
959 4757 1341 4843 diligentius
1389 4757 1741 4823 informare
1790 4761 2061 4844 curetis,
2111 4766 2179 4826 et
2225 4761 2281 4824 si
2328 4783 2445 4848 per
2478 4762 3006 4828 informationem
3037 4763 3412 4849 hujusmodi
3445 4763 3529 4829 ad
3561 4784 3859 4847 censum,

795 4864 1131 4929 dationem
1178 4886 1297 4930 seu
1343 4870 1735 4953 perpetuam
1783 4867 2178 4933 locationem
2224 4869 2607 4954 premissam
2656 4871 2759 4934 vel
2813 4871 3005 4935 aliam
3057 4869 3139 4936 de
3178 4892 3348 4936 novo
3390 4872 3637 4937 eisdem
3677 4872 3863 4937 nobi-

784 4973 959 5037 libus
1025 4992 1142 5037 seu
1206 4973 1504 5058 personis
1570 4972 1714 5037 aliis
1776 4973 2143 5039 faciendam
2190 4996 2308 5061 pro
2359 4977 2779 5042 convenienti
2829 4998 3029 5042 censu
3077 4999 3195 5043 seu
3244 4999 3464 5044 annua
3508 4979 3864 5066 pensione,

787 5076 878 5142 ad‘
936 5078 1061 5142 hoc
1128 5077 1448 5144 dictorum
1514 5078 1788 5166 capituli
1852 5080 2323 5146 intervenienti
2370 5084 2519 5167 (sio)
2568 5104 2929 5167 consensu,
2978 5085 3331 5171 procedere
3381 5106 3529 5149 cum
3577 5085 3865 5149 utilitate

791 5187 1204 5272 prepositure
1252 5186 1587 5274 predicte,
1639 5187 2053 5254 considerata
2097 5190 2441 5275 presertim
2490 5191 2867 5257 conditione
2920 5192 3234 5278 temporis
3281 5214 3456 5257 nunc
3504 5193 3863 5273 currentis,

790 5294 1203 5381 repereritis,
1272 5315 1468 5382 super
1532 5317 1660 5381 quo
1727 5302 1979 5378 vestras
2043 5297 2477 5362 conscientias
2543 5319 2931 5381 oneramus,
2996 5299 3423 5365 confirmandi
3471 5299 3863 5365 auctoritate

788 5406 1014 5465 nostra
1077 5408 1144 5466 et
1212 5401 1550 5466 validandi
1613 5423 1689 5467 ac
1752 5402 1959 5467 eciam
2023 5402 2430 5489 approbandi
2489 5404 2885 5470 locationem
2943 5411 3059 5470 aut
3107 5406 3441 5472 dationem
3487 5404 3865 5492 hujusmodi

786 5507 1027 5572 factam
1089 5509 1231 5592 vel,
1301 5514 1376 5572 ut
1440 5509 1875 5596 premittitur,
1943 5509 2307 5574 faciendam
2364 5515 2432 5573 et
2478 5510 2747 5597 insuper
2795 5511 3121 5578 adiciendi
3169 5534 3409 5601 penas,
3459 5513 3541 5578 de
3590 5513 3863 5599 quibus,

793 5614 848 5678 si
894 5615 963 5678 in
1013 5615 1470 5702 emphiteosim
1520 5616 1957 5681 conductores
2005 5617 2074 5680 in
2122 5617 2449 5682 solutione
2500 5624 2822 5683 convente
2859 5619 3190 5705 pensionis
3224 5640 3339 5685 seu
3374 5640 3607 5685 census
3639 5619 3864 5705 hujus-
