4450 6684
303 3863 695 3929 Dispensationes

361 3948 502 3997 super
536 3932 647 3981 aliis

310 4000 694 4064 impedimentis.

703 536 871 584 ηπ
1986 521 2470 587 Irraonucno.

928 737 1454 824 Dispensationis
1514 760 1713 828 super
1770 739 2341 827 consanguinitate
2401 740 2507 805 vel
2570 740 2888 807 affinitate
2950 742 3019 806 in
3083 742 3279 807 tertio
3335 741 3544 828 gradu
3599 764 3748 809 cum

705 847 938 927 quarto
1001 843 1209 907 mixto
1273 842 1574 907 similiter
1626 865 1870 931 paucos
1917 865 2104 909 casus
2151 843 2470 909 habemus
2518 845 2745 909 obvios
2790 847 3067 927 (numm.
3116 848 3277 927 456,
3327 848 3490 929 968,
3546 849 3751 929 1127,

712 946 949 1029 1220);
1010 947 1122 1033 qui
1185 946 1461 1032 singuli,
1524 948 1887 1034 penultimo
1949 948 2089 1012 solo
2138 954 2456 1035 excepte,
2505 947 2588 1013 ad
2637 955 2928 1014 oratores
2976 950 3345 1036 principum
3391 951 3498 1016 vel
3546 950 3752 1016 nobili

707 1051 938 1115 saltem
1009 1070 1251 1137 genere
1314 1051 1698 1137 conspicuos
1760 1052 2115 1140 pertinent.
2206 1050 2417 1116 Immo
2481 1052 2623 1138 ipsa
2683 1054 2753 1117 in
2813 1060 3047 1140 quarto
3095 1052 3301 1139 gradu
3348 1054 3752 1143 dispensatio

706 1155 967 1240 saepius
1028 1153 1293 1240 quidem
1356 1154 1758 1242 principibus
1804 1162 1872 1221 et
1919 1155 2251 1220 nobilibus
2297 1176 2608 1221 concessa
2651 1156 2922 1241 legitur,
2970 1158 3296 1224 rarissime
3343 1180 3499 1225 vero
3547 1159 3754 1224 homi-

707 1258 900 1323 nibus
946 1260 1151 1324 nobili
1198 1279 1440 1344 genere
1487 1260 1893 1341 carentibus,
1930 1260 2140 1345 iisque
2180 1260 2442 1325 nonnisi
2481 1264 2632 1345 post
2670 1261 2935 1348 nuptias
2973 1263 3114 1346 jam
3156 1268 3354 1327 antea
3392 1262 3755 1328 celebratas

703 1364 977 1445 (numm.
1045 1364 1208 1445 796,
1275 1365 1442 1446 944,
1512 1366 1731 1447 1223).
1823 1363 1959 1430 Cur
2004 1369 2223 1428 autem
2272 1384 2430 1449 prae
2475 1365 2751 1429 caeteris
2799 1372 2868 1430 et
2914 1366 3101 1452 quasi
3149 1366 3485 1431 exclusive
3531 1366 3752 1453 papali

706 1487 903 1551 super
949 1467 1434 1553 impedimentis
1480 1468 1876 1532 matrimonii
1922 1467 2415 1554 dispensatione
2462 1468 2643 1533 fruiti
2683 1468 2816 1532 sint
2855 1490 3186 1554 proceres,
3214 1470 3267 1551 ι)
3315 1469 3504 1535 facile
3547 1471 3756 1557 expli-

706 1579 912 1636 catur.
980 1571 1244 1637 Etenim
1292 1573 1360 1636 in
1408 1572 1723 1658 rescripto
1770 1572 2105 1658 pontificio
2156 1578 2488 1658 tamquam
2534 1574 2799 1659 propria
2845 1572 3351 1659 dispensationis
3400 1574 3567 1639 ratio
3617 1575 3755 1639 sive

709 1696 908 1741 causa
951 1678 1304 1741 maximam
1351 1677 1481 1741 vim
1527 1676 1770 1742 habere
1817 1677 1986 1742 solet
2039 1676 2321 1757 „bonum
2370 1675 2593 1764 pacis”
2639 1677 2813 1742 inter
2860 1678 3101 1741 amicos
3133 1684 3202 1743 et
3232 1679 3754 1764 consanguineos

710 1780 1029 1866 cujusque
1076 1779 1524 1846 contrahentis
1570 1779 2006 1866 reparandum
2038 1781 2144 1845 vel
2177 1780 2663 1845 stabiliendum.
2725 1780 2858 1845 Sed
2892 1780 3224 1846 Ecclesiae
3257 1787 3326 1846 et
3357 1781 3755 1868 reipublicae

709 1904 843 1948 non
890 1890 1148 1948 tantum
1194 1885 1414 1950 valere
1461 1884 1706 1949 bonum
1754 1884 1931 1969 pacis
1978 1884 2151 1949 inter
2197 1885 2495 1950 homines
2542 1886 2866 1971 plebejos,
2917 1907 3110 1972 quam
3159 1887 3213 1950 si
3244 1888 3418 1952 inter
3447 1890 3752 1972 potentes

708 1994 775 2052 et
824 1989 1079 2053 nobiles
1127 1989 1371 2054 servari
1417 1989 1794 2073 contingat,
1844 1989 2017 2054 ultro
2064 1991 2366 2074 patescit.

932 2092 1011 2157 In
1076 2094 1292 2180 specie
1357 2092 1617 2158 demum
1665 2092 1880 2157 adhuc
1929 2092 2220 2156 notanda
2266 2092 2528 2157 videtur
2574 2093 2977 2180 dispensatio
3025 2095 3119 2158 ita
3166 2094 3343 2159 dicta
3387 2094 3754 2179 generalis,

708 2217 902 2282 quam
949 2218 1421 2284 nonnunquam
1467 2197 1871 2284 principibus
1919 2217 2276 2283 eorumque
2323 2197 2474 2260 filiis
2521 2197 2862 2263 filiabusve
2909 2197 3132 2262 datam
3173 2199 3450 2283 legimus
3483 2200 3753 2282 (numm.

707 2303 874 2383 208,
925 2305 1087 2385 589,
1136 2304 1300 2383 595,
1354 2302 1529 2383 759).
1608 2302 1752 2365 Tali
1799 2302 1868 2365 in
1916 2300 2405 2386 dispensatione
2453 2322 2693 2366 nomen
2739 2303 3080 2389 utriusque
3127 2303 3235 2368 vel
3281 2304 3513 2367 saltem
3561 2302 3755 2366 unius

708 2407 1155 2471 contrahentis
1222 2406 1488 2470 minime
1552 2405 1914 2490 designari,
1980 2403 2095 2468 sed
2157 2406 2560 2489 generatim,
2623 2413 2699 2469 ut
2758 2426 2906 2470 cum
2965 2407 3183 2493 aliquo
3232 2407 3438 2471 nobili
3487 2426 3760 2470 consan-

708 2511 948 2596 guineo
1011 2510 1117 2574 vel
1163 2510 1341 2574 affini
1390 2509 1876 2573 matrimonium
1922 2509 2087 2573 inire
2132 2509 2393 2590 liceret,
2441 2508 2770 2594 indulgeri
2816 2510 3089 2574 solebat.
3182 2510 3274 2575 At
3318 2511 3445 2575 iste
3493 2508 3754 2594 dispen-

712 2614 897 2678 sandi
946 2614 1176 2678 modus
1226 2614 1405 2678 brevi
1455 2621 1748 2700 tempore
1782 2618 2037 2677 tantum
2071 2613 2138 2676 in
2171 2633 2295 2676 usu
2327 2618 2497 2693 erat,
2535 2611 3063 2699 quandoquidem
3097 2635 3202 2678 an.
3242 2617 3413 2679 1364
3452 2613 3756 2678 Urbanus

708 2740 880 2805 papa
924 2720 987 2782 V
1036 2739 1186 2782 eum
1236 2739 1546 2805 expresse
1593 2718 1925 2782 revocavit
1972 2720 2177 2797 (num.
2235 2718 2455 2799 1796).

935 2821 1509 2908 Dispensationem
1573 2842 1768 2907 super
1812 2819 2300 2905 impedimentis
2348 2820 2740 2884 matrimonii
2789 2822 2995 2886 rarius
3042 2821 3200 2907 ipsis
3249 2821 3614 2885 oratoribus
3661 2820 3761 2883 in-

711 2927 1111 3012 scripserunt
1157 2926 1441 2990 Romani
1487 2924 1874 3006 Pontifices,
1923 2923 2122 3010 idque
2172 2924 2432 2988 nonnisi
2479 2925 2757 3010 principi
2806 2924 3063 2989 cuidam
3111 2925 3200 3006 (v.
3250 2946 3344 3010 gr.
3381 2946 3557 2989 num.
3599 2925 3759 3006 188,

710 3032 900 3113 208);
966 3029 1080 3094 sed
1146 3030 1648 3115 dispensationis
1710 3028 2096 3113 rescriptum
2160 3026 2243 3092 ad
2308 3028 2703 3093 ordinarium
2752 3029 2878 3093 loci
2926 3029 3345 3114 plerumque,
3403 3026 3755 3115 aliquando

710 3135 907 3199 etiam
972 3133 1054 3198 ad
1118 3134 1495 3219 episcopum
1556 3132 1844 3196 vicinum
1908 3131 2237 3195 destinare
2301 3132 2636 3213 solebant,
2697 3133 2801 3196 cui
2849 3133 3153 3196 executio
3201 3133 3339 3196 sive
3388 3131 3758 3195 fulminatio

711 3237 1217 3305 demandaretur
1261 3238 1350 3320 (v.
1399 3257 1492 3320 gr.
1542 3257 1786 3300 numm.
1839 3237 2006 3315 938,
2057 3237 2222 3316 941,
2279 3238 2486 3316 1088,
2543 3236 2750 3317 1334,
2800 3235 3010 3317 2146,
3060 3237 3234 3322 App.
3283 3235 3433 3317 XI).
3529 3233 3759 3298 Eidem

711 3341 1215 3428 dispensationis
1262 3340 1603 3405 executori
1651 3340 1841 3403 simul
1888 3340 2163 3404 facultas
2211 3338 2779 3420 committebatur,
2837 3339 3085 3424 prolem
3134 3340 3494 3424 legitimam
3538 3337 3762 3402 decer-

710 3444 951 3527 nendi,
1013 3444 1706 3509 excommunicationis
1769 3445 2203 3526 sententiam,
2267 3464 2461 3529 quam
2526 3442 2989 3507 contrahentes
3037 3443 3577 3528 impedimentum
3626 3461 3759 3506 non

709 3550 1089 3633 ignorantes
1153 3548 1320 3612 forte
1382 3548 1845 3629 incurrissent,
1909 3546 2284 3627 relaxandi,
2349 3546 2581 3611 iisdem
2638 3546 3111 3632 poenitentiam
3158 3545 3540 3632 imponendi
3586 3545 3759 3609 salu·

711 3660 953 3735 tarem,
1002 3651 1289 3738 denique
1337 3651 1556 3715 omnia
1601 3650 1918 3734 faciendi,
1967 3672 2133 3736 quae
2180 3650 2265 3714 de
2306 3653 2459 3735 jure
2507 3651 2751 3714 fuerint
2794 3650 3200 3735 injungenda
3246 3653 3336 3734 (ν.
3379 3671 3474 3735 gr.
3510 3669 3756 3714 numm.

717 3760 924 3839 1215,
980 3757 1191 3838 1248,
1245 3756 1467 3838 1509).

942 3861 1220 3926 Caetera
1286 3858 1790 3945 impedimenta,
1861 3880 2059 3944 super
2127 3859 2364 3944 quibus
2434 3859 2502 3921 in
2574 3858 2864 3922 Bullario
2937 3857 3386 3945 dispensatum
3447 3857 3764 3941 legimus,

717 3971 902 4030 sunt:
961 3986 1023 4029 a.
1072 3965 1419 4047 affinitatis
1464 3965 1824 4048 spiritualis
1871 3966 2144 4047 (numm.
2196 3965 2363 4044 205,
2413 3964 2582 4043 559,
2639 3964 2835 4044 1169)
2885 3961 3020 4027 sive
3069 3961 3574 4048 propinquitatis
3621 3980 3768 4047 per-

723 4090 1029 4134 sonarum
1092 4074 1272 4133 ortae
1320 4089 1406 4132 ex
1453 4068 1520 4133 S.
1568 4068 1907 4154 Baptismo
1956 4067 2061 4130 vel
2109 4066 2175 4131 S.
2225 4066 2759 4131 confirmatione.
2851 4065 3402 4151 Impedimentum
3453 4064 3764 4128 dirimens

723 4173 1129 4257 cognationis
1194 4171 1549 4259 spiritualis
1612 4191 1784 4235 nunc
1851 4191 1938 4235 ex
1985 4169 2262 4235 Concilii
2309 4168 2677 4234 Tridentini
2703 4171 2755 4251 2)
2802 4168 3291 4234 Constitutione
3340 4168 3549 4232 solum
3598 4188 3770 4232 com-

722 4277 1071 4365 prehendit
1135 4276 1638 4363 paternitatem,
1705 4273 2315 4359 compaternitatem
2379 4281 2445 4337 et
2511 4273 2929 4350 filiationem,
2979 4272 3094 4337 sed
3142 4273 3341 4336 etiam
3390 4270 3472 4335 ad
3519 4271 3770 4336 confra-

723 4382 1101 4446 ternitatem
1166 4379 1528 4464 antiquitus
1587 4398 1730 4443 sese
1778 4376 2203 4442 extendebat.
2230 4377 2285 4459 3)
2380 4375 2777 4461 Hujusmodi
2827 4375 3182 4461 spiritualis
3229 4375 3637 4459 cognationis
3684 4395 3770 4439 ex

722 4484 1260 4549 confraternitate
1334 4490 1516 4547 ortae
1585 4481 1942 4567 specimina
2013 4480 2333 4566 praebent
2401 4500 2649 4544 numm.
2715 4480 2845 4543 559
2909 4484 2978 4543 et
3042 4481 3232 4543 1169.
3327 4478 3381 4542 b.
3434 4477 3770 4557 Crimini-3,

725 4589 972 4653 scilicet
1048 4586 1353 4651 adulterii
1422 4607 1568 4650 cum
1640 4585 2066 4671 promissione
2137 4584 2532 4670 nuptiarum.
2640 4582 3193 4668 Impedimentum
3261 4582 3386 4646 hoc
3459 4582 3768 4646 dirimens

723 4691 1192 4776 antiquissimis
1249 4690 1387 4774 jam
1452 4687 1855 4774 temporibus
1920 4685 2257 4751 conditum
2281 4688 2337 4769 4)
2398 4685 2754 4751 hodiedum
2801 4686 3015 4751 adhuc
3063 4686 3275 4771 viget3
3325 4687 3513 4770 cujus
3562 4686 3771 4751 solum

724 4794 1100 4880 exemplum
1171 4798 1393 4858 exstat
1462 4813 1640 4856 num.
1715 4793 1865 4855 246.
1958 4813 2009 4855 c.
2074 4790 2381 4855 Publicae
2449 4790 2824 4873 honestati-3,
2859 4792 2913 4872 5)
2986 4789 3161 4876 quod
3231 4789 3773 4875 impedimentum

723 4897 1037 4963 dirimens
1085 4918 1172 4962 ex
1218 4897 1499 4984 praeviis
1548 4895 1959 4982 sponsalibus
2008 4892 2359 4959 oriundum
2404 4892 2823 4979 impedivisse
2870 4893 3148 4979 legitur,
3211 4894 3558 4980 quominus
3598 4894 3772 4958 inter

722 5002 1072 5067 Albertum
1135 5001 1470 5065 dominum
1527 4998 1609 5064 de
1656 4999 1882 5064 Vorne
1929 4998 2203 5084 ejusque
2252 5017 2527 5061 uxorem
2572 4995 2946 5082 Magtildim
2994 4997 3477 5063 matrimonium
3526 4998 3774 5063 valeret

722 5109 931 5190 (num.
983 5107 1164 5190 666).

888 5499 948 5566 1)
982 5498 1087 5552 Csr.
1123 5514 1285 5564 supra
1324 5499 1527 5550 lutrod.
1560 5513 1608 5562 p.
1646 5497 1801 5548 xxu
1837 5511 1946 5561 seq.
2280 5496 2335 5559 2)
2372 5494 2547 5545 Sessio
2581 5494 2647 5544 24
2681 5509 2792 5559 cap.
2827 5495 2862 5545 2
2894 5497 2958 5546 ds
2993 5498 3087 5547 ref.
3121 5503 3280 5549 matr.

889 5580 946 5645 3)
985 5580 1132 5632 Sexti
1167 5582 1358 5631 decret.
1395 5580 1508 5631 Lib.
1545 5578 1632 5629 lv,
1669 5579 1769 5629 Tit.
1806 5578 1905 5628 111.
1936 5593 2049 5642 cap.
2085 5575 2145 5641 13
2182 5577 2281 5629 cfr.
2314 5590 2415 5626 van
2452 5576 2517 5625 de
2552 5575 2722 5641 Burgt
2757 5577 2825 5627 l.l.
2862 5575 2978 5629 156.

896 5661 954 5723 4)
990 5661 1198 5713 Decret.
1234 5661 1384 5726 Greg.
1421 5661 1532 5712 Lib.
1570 5659 1657 5711 IV.
1693 5659 1792 5710 Tit.
1831 5659 1950 5711 vn.
1984 5673 2096 5723 cap.
2131 5657 2179 5709 6.
2516 5655 2573 5713 5)
2609 5655 2724 5707 Van
2759 5658 2824 5708 de
2858 5657 3029 5724 Bur-gt
3061 5656 3155 5709 131
3196 5664 3250 5709 et
3282 5657 3382 5710 164
3416 5672 3529 5724 seq.
