4450 6684
779 523 867 588 50
2001 522 2459 592 Innocnn‘rms
2512 527 2631 592 VI.

778 767 974 833 quam
1036 746 1437 833 pauperibus
1500 747 1751 813 clericis
1813 748 2287 814 beneficiandis
2349 749 2525 815 idem
2586 750 3013 836 predecessor
3076 757 3235 816 tunc
3294 752 3682 839 scripserat,
3731 771 3851 837 per

779 852 986 938 ipsius
1048 851 1532 940 predecessoris
1595 853 1853 919 litteras
1918 856 2233 921 canonice
2297 856 2719 944 expectabas.
2814 856 3047 923 Voluit
3108 864 3331 923 autem
3394 858 3573 949 idem
3618 856 3854 944 prede-

778 979 1018 1042 cessor,
1067 956 1243 1045 quod
1289 958 1586 1046 predicte
1633 959 1855 1026 littere
1903 967 1971 1026 et
2016 983 2361 1049 processus
2407 963 2620 1028 habiti
2664 984 2786 1049 per
2832 963 3100 1029 easdem
3147 970 3216 1028 et
3258 984 3651 1050 quecunque
3693 962 3849 1029 inde

777 1072 1032 1149 secuta,
1081 1065 1282 1130 etiam
1328 1071 1679 1152 postquam
1726 1067 1951 1153 vigore
2000 1068 2173 1134 dicte
2221 1071 2432 1156 gratie
2483 1070 2730 1135 dictum
2761 1077 3186 1157 personatum
3220 1072 3542 1137 existeres
3572 1070 3842 1157 pacifice

778 1178 1153 1256 assecutus,
1220 1170 1429 1237 felicis
1491 1172 1966 1239 recordationis
2030 1175 2356 1242 Bonifacii
2416 1198 2587 1263 pape
2648 1177 2820 1243 VIII
2866 1183 2936 1242 et
2984 1176 3348 1243 Clementis
3396 1178 3459 1240 V
3506 1176 3850 1265 predeces-

780 1301 1003 1346 sorum
1050 1287 1422 1347 nostrorum
1472 1287 1540 1344 et
1588 1281 1881 1367 qualibet
1922 1282 2052 1348 alia
2084 1285 2557 1350 constitutione
2591 1286 2919 1349 contraria
2950 1306 3365 1372 nequaquam
3398 1285 3849 1367 obstantibus,

778 1388 848 1453 in
896 1408 1014 1453 suo
1063 1388 1297 1453 robore
1344 1394 1846 1473 permanerent,
1896 1389 2203 1475 quodque
2239 1392 2720 1477 quamprimum
2750 1399 3178 1477 personatum
3209 1392 3593 1477 hujusmodi
3625 1392 3850 1477 vigore

782 1493 1079 1583 predicte
1141 1495 1354 1580 gratie
1418 1495 1739 1560 existeres
1807 1501 2178 1579 assecutus,
2245 1495 2488 1561 dictam
2548 1496 3022 1582 parrochialem
3070 1498 3451 1582 ecclesiam,
3502 1519 3727 1586 quam,
3777 1504 3852 1562 ut

778 1602 1138 1688 prefertur,
1205 1600 1552 1666 obtinebas
1616 1623 1942 1688 quamque
2006 1624 2092 1669 ex
2140 1610 2299 1668 tunc
2347 1625 2579 1670 vacare
2628 1603 2957 1689 decrevit,
3006 1612 3205 1692 prout
3250 1605 3335 1670 ad
3381 1605 3450 1670 id
3500 1612 3567 1671 te
3616 1610 3851 1692 sponte

780 1709 1108 1791 obtulisti,
1158 1708 1491 1773 dimittere
1541 1710 1879 1776 tenereris.
1929 1711 2180 1776 Verum
2227 1712 2384 1797 quia
2428 1732 2626 1798 super
2672 1710 2849 1776 dicta
2893 1714 3108 1797 gratia
3155 1711 3454 1797 ejusdem
3487 1712 3845 1777 Clementis

780 1816 882 1881 VI
927 1816 1408 1901 predecessoris
1456 1817 1709 1901 littere,
1762 1818 1965 1904 ipsius
2004 1819 2515 1905 superveniente
2549 1818 2766 1901 obitu,
2814 1819 3114 1885 confecte
3145 1821 3413 1886 minime
3448 1821 3851 1902 extiterunt,

782 1943 901 1987 nos
948 1944 1032 1988 ne
1078 1928 1431 2010 propterea
1475 1924 1855 2008 hujusmodi
1901 1926 2112 2010 gratie
2159 1925 2491 1991 frustreris
2531 1925 2801 2009 effectu,
2850 1927 3151 1991 volumus
3193 1933 3263 1992 et
3303 1927 3663 2014 apostolica
3702 1946 3851 1990 auc·

780 2030 1049 2094 toritate
1098 2031 1539 2115 decernimus,
1588 2031 1764 2117 quod
1808 2032 2036 2097 eadem
2079 2034 2292 2119 gratia
2323 2054 2362 2096 a
2392 2032 2690 2120 predicta
2720 2032 2857 2116 die,
2893 2033 3202 2100 videlicet
3234 2035 3474 2100 XVIII
3507 2032 3846 2100 Kalendas

779 2134 1152 2220 Februarii,
1217 2137 1491 2223 perinde
1539 2138 1898 2203 sortiantur
1946 2138 2289 2221 effectum,
2355 2159 2430 2203 ac
2478 2138 2534 2201 si
2580 2138 2879 2223 ejusdem
2923 2139 3404 2225 predecessoris
3450 2140 3672 2206 littere
3720 2140 3842 2206 sub

779 2239 985 2327 ipsius
1034 2242 1166 2309 diei
1214 2244 1368 2309 data
1414 2245 1713 2310 confecte
1760 2245 2077 2328 fuissent,
2134 2250 2331 2331 prout
2378 2245 2678 2331 superius
2727 2252 3105 2329 enarratur,
3153 2247 3463 2334 quodque
3508 2252 3852 2335 presentes

780 2347 1002 2413 littere
1066 2349 1149 2414 ad
1214 2351 1621 2437 probandam
1685 2353 1883 2437 plene
1945 2352 2223 2437 gratiam
2285 2351 2687 2416 antedictam
2751 2351 2996 2438 ubique
3061 2354 3388 2419 sufficiant
3451 2375 3573 2420 nec
3635 2353 3720 2418 ad
3780 2351 3848 2417 id

782 2455 1190 2540 probationis
1253 2457 1525 2522 alterius
1591 2456 2060 2522 adminiculum
2122 2459 2512 2543 requiratur.
2606 2458 2788 2522 Nulli
2853 2479 3008 2543 ergo
3056 2466 3166 2524 etc.
3217 2466 3439 2525 nostre
3489 2459 3849 2525 voluntatis

781 2568 851 2626 et
896 2564 1386 2627 constitutionis
1433 2564 1792 2650 infringere
1840 2573 1949 2628 etc.
2011 2564 2165 2629 Dat.
2214 2564 2577 2646 Avinione,
2626 2565 2758 2630 XV
2807 2566 2916 2629 Kl.
2964 2567 3337 2651 Februarii,
3387 2588 3561 2633 anno
3608 2568 3842 2653 primo.

1006 2667 1094 2733 In
1156 2692 1206 2734 e.
1271 2692 1352 2734 m.
1419 2670 1675 2736 dilectis
1738 2671 1890 2735 filiis
1954 2671 2223 2737 sacriste
2288 2670 2758 2736 Avinionensis
2808 2678 2876 2737 et
2923 2674 3262 2738 scolastico
3311 2674 3850 2740 Monasteriensis

788 2776 1211 2841 ecclesiarum
1261 2798 1335 2842 ac
1384 2778 1644 2842 officiali
1692 2778 2198 2843 Monasteriensi
2246 2786 2357 2842 etc.

1199 2912 1323 2974 Ray.
1361 2913 1458 2961 Ao.
1494 2912 1777 2961 Innocencii
1802 2928 1977 2975 papae
2023 2912 2107 2960 VI
2145 2914 2199 2962 T.
2235 2912 2295 2975 1,
2321 2914 2384 2977 f.
2417 2910 2557 2963 101⁰.

1196 2993 1325 3044 Pro:
1363 2995 1716 3058 Herdervich,
1752 2995 1893 3045 sicut
1928 2995 2087 3045 habet
2123 2993 2296 3046 Codex
2330 3001 2534 3059 noster,
2571 2996 2853 3062 legendum
2891 2997 3122 3049 videtur:
3162 2998 3471 3051 Herderinc.

776 3510 964 3578 1447.
1741 3515 1946 3597 1353,
1998 3514 2313 3580 Januarii
2358 3520 2475 3599 18,
2531 3519 2888 3583 AvenioniS.

1101 3666 1391 3730 Gerar-do
1446 3630 1783 3732 Bierwz‘sff
1831 3670 2161 3753 capellano
2209 3670 2470 3735 Nicolai
2518 3675 2613 3735 tit.
2663 3672 2731 3735 S.
2795 3671 3030 3737 Vitatis
3065 3673 3424 3758 presbyteri
3475 3672 3847 3737 Cardinalis

1001 3773 1330 3854 confertur
1393 3777 1798 3837 canonicatus
1863 3783 1922 3837 et
1983 3785 2345 3857 reservatur
2394 3777 2761 3860 praebenda
2815 3799 2955 3841 cum
3001 3780 3431 3863 supplemento
3479 3781 3548 3842 in
3593 3780 3849 3843 ecclesia

1006 3878 1076 3942 S.
1126 3879 1484 3943 Salvatoris
1540 3880 1720 3964 Traj.
1776 3918 1856 3928 —
1906 3881 2321 3965 Deputantur
2367 3890 2735 3947 executores·

1003 4064 1455 4150 suffragancia
1501 4062 1691 4127 tibi..
1722 4110 1737 4126 .
1767 4111 1782 4126 .
1831 4061 1983 4128 Dat.
2034 4062 2399 4145 Avinione,
2450 4065 2581 4129 XV
2629 4065 2740 4129 Kl.
2789 4066 3167 4149 Februarii,
3217 4088 3390 4132 anno
3442 4068 3669 4153 primo.

1201 4199 1323 4260 περ.
1362 4200 1458 4247 Αυ.
1503 4195 1560 4246 T.
1601 4197 1660 4261 4,
1700 4199 1744 4250 f.
1780 4196 1898 4247 343.

778 4714 978 4782 1448.
1733 4716 1948 4795 1353,
1997 4714 2314 4778 Januarii
2358 4717 2481 4799 18,
2530 4716 2894 4780 AvenioniS.

1098 4866 1437 4931 Machario
1502 4867 1804 4930 Nileman
1866 4866 1942 4929 de
2001 4868 2243 4930 Arnem
2305 4869 2631 4952 capellano
2693 4870 2951 4955 Aeyidii
3017 4874 3111 4935 tit.
3172 4873 3238 4935 S.
3294 4873 3628 4936 Clementis
3664 4893 3847 4957 pres-

1005 4974 1207 5060 byteri
1277 4973 1646 5037 Cardinalis
1706 4975 1933 5037 similis
1997 4974 2072 5055 fit
2133 4977 2355 5058 qratia
2417 4977 2483 5037 in
2532 4977 2787 5040 ecclesia
2842 4978 3246 5060 Trajectensi.
3303 5016 3383 5026 —
3432 4980 3845 5063 Deputantur

1004 5087 1372 5143 executores·

1006 5262 1165 5328 Vite
1215 5283 1289 5326 ac
1338 5282 1610 5326 morum.
1641 5311 1654 5324 .
1686 5310 1701 5325 .
1730 5310 1744 5324 .
1797 5262 1948 5327 Dat.
2001 5270 2068 5326 ut
2112 5282 2333 5347 supra.

1200 5398 1390 5446 Ibidem
1414 5399 1470 5460 f.
1508 5397 1619 5448 381.
