4450 6684
1800 557 2127 622 Unsmus
2175 559 2259 623 V.
3437 564 3567 630 165

368 869 384 884 ο
489 774 679 844 1762.
1418 751 1421 754 ’
1487 778 1699 861 1363,
1747 778 2033 863 Auqusti
2075 780 2157 861 s,
2204 779 2572 844 Avenionis.

810 930 1180 996 Bertrando
1249 933 1531 1017 episcopo
1604 931 2038 997 Convenarum
2098 933 2474 1018 mandatur,
2538 942 2612 1000 ut
2668 934 2960 1001 Johanni
3023 936 3419 1003 Goctschaloi
3476 938 3554 1003 dc

720 1036 1172 1120 Amorsfordia
1190 1085 1208 1120 ,
1273 1039 1496 1103 clerico
1540 1059 1669 1103 non
1713 1041 2045 1124 conjuqato
2090 1060 2201 1104 nec
2246 1042 2316 1105 in
2360 1043 2560 1107 sacris
2604 1041 2932 1108 ordinibus
2977 1046 3313 1109 constituto
3368 1043 3552 1127 Traj.

719 1143 909 1208 dioec.
927 1191 945 1226 ,
996 1143 1443 1226 tabellionatus
1490 1144 1778 1227 officium
1823 1145 2133 1228 conferat.

723 1327 828 1394 Ne
874 1291 1353 1393 contractnum.
1379 1375 1398 1394 .
1427 1376 1443 1393 .
1472 1377 1488 1393 .
1536 1328 1691 1394 Dat.
1738 1329 2106 1413 Avinione,
2155 1328 2257 1395 VI
2301 1329 2402 1395 Id.
2451 1331 2775 1417 Augusti,
2825 1352 2996 1398 anno
3043 1332 3275 1420 primo.

911 1465 1040 1528 neq.
1072 1466 1172 1516 Aa.
1216 1467 1271 1516 T.
1305 1465 1361 1530 5,
1385 1467 1447 1530 s.
1482 1463 1620 1515 4220.

493 1975 685 2048 1763.
1463 1986 1676 2069 1363,
1724 1988 2009 2072 Auqusti
2050 1988 2166 2069 31,
2214 1989 2578 2052 Avenionis.

811 2135 1270 2224 lufo-ascriptis
1338 2138 1714 2222 mandatur,
1785 2148 1859 2204 ut
1927 2139 2219 2205 Johanni
2277 2141 2353 2204 de
2412 2140 2650 2207 Eltevil
2704 2144 3066 2227 praeposito
3128 2143 3413 2207 ecclcsiae
3478 2141 3549 2208 S.

722 2240 980 2308 Mariae
1033 2244 1213 2327 Traj.
1230 2294 1248 2329 ,
1297 2245 1703 2311 baccalaurco
1742 2248 1814 2310 in
1854 2246 2144 2330 decretis,
2193 2247 2527 2329 conferant
2563 2251 3000 2313 canonicatum
3037 2256 3097 2314 et
3124 2248 3556 2334 praebendam

719 2351 790 2413 in
834 2350 1046 2414 eadem
1089 2353 1343 2416 ecclesia
1377 2373 1501 2437 per
1546 2352 1780 2416 obitum
1835 2351 2232 2437 Tydemanni
2275 2353 2351 2417 do
2395 2353 2697 2418 Maorsen
2720 2355 2773 2438 l)
2819 2362 3128 2419 vacantes.

729 2531 1010 2597 Dilectis
1068 2533 1220 2598 filiis
1271 2582 1284 2596 .
1315 2581 1330 2597 .
1382 2535 1589 2598 sancti
1634 2534 1874 2600 Felicis
1922 2534 2004 2601 de
2052 2535 2462 2600 Caramanno
2511 2539 2579 2600 et
2630 2584 2644 2599 .
2673 2583 2687 2598 .
2739 2535 3137 2601 xanctensis
3182 2536 3559 2603 Tholosane

500 2642 572 2702 et
641 2636 1052 2705 Coloniensis
1117 2639 1474 2705 diocesium
1536 2662 1611 2706 ac
1674 2688 1691 2705 .
1724 2689 1739 2705 .
1805 2642 2013 2706 sancti
2075 2641 2260 2707 Petri
2306 2641 2773 2707 Avinion‘ensis
2821 2642 3243 2707 ecclesiarum
3291 2642 3560 2709 decanis

498 2744 781 2811 salutem
828 2751 938 2809 etc.

727 2852 1132 2918 Litterarum
1181 2852 1476 2918 scientia.
1505 2899 1521 2916 .
1549 2899 1566 2917 .
1595 2899 1611 2918 .
1659 2854 1812 2918 Dat.
1861 2853 2227 2938 Aviuione,
2275 2853 2347 2918 H
2391 2853 2502 2919 Kl.
2553 2853 2991 2941 Septembris,
3039 2875 3212 2920 anno
3260 2855 3494 2943 primo.

919 2987 1042 3050 περ.
1078 2987 1176 3037 Aa.
1219 2988 1274 3036 T.
1309 2986 1365 3051 2,
1391 2989 1452 3052 s.
1488 2985 1627 3037 2970.

653 3131 710 3194 1)
746 3131 1007 3183 Maarsen.

505 3600 695 3669 1764.
1428 3603 1640 3684 1363,
1688 3601 2069 3688 Septembris
2114 3604 2233 3684 28,
2282 3603 2650 3668 Avenionis.

826 3755 1119 3820 Johanni
1162 3762 1314 3820 nato
1360 3754 1683 3820 Johannis
1729 3754 1805 3818 de
1846 3753 2288 3839 Ameronyhen
2327 3753 2547 3818 clerico
2596 3753 3013 3838 Trajectensi,
3069 3755 3249 3841 „qui‚
3289 3759 3365 3819 ut
3404 3776 3581 3822 asse-

750 3862 935 3944 ritur,
982 3862 1418 3927 subcollector
1461 3861 1790 3926 fructuum
1839 3880 2093 3925 camere
2132 3859 2489 3945 apostolice
2524 3858 2893 3924 debitorum
2925 3862 2996 3925 in
3028 3860 3275 3927 eisdem
3308 3861 3578 3927 civitate

749 3975 817 4033 et
881 3968 1123 4034 diocesi
1171 3970 1465 4035 existens
1514 4015 1530 4032 .
1562 4016 1578 4032 .
1607 4015 1666 4032 ..
1717 3968 1785 4031 in
1832 3967 2084 4032 artibus
2130 3973 2480 4054 provectus
2528 3972 2595 4031 et
2641 3967 2711 4030 in
2747 3969 2901 4052 jure
2949 3969 3262 4033 canonico
3310 3969 3578 4034 scolaris
3661 4016 3664 4019 -

753 4075 1048 4158 existit”,
1078 4083 1436 4140 reservatur
1468 4074 1827 4157 beneficium
1857 4075 2059 4159 ipsius
2088 4076 2310 4138 merito
2342 4081 2715 4159 compotem-9,
2746 4074 3192 4155 conferendum
3222 4097 3264 4140 a
3294 4076 3575 4160 capitulo

740 4181 811 4247 S.
856 4181 1213 4247 Salvatoris
1266 4182 1448 4266 Traj.

748 4366 1137 4433 Laudabilia
1183 4366 1547 4453 probitatis.
1578 4412 1594 4429 .
1623 4414 1637 4428 .
1667 4412 1682 4428 .
1731 4365 1885 4430 Dat.
1937 4363 2303 4446 Avinione,
2350 4361 2492 4427 1111
2536 4362 2648 4427 Kl.
2700 4362 3044 4443 Octobris,
3095 4382 3267 4427 anno
3314 4362 3547 4449 primo.

935 4502 1058 4565 περ.
1094 4501 1193 4551 Aa.
1237 4503 1292 4552 r.
1326 4499 1384 4563 5,
1410 4501 1472 4564 s.
1505 4498 1622 4549 639.

517 5015 706 5086 1765.
1502 5019 1717 5101 1363,
1768 5016 2050 5083 Octobris
2099 5021 2177 5101 6,
2224 5017 2594 5082 AvenioniS.

841 5174 981 5240 Pro
1045 5175 1313 5240 Nicolao
1378 5177 1660 5261 episcopo
1730 5174 2091 5239 Tusculano
2151 5173 2240 5236 ad
2286 5173 2517 5238 tuenda
2549 5174 2718 5256 jura
2776 5179 2837 5237 et
2881 5171 3075 5253 bona,
3140 5191 3302 5256 quae
3345 5172 3596 5235 rationo

750 5284 1241 5368 praepositurae
1301 5282 1780 5348 Davontriensis
1840 5283 1967 5367 ipsi
2026 5287 2415 5365 competunt,
2475 5278 2894 5362 infrascripti
2955 5277 3043 5341 ad
3088 5278 3590 5361 quinquennium

752 5389 1145 5474 deputantur
1188 5397 1665 5455 conservatores.

753 5569 1032 5636 Dilectis
1078 5569 1228 5635 filiis
1276 5570 1716 5657 Trajectensis
1764 5573 1833 5633 et
1878 5573 2251 5633 sanctorum
2284 5565 2751 5652 Apostolorum
2787 5560 3199 5628 Coloniensis
3242 5581 3318 5625 ac
3357 5564 3585 5625 sancte

529 5674 760 5743 Crucis
806 5675 1193 5744 Leodiensis
1240 5677 1660 5744 ecclesiarum
1708 5675 1975 5742 decanis
2021 5676 2300 5742 salutem
2348 5678 2417 5739 et
2462 5671 2888 5759 apostolicam
2936 5667 3485 5736 benedictionem.
