4450 6684
746 587 919 634 xxm
2022 556 2510 621 Ixrnonucrio.

746 786 1001 850 incerto
1049 784 1293 848 eventu
1340 777 1736 842 dimicarunt
1781 773 2022 839 aemuli
2069 793 2286 859 neque
2318 770 2616 836 alterutri
2648 770 2819 857 parti
2852 770 3191 835 Romanus
3221 766 3533 834 Pontifex
3567 770 3794 853 aperte

749 909 819 954 se
883 885 1189 953 exhibuit
1248 883 1593 950 fautorem.
1687 877 1884 945 Modo
1933 898 2038 943 an.
2094 877 2298 958 1317,
2364 894 2448 940 ne
2496 875 2641 961 quis
2689 880 2964 940 vacante
3011 874 3462 940 Romanorum
3509 870 3793 957 Imperio

749 1013 819 1057 se
880 990 1114 1056 Italiae
1160 987 1499 1054 vicariatui
1549 984 1685 1050 sive
1733 982 1878 1048 aliis
1927 979 2375 1068 imperialibus
2422 978 2649 1044 officiis
2696 979 3061 1045 immiscere
3108 975 3418 1056 auderet,
3485 993 3795 1062 expresse

747 1095 1036 1161 inhibuit
1097 1110 1536 1178 censurasque
1596 1086 2106 1168 ecclesiasticas,
2168 1084 2340 1148 hanc
2398 1083 2482 1149 ob
2530 1105 2792 1149 causam
2839 1083 3157 1166 inflictas,
3208 1102 3432 1147 mense
3478 1080 3639 1165 Maji
3687 1100 3792 1144 an.

756 1201 927 1264 1322
999 1197 1238 1263 nostris
1305 1214 1569 1283 quoque
1628 1193 1699 1257 in
1760 1190 2057 1279 partibus
2118 1187 2625 1275 promulgandas
2672 1185 3008 1253 mandavit
3055 1190 3261 1272 (num.
3313 1186 3492 1269 604).
3580 1182 3799 1249 Ludo-

747 1304 931 1368 vicus
994 1309 1214 1368 tamen
1274 1322 1432 1385 rex,
1497 1299 1598 1364 sui
1659 1296 1899 1363 aemuli
1948 1296 2089 1380 jam
2138 1293 2375 1376 vietor,
2440 1315 2545 1358 an.
2602 1294 2774 1358 1323
2822 1315 2971 1359 cum
3021 1292 3328 1360 Johanne
3374 1312 3545 1380 papa
3590 1288 3796 1355 XXII

751 1409 989 1473 acriter
1051 1406 1397 1472 dissentire
1460 1404 1678 1491 coepit
1737 1407 1935 1489 atque
1997 1419 2226 1465 mense
2273 1398 2511 1464 Martio
2558 1420 2662 1464 an.
2714 1399 3051 1487 sequentis
3098 1392 3793 1463 excommunicationis

753 1512 1083 1577 sententia
1143 1511 1508 1598 perculsus,
1571 1529 1796 1573 mense
1857 1506 1902 1571 J
1908 1506 2036 1571 ulio
2102 1504 2312 1569 omnis
2374 1502 2444 1567 in
2505 1503 2859 1589 Imperium
2912 1504 3083 1589 juris
3140 1522 3378 1588 expers
3426 1497 3793 1564 declaratus

753 1622 873 1681 est.
906 1617 955 1700 1)
1048 1616 1340 1690 Quorum
1408 1633 1830 1701 processuum
1902 1616 2162 1674 tenores
2232 1606 2720 1694 archiepiscopo
2789 1607 3169 1673 Coloniensi
3233 1607 3508 1691 ejusque
3571 1601 3803 1666 suffra·

753 1720 1016 1805 ganeis,
1078 1726 1154 1785 ut
1216 1740 1332 1806 per
1394 1717 1683 1803 singulas
1731 1714 2062 1781 dioeceses
2110 1711 2710 1798 promulgarentur,
2769 1712 3131 1777 transmissi
3177 1711 3551 1794 nostrisque
3597 1706 3798 1772 etiam

753 1826 822 1888 in
873 1824 1169 1910 partibus
1201 1823 1515 1910 publicati
1549 1826 1702 1886 sunt
1733 1821 2005 1903 (numm.
2043 1819 2203 1898 628,
2240 1818 2399 1898 636,
2435 1817 2594 1899 639,
2631 1819 2823 1901 641);
2874 1816 2987 1883 sed
3023 1836 3106 1882 ne
3139 1815 3501 1903 paullulum
3535 1810 3798 1898 quidem

755 1928 1088 1994 obstitisse
1122 1928 1455 2010 videntur,
1504 1926 1852 2013 quominus
1883 1922 2282 1989 Wilhelmus
2315 1920 2712 1986 Hollandiae
2745 1942 2962 1986 comes
2994 1942 3142 1987 cum
3175 1919 3512 1987 Ludovico
3545 1919 3801 1983 Bavaro
3859 1974 3866 1979 ,

755 2034 1126 2099 consentire
1172 2036 1496 2118 pergeret.
1568 2031 1737 2096 Nam
1785 2048 2008 2093 mense
2056 2025 2295 2092 Martio
2343 2046 2448 2089 an.
2502 2028 2672 2091 1324
2721 2025 2917 2111 hujus
2963 2025 3185 2091 favore
3226 2024 3406 2110 regio
3452 2021 3796 2087 manifeste

755 2138 993 2203 fruitur
1017 2138 1100 2221 2),
1151 2135 1679 2224 quandoquidem
1727 2133 1833 2199 die
1882 2134 1967 2198 26
2018 2129 2360 2196 Februarii
2407 2130 2704 2215 proxime
2752 2130 3108 2217 praeterito
3156 2131 3295 2214 regi
3344 2150 3499 2193 mox
3540 2146 3805 2192 excom·

756 2243 1215 2308 municationis
1277 2241 1609 2307 sententia
1668 2235 2085 2327 percellendo
2135 2234 2335 2298 filiam
2383 2254 2564 2298 suam
2613 2234 3052 2321 Margaretam
3101 2240 3380 2321 nuptum
3427 2231 3719 2298 dederat.
3741 2230 3803 2311 3)

755 2347 941 2413 Inter
987 2368 1283 2413 socerum
1315 2352 1384 2412 et
1417 2366 1731 2432 generum
1763 2345 1998 2409 intima
2027 2338 2182 2404 inde
2214 2336 2446 2402 relatio
2479 2338 2740 2403 assidue
2773 2339 3082 2422 florebat,
3120 2338 3416 2424 quamvis
3448 2356 3565 2423 per
3599 2355 3805 2400 annos

758 2453 1091 2537 proximos
1139 2457 1279 2516 tum
1328 2450 1886 2536 archiepiscopum
1934 2445 2396 2513 coloniensem
2447 2445 2720 2530 ejusque
2769 2443 3214 2529 suffraganeos
3246 2464 3393 2508 cum
3429 2440 3807 2527 singulatim

760 2556 1133 2623 Johannem
1182 2554 1263 2620 de
1311 2555 1502 2620 Diest
1551 2555 1926 2642 episcopum
1975 2552 2185 2638 Traj.,
2236 2551 2311 2616 ut
2358 2546 2767 2612 Ludovicum
2816 2569 3034 2633 regem
3071 2553 3401 2633 tamquam
3436 2565 3810 2611 excommu-

761 2661 1050 2725 nicatum
1084 2660 1558 2725 denunciarent
1591 2666 1658 2725 et
1691 2659 1922 2724 evitari
1954 2658 2273 2741 facerent,
2315 2649 2675 2716 identidem
2711 2651 3018 2717 Summus
3047 2652 3363 2718 Pontifex
3396 2648 3810 2715 admonuerit

760 2766 1032 2846 (numm.
1085 2766 1245 2847 654,
1297 2766 1456 2848 692,
1510 2766 1667 2847 714,
1721 2765 1882 2845 715,
1935 2765 2094 2844 716,
2147 2765 2307 2836 720,
2361 2757 2519 2838 721,
2572 2758 2749 2840 741).
2819 2757 3024 2823 Porro
3073 2758 3402 2822 Henricus
3447 2755 3530 2821 de
3577 2755 3810 2821 Virne-

761 2869 998 2953 burch,
1040 2871 1150 2955 qui
1192 2889 1399 2955 usque
1438 2868 1521 2933 ad
1563 2890 1668 2933 an.
1720 2871 1890 2934 1332
1931 2869 2245 2935 ecclesiae
2289 2865 2663 2933 Coloniensi
2707 2867 3018 2954 praefuit,
3061 2888 3418 2954 omnesque
3460 2873 3527 2931 et
3571 2857 3811 2950 singuli

764 2976 908 3059 ejus
955 2973 1374 3060 suffraganei,
1425 2979 1704 3060 excepto
1753 2980 2009 3038 tantum
2056 2973 2395 3039 Ludovico
2446 2974 2750 3060 episcopo
2784 2972 3147 3056 Mindensi,
3182 2972 3466 3038 fideliter
3496 2970 3806 3036 adversus

762 3078 1172 3145 Ludovicum
1234 3079 1560 3143 Bavarnm
1622 3099 1661 3143 a
1723 3078 1990 3144 Summo
2047 3077 2373 3142 Pontificc
2430 3085 2775 3143 steterunt.
2803 3079 2858 3163 ⁴¹)
2954 3078 3366 3166 Quapropter
3430 3074 3804 3162 hujusmodi

762 3181 1075 3247 mandata
1134 3182 1394 3270 papalia
1454 3181 1696 3247 nedum
1758 3182 2124 3265 omiserint,
2187 3188 2317 3245 tam
2367 3185 2596 3250 scdulo
2644 3185 2905 3248 executi
2956 3190 3141 3266 sunt,
3190 3189 3266 3248 ut
3311 3188 3579 3268 propter
3625 3201 3808 3246 suam

763 3288 833 3351 in
907 3288 1018 3352 tali
1088 3289 1355 3370 negotio
1426 3286 1833 3373 diligentiam
1898 3292 2096 3372 atque
2160 3286 2580 3355 devotionem
2642 3288 2947 3353 laudibus
3009 3286 3447 3353 commendati
3511 3286 3815 3371 legantur

764 3393 1036 3475 (numm.
1105 3394 1275 3475 668,
1342 3394 1518 3475 669).
1612 3392 1751 3456 Nec
1816 3392 2085 3474 mirum,
2159 3391 2230 3455 in
2292 3396 2473 3461 hisce
2536 3395 2787 3460 Summi
2848 3393 3190 3460 Pontificis
3252 3392 3625 3480 diplomatis
3685 3392 3817 3455 sin-

767 3498 1042 3584 gulatim
1114 3517 1451 3562 occurrere
1522 3496 1799 3562 subinde
1869 3496 2241 3562 Jobannem
2315 3499 2397 3565 de
2468 3500 2660 3564 Diest
2730 3500 3109 3585 episcopum
3179 3498 3395 3583 Traj.,
3475 3497 3557 3561 ad
3627 3498 3813 3582 cnjus

768 3602 1119 3667 dioecesim
1182 3601 1555 3687 pertinebat
1618 3601 2014 3667 Wilhelmus
2068 3621 2285 3665 comes
2333 3603 2474 3687 III,
2537 3604 2858 3670 Ludovici
2907 3604 3078 3689 regis
3126 3623 3311 3667 socer
3359 3602 3812 3688 maximaeque

767 3707 1178 3772 auctoritatis
1224 3710 1527 3772 sectator.

996 3811 1398 3876 Diuturnum
1459 3810 1635 3876 istud
1699 3811 1872 3876 inter
1934 3811 2391 3878 Sacerdotium
2456 3820 2524 3878 et
2579 3813 2936 3899 Imperium
2985 3812 3324 3878 dissidium
3373 3813 3817 3898 maximopere

770 3918 1073 3985 effervuit
1119 3939 1222 3982 an.
1280 3920 1446 3982 1327
1469 3964 1485 3999 ,
1535 3938 1683 3981 cum
1730 3917 2106 3981 Ludovicus
2154 3939 2309 4000 rex,
2359 3937 2637 3981 coronae
2687 3917 3040 4003 imperialis
3086 3917 3396 4004 cupidus,
3444 3918 3514 3981 in
3560 3916 3818 3980 Italiam

771 4022 1263 4109 expeditionem
1326 4021 1570 4085 faceret
1629 4041 1703 4084 ac
1766 4042 1950 4085 suam
1996 4021 2066 4085 in
2113 4020 2485 4087 Johannem
2534 4021 2922 4085 Pontificem
2972 4021 3480 4086 obstinationem
3530 4041 3816 4107 eousque

772 4127 1197 4215 propelleret,
1262 4131 1337 4190 ut
1398 4125 1670 4190 Nicolao
1728 4126 1791 4189 V
1838 4126 2150 4211 antipapa
2197 4131 2416 4190 creato
2465 4124 2835 4189 miserabile
2882 4126 2951 4188 in
2999 4125 3294 4191 Ecclesia
3340 4126 3620 4191 schisma
3666 4125 3820 4191 effe·

771 4234 954 4298 cerit.
1050 4233 1188 4297 Iter
1248 4251 1594 4315 aggressus
1657 4229 2086 4294 Wilhelmum
2149 4251 2477 4311 socerum,
2536 4233 2613 4293 ut
2660 4250 2880 4294 secum
2932 4229 3190 4295 Italiam
3237 4237 3574 4317 pergeret,
3623 4232 3821 4295 etiam

773 4342 971 4422 atque
1023 4336 1223 4400 etiam
1268 4335 1572 4399 invitavit
1620 4334 1994 4399 Lndovicus
2041 4356 2180 4399 rcx.
2256 4333 2388 4400 Sed
2428 4333 2684 4398 frustra.
2757 4334 3020 4400 Etenim
3053 4334 3412 4401 Wilhelmo
3454 4336 3677 4400 comiti
3710 4335 3821 4400 diu

773 4439 1040 4525 quidem
1106 4446 1175 4505 et
1237 4439 1405 4503 serio
1467 4438 1537 4502 in
1586 4437 1803 4502 animo
1852 4436 1976 4502 fuit
2022 4439 2303 4503 Romam
2349 4438 2484 4521 ire,
2548 4438 2662 4503 scd
2711 4437 2892 4524 quod
2938 4460 3163 4505 mense
3210 4440 3390 4505 Julio
3436 4439 3563 4504 sibi
3609 4439 3822 4505 adhuc

775 4543 1117 4629 proposuit
1150 4545 1275 4608 iter
1299 4544 1439 4628 jam
1473 4561 1696 4606 mense
1729 4542 2028 4628 sequenti
2062 4543 2326 4628 penitus
2359 4542 2607 4625 omisit,
2643 4542 3072 4609 suadentibus
3105 4544 3489 4630 praesertim
3514 4544 3820 4610 Eduardo

778 4647 1063 4732 Angliae
1128 4668 1281 4732 rege
1347 4654 1413 4712 et
1460 4646 1767 4712 Johanna
1813 4647 2111 4732 conjuge.
2208 4645 2621 4731 Quapropter
2672 4645 3228 4733 dispensationem
3276 4649 3819 4714 matrimonialem

776 4750 1001 4815 multis
1048 4750 1286 4815 abhinc
1333 4750 1522 4815 annis
1571 4748 1961 4836 denegatam
2010 4750 2278 4815 tandem
2327 4750 2625 4815 obtinere
2671 4751 2931 4815 meruit.
2959 4753 3013 4833 5)

948 5135 1004 5199 1)
1040 5136 1144 5186 Csr.
1181 5135 1391 5186 Wetzer
1425 5137 1535 5186 und
1571 5135 1789 5186 Welte's
1826 5136 2247 5187 Kirchenleoeikon
2284 5136 2364 5201 (2⁶
2400 5136 2535 5186 Auss.
2573 5137 2828 5201 Freiburg
2863 5135 3020 5201 1882)
3053 5137 3087 5187 i.
3123 5152 3169 5188 v.
3208 5137 3425 5203 Ludwig
3451 5137 3518 5188 lv
3544 5138 3637 5188 dcr
3661 5138 3829 5204 Bayer

779 5215 922 5268 VIII.
957 5216 1057 5267 229
1091 5231 1200 5282 seq.

946 5297 1001 5361 2)
1038 5297 1142 5348 Cfr.
1177 5312 1278 5347 van
1316 5297 1495 5348 Mieris
1530 5299 1561 5347 l.
1599 5297 1633 5347 l.
1668 5296 1782 5348 335.

948 5378 1003 5441 3)
1041 5379 1143 5430 Cfr.
1179 5393 1339 5442 supra
1375 5377 1574 5429 Introd.
1604 5394 1655 5442 p.
1679 5378 1858 5443 XX115
1893 5384 2113 5443 „contra
2139 5380 2468 5430 voluntatem
2494 5384 2669 5429 tamen
2696 5378 2972 5444 conjugis‘’
3010 5379 3069 5443 (i.
3094 5394 3136 5429 c.
3164 5378 3439 5431 Johaunae
3464 5381 3529 5431 dc
3552 5381 3827 5448 Vallesio),

780 5464 841 5510 ut
877 5461 952 5510 ait
987 5459 1277 5510 Annalium
1312 5459 1538 5524 scriptor
1572 5460 1835 5510 laudatus,

946 5540 1003 5603 4)
1039 5541 1144 5592 Csr.
1190 5540 1255 5591 H.
1303 5540 1471 5591 Finke
1516 5540 1612 5590 Die
1656 5541 1884 5604 Stellam
1927 5542 2018 5590 der
2076 5541 2476 5606 Westsc’iliscloen
2521 5541 2774 5605 Bisa-hose
2818 5541 2923 5591 und
2961 5542 3169 5591 Horren
3201 5543 3271 5592 im
3307 5541 3539 5607 Kampsa
3571 5543 3747 5595 Ιικῶω.
3781 5546 3830 5595 d.

778 5621 992 5688 Bayern
1024 5622 1118 5672 mit
1151 5624 1323 5686 Papst
1358 5623 1566 5672 Johann
1600 5622 1802 5672 XXII.
1861 5622 2062 5672 Ztschr.
2098 5623 2183 5672 fiir
2218 5621 2405 5673 Gcsch.
2444 5623 2552 5673 und
2590 5622 2976 5674 Altertnumsk.
3011 5622 3199 5674 Westf.
3234 5623 3328 5675 Bd.
3363 5622 3452 5687 48,
3492 5624 3546 5676 S.
3582 5623 3682 5675 214
3715 5626 3767 5677 ff.

949 5702 1005 5767 5)
1041 5702 1147 5753 Csr.
1182 5717 1341 5767 supra
1377 5703 1575 5754 Introd.
1613 5718 1660 5766 p.
1696 5702 1887 5753 XXIV.
