4450 6684
1876 508 2098 574 Innnx
2152 510 2513 579 Locorum.
3598 520 3730 584 345

744 723 893 799 682,
939 723 1086 799 792,
1123 724 1271 800 852,
1301 725 1449 801 869,
1485 727 1667 803 1143,
1702 729 1888 805 1303,
1922 730 2105 807 1349,

749 833 932 910 1892,
990 833 1182 910 2116,
1239 835 1429 913 2120,
1471 836 1660 914 2123,
1703 839 1893 916 2210,
1943 840 2109 919 00,ρί-

744 943 941 1002 tulum
973 944 1158 1019 1719,
1202 944 1599 1006 scholasticus
1631 948 1816 1024 1349,
1854 950 2110 1010 ecelesia

742 1054 1108 1130 paroehialis
1164 1053 1225 1114 S.
1281 1055 1530 1115 Martini
1572 1059 1721 1134 282,
1765 1059 1915 1137 295,
1959 1060 2110 1138 656,

742 1162 891 1239 682,
952 1164 1138 1239 1005,
1196 1165 1622 1243 1542-1544,
1680 1168 1863 1245 1747,
1921 1170 2107 1248 1909,

742 1272 931 1349 2140,
973 1272 1163 1349 2270,
1193 1272 1315 1333 Int.
1344 1274 1590 1351 LXXI3
1633 1275 1932 1355 hospitale
1959 1298 2107 1357 pau-

741 1400 953 1460 perum
999 1383 1183 1459 1576,
1212 1383 1641 1443 monasterium
1669 1385 2106 1447 canonicarum

741 1490 1139 1569 Regularium
1201 1491 1327 1551 ord.
1393 1491 1454 1550 S.
1516 1493 1851 1571 Augustini
1919 1498 2104 1574 1576,

739 1599 1025 1679 oppidum
1055 1602 1196 1678 383,
1228 1602 1375 1679 443,
1409 1602 1589 1679 1576,
1619 1603 1739 1662 Int.
1767 1604 2103 1682 LXXVII3

740 1731 796 1771 v.
840 1711 1049 1769 Benno
1089 1709 1288 1770 dietus
1325 1710 1521 1789 Creye
1549 1710 1654 1789 de,
1695 1711 2104 1791 Engelbertus

741 1820 1100 1881 Sombekini
1144 1820 1246 1897 de,
1293 1820 1599 1881 Gerardus
1639 1821 1840 1882 dietus
1878 1823 2105 1885 Gruter

741 1931 840 2007 de,
861 1931 1163 1991 Henrious
1192 1931 1394 1991 dietus
1415 1931 1634 2010 Spiker
1661 1932 1763 2009 de,
1793 1932 1836 1991 J
1838 1933 2103 1996 ohannes

739 2040 1000 2101 Walteri
1029 2041 1126 2117 de,
1157 2040 1199 2099 J
1201 2039 1465 2101 ohannes
1486 2041 1601 2101 Pot
1631 2041 1730 2119 de,
1758 2042 2104 2105 Maoharius

739 2149 1020 2209 Nileman
1061 2150 1166 2228 de,
1212 2150 1620 2212 Theodericus
1662 2152 1901 2212 Nicolai
1944 2153 2035 2214 de.

661 2258 1056 2337 Arnsberg
1096 2278 1293 2319 eomes
1336 2259 1409 2319 de
1451 2261 1589 2320 849.

663 2368 1049 2446 Arnulphi
1092 2369 1184 2445 8.,
1227 2370 1658 2430 monasterium
1693 2377 1872 2431 extra
1898 2391 2104 2433 muros

740 2479 1037 2539 Meteuses
1081 2480 1229 2556 388,
1275 2481 1412 2539 393.

651 2588 971 2649 ,Αι-εθῙΙο
1011 2608 1068 2648 v.
1111 2588 1320 2648 Arkel.

663 2698 960 2758 Arthne
1000 2698 1255 2757 eeclesia
1294 2698 1370 2758 de
1411 2700 1589 2758 2276.

660 2809 1147 2867 Arvernense
1188 2807 1525 2869 Concilium
1570 2810 1662 2869 11.

663 2919 1103 2996 Arusteyne
1143 2917 1399 2977 eeclesia
1442 2917 1676 2980 Trevir.
1719 2919 1907 2980 dioec.
1950 2921 2087 2982 381.

662 3029 1002 3107 Asperen
1048 3048 1104 3088 v.
1148 3027 1457 3087 «Iohannes
1502 3027 1802 3106 Spyoman
1845 3029 1937 3089 de.

661 3141 903 3200 Asson
957 3139 1385 3200 monasterium
1436 3139 1690 3200 cistere.
1734 3140 1860 3201 ord.
1905 3141 2099 3200 591-

738 3250 874 3310 593.

662 3358 1084 3419 Assendelf
1122 3379 1178 3419 v.
1222 3357 1406 3437 Hugo
1448 3358 1542 3419 de.

662 3468 1168 3528 Assindensia
1212 3488 1267 3528 v.
1311 3467 1522 3529 Enseu.

665 3578 805 3637 Ast
843 3597 901 3638 v.
946 3575 1230 3645 Quiricus
1270 3577 1594 3637 Bertrandi
1634 3575 1727 3638 de.

661 3686 1032 3745 Autonoes
1072 3686 1237 3746 cives
1279 3686 1427 3763 573,
1476 3687 1662 3763 1188,
1709 3686 1881 3746 1507.

661 3794 903 3855 Asthe
943 3814 999 3854 v.
1044 3793 1386 3873 Stephanus
1427 3795 1520 3856 de.

658 3902 1010 3964 Atmarix
1050 3924 1106 3965 v.
1151 3903 1484 3964 Alkmaria.

661 4011 1207 4073 Atrebatensis
1250 4012 1539 4074 dioecesis
1579 4013 1729 4090 321,
1771 4014 1908 4090 337,
1952 4013 2101 4090 338,

740 4122 891 4199 344,
955 4123 1103 4198 364,
1158 4122 1307 4199 365,
1368 4124 1479 4182 371
1501 4165 1515 4190 ,
1575 4122 1725 4199 375,
1787 4122 2105 4200 episeopus

740 4231 889 4308 369,
919 4231 1070 4308 458,
1099 4231 1448 4308 463-465,
1481 4232 1665 4308 1396,
1699 4232 1884 4309 1796,
1913 4231 2105 4309 2032,

745 4339 998 4400 eeclesia
1052 4340 1202 4417 375,
1256 4339 1529 4400 canonici
1574 4341 1718 4418 167,
1760 4340 1910 4417 533,
1952 4339 2100 4417 534,

745 4448 931 4525 1051,
998 4449 1428 4509 monasterium
1497 4447 1558 4510 S.
1628 4448 1885 4509 Vedasti
1951 4451 2102 4527 375,

742 4576 938 4618 eomes
980 4559 1117 4618 546.

664 4665 1074 4727 Andomari
1117 4665 1207 4743 8.,
1247 4666 1501 4727 ecelesia
1527 4665 1885 4727 Mol-inentis
1913 4667 2100 4729 dioec.

741 4773 875 4833 977.

661 4880 1226 4942 Avenionensis
1269 4880 1524 4941 ecelesia
1561 4883 1705 4959 714,
1734 4883 2102 4961 878,1401,

746 4990 928 5067 1408,
984 4990 1169 5058 1518,
1214 4990 1404 5067 1571,
1451 4991 1637 5068 1648,
1682 4992 1868 5068 1664,
1910 4993 2101 5070 2075,

745 5098 1000 5158 eeclesia
1042 5097 1102 5159 S.
1143 5098 1419 5178 Agricoli
1458 5100 1639 5178 1659,
1685 5102 1870 5179 1676,
1918 5103 2104 5182 1721,

745 5208 931 5285 1752,
989 5209 1173 5286 1769,
1220 5210 1406 5286 1823,
1453 5210 1640 5287 1828,
1685 5211 1871 5287 1840,
1917 5211 2104 5288 1910,

743 5317 931 5393 2013,
985 5318 1175 5395 2046,
1216 5318 1406 5395 2059,
1449 5319 1640 5395 2060,
1683 5319 1872 5396 2088,
1914 5319 2103 5396 2244,

734 5424 805 5485 Β.
836 5425 1017 5486 'Petri
1049 5427 1238 5504 1763,
1264 5427 1453 5504 2248,
1499 5426 1558 5486 S.
1587 5426 1886 5487 Desiderii
1913 5428 2105 5506 2248,

745 5539 1076 5595 conventus
1118 5535 1191 5595 fr.
1234 5535 1659 5614 Eremytarum
1700 5535 1827 5596 ord.
1871 5534 1932 5596 S.
1974 5536 2106 5597 Au·

744 5643 976 5721 gustini
1021 5646 1206 5721 1637,
1248 5643 1417 5704 urbis
1459 5643 1625 5704 cives
1667 5645 1775 5721 93,
1819 5645 1955 5705 850.

2287 702 2679 791 Ανᾶιηωι
2720 731 3085 809 paroehialis
3127 732 3384 794 eeclesia
3428 735 3601 795 1205.

2287 838 2674 900 Averlake
2721 859 2773 900 v.
2814 840 3202 901 Everhardus
3245 842 3337 903 de.

2288 946 2721 1027 Averatege
2762 970 2819 1010 v.
2861 949 3218 1028 Wynanduu
3260 952 3352 1013 de.

2288 1056 2620 1117 Avennio
2662 1078 2720 1119 v.
2765 1059 3074 1119 «Iohannes
3117 1060 3210 1121 de.

2287 1165 2772 1246 Avillonpuy
2812 1188 2869 1228 v.
2915 1168 3270 1235 Thomasius
3312 1172 3417 1250 de,
3460 1173 3735 1253 Wynan-

2369 1275 2481 1336 dus
2523 1276 2617 1336 de.

2285 1383 2795 1445 Aurasioensia
2825 1387 3142 1467 episeopus
3163 1390 3479 1467 1850,1nt.
3497 1391 3735 1453 XLIX.

2285 1493 2884 1556 Aurelianensis
2927 1496 3199 1558 officialis
3245 1499 3433 1576 1964,
3490 1500 3734 1561 univer·

2366 1604 2569 1663 sitatis
2612 1604 2879 1664 studium
2922 1606 3097 1666 2117.

2284 1711 2703 1773 Aureliaoo
2745 1733 2802 1773 v.
2845 1713 3210 1774 Wilhelmus
3251 1716 3347 1776 de.

2284 1820 2613 1881 Aushem
2654 1841 2715 1881 v.
2757 1822 3108 1901 Hadewigis
3149 1823 3242 1885 de.

2284 1929 2710 1991 Ausilhaco
2751 1950 2809 1990 v.
2854 1931 3163 1992 «Iohannes
3207 1932 3299 1993 de.

2285 2038 2570 2099 Aussia
2612 2059 2668 2099 v.
2713 2039 3036 2100 Rainerius
3078 2040 3173 2101 de.

2284 2148 2652 2209 Austriae
2708 2149 2951 2209 ducissa
3004 2151 3154 2228 229,
3203 2152 3323 2212 Int.
3368 2153 3562 2231 ΧΙΧ,
3605 2154 3733 2215 dux

2367 2259 2517 2336 849,
2560 2259 2751 2336 2202,
2794 2258 2971 2320 2203.

2285 2365 2967 2427 Autisiodorensis
3010 2369 3335 2428 canonieus
3377 2370 3517 2430 568.

2286 2474 2886 2554 Auwillonpuoh
2930 2496 2984 2536 v.
3027 2477 3424 2557 Avillonpuy.

2285 2583 2609 2645 Auxona
2653 2605 2708 2645 v.
2751 2585 3118 2645 wilhelmus
3160 2587 3254 2647 de.

2285 2694 2492 2755 Awie
2535 2714 2592 2756 v.
2633 2694 2935 2754 Henrious
2976 2694 3067 2754 de.

2285 2803 2481 2862 Axel
2523 2803 2779 2864 eeclesia
2819 2801 2878 2862 S.
2926 2803 3096 2863 Petri
3142 2805 3328 2883 1541,
3375 2807 3551 2868 1549.

2284 2911 2526 2990 Ayele
2566 2931 2627 2973 v.
2671 2910 2996 2990 Philippus
3038 2911 3133 2972 de.

2285 3130 2690 3196 Babilonia
2728 3129 3329 3209 (Babilouienbroek)
3372 3134 3484 3212 31,
3527 3135 3625 3196 34.

2285 3241 2663 3319 Baeheym
2705 3259 2765 3300 v.
2808 3240 3079 3301 Wirieus
3121 3240 3215 3301 de.

2284 3350 2514 3412 Baelo
2557 3370 2614 3411 v.
2658 3349 2972 3410 Johannee
3013 3350 3107 3412 de.

2283 3459 2744 3537 Baersdung
2783 3479 2845 3521 v.
2885 3460 3200 3521 walterus
3241 3459 3335 3522 de.

2284 3570 2706 3648 Baerstorp
2751 3588 2809 3630 v.
2853 3569 3163 3630 «Iohannes
3203 3568 3301 3631 de.

2283 3678 2741 3755 Bajoeensia
2784 3679 3045 3739 ecelesia
3085 3680 3263 3741 2215.

2281 3787 2486 3848 Bake
2526 3806 2585 3847 v.
2628 3786 2888 3864 Egidius
2928 3786 3023 3848 de.

2281 3896 2617 3957 Bakhum
2659 3915 2717 3955 v.
2762 3894 3058 3956 Gerlaous
3099 3894 3193 3957 de.

2282 4004 2671 4084 Baldaryp
2718 4004 2972 4082 (Balkp)
3012 4006 3190 4065 2277.

2283 4113 2680 4192 Barbergh
2722 4134 2782 4174 v.
2825 4112 3274 4174 Godosohalous
3314 4112 3408 4174 de.

2283 4223 2516 4285 Bai-bi
2557 4220 2919 4302 paroehialis
2960 4222 3216 4284 eeclesia
3256 4222 3362 4303 de,
3413 4223 3730 4285 Rememis

2364 4333 2551 4394 dioec.
2601 4331 2776 4392 1782.

2283 4439 2940 4503 Barchinonensis
2982 4440 3302 4519 episeopus
3333 4441 3731 4520 1518,1571.

2283 4550 2731 4612 Barchueen
2772 4568 2829 4609 v.
2873 4549 3185 4610 Johannes
3225 4549 3319 4611 de.

2282 4660 2475 4723 Bure
2530 4658 2806 4720 dominus
2855 4657 2931 4719 de
2971 4659 3122 4736 685,
3166 4660 3317 4737 686,
3358 4679 3416 4721 v.
3462 4659 3734 4721 Theode-

2363 4769 2527 4829 ricus
2568 4768 2641 4828 de
2657 4812 2675 4846 ,
2722 4768 3107 4829 Theobaldus
3146 4767 3242 4830 de.

2282 4877 2647 4939 Bai-salia
2696 4898 2757 4939 v.
2798 4877 3109 4939 Bornelen.

2282 4987 2755 5048 Basiliensis
2794 4987 3114 5065 episeopus
3155 4987 3307 5065 484,
3349 4987 3488 5048 485.

2283 5096 2606 5158 Bastida
2647 5117 2704 5158 v.
2746 5095 2930 5175 Hugo
2970 5100 3151 5155 natus
3192 5095 3452 5157 Rolandi
3494 5095 3588 5157 de.

2284 5206 2603 5267 Batham
2646 5226 2706 5267 v.
2748 5205 3046 5265 Bakkum.

2284 5315 2588 5377 Bathua
2626 5314 2961 5393 capitulum
3002 5312 3077 5373 de
3123 5315 3257 5376 152.

2284 5424 2662 5487 Batresen
2706 5442 2762 5483 v.
2803 5421 3170 5483 wilhelmus
3212 5421 3306 5483 de.

2286 5533 2618 5596 Bavaria
2659 5551 2718 5592 v.
2759 5530 3053 5592 Albertus
3093 5530 3196 5599 de,
3240 5530 3590 5593 Ludovieus
3636 5531 3729 5591 de.

2285 5642 2713 5702 Bautresen
2754 5659 2814 5701 v.
2856 5640 3169 5703 Batresen.
