4450 6684
1763 499 2166 566 Gmsonms
2209 496 2332 563 XI.
3445 489 3577 554 219

513 727 707 797 2070.
1535 721 1744 802 1372,
1792 718 1987 783 Junii
2031 719 2153 801 25,
2200 718 2564 782 Avenionis.

826 877 1153 943 Franconi
1195 875 1273 940 de
1316 873 1617 939 Bersalia
1643 874 1696 956 ι)
1742 873 1997 958 ejusque
2042 873 2240 937 uxori
2286 871 2507 936 Norae
2549 870 2861 936 nobilibus
2915 867 3093 952 Traj.
3134 867 3322 932 dioec.
3361 863 3582 929 indul-

730 992 947 1071 9etur,
1010 982 1180 1069 quod
1239 983 1308 1046 in
1373 982 1521 1046 locis
1582 979 1916 1044 interdicto
1984 981 2332 1063 suppositis
2380 977 2502 1043 sibi
2545 984 2604 1042 et
2647 975 3083 1059 familiaribus
3128 976 3261 1039 suis
3314 971 3578 1037 Missam

739 1090 999 1175 aliaque
1043 1087 1264 1151 divina
1310 1084 1534 1168 officia
1566 1085 1882 1170 privatim
1929 1082 2237 1147 celebrari
2280 1084 2493 1166 facere
2537 1084 2814 1147 valeant.

738 1272 1006 1340 Sincere
1052 1268 1449 1336 devocionis.
1474 1314 1491 1333 .
1520 1314 1537 1333 .
1564 1316 1580 1332 .
1660 1267 1812 1333 Dat.
1860 1264 2228 1346 Avinione‚
2278 1262 2414 1329 VH
2457 1261 2570 1327 Kl.
2619 1260 2816 1345 Julii,
2865 1279 3037 1325 anno
3084 1256 3395 1323 secunde.

937 1407 1063 1471 περ.
1098 1409 1197 1458 Ao.
1242 1408 1296 1456 T.
1332 1404 1422 1467 15,
1448 1406 1511 1468 s.
1546 1401 1663 1454 163.
2125 1359 2146 1375 ⁹

670 1537 727 1602 1)
764 1536 1061 1588 Borsselen.

521 1880 711 1949 2071.
1536 1875 1751 1957 1372,
1798 1873 1993 1938 Junii
2041 1874 2130 1936 27
2143 1921 2161 1955 ‚
2210 1872 2574 1936 Avenionis.

837 2029 1176 2095 Elizabeth
1235 2029 1492 2093 relictae
1538 2025 1857 2112 quondam
1913 2023 2280 2089 Theodericz‘
2269 2025 2281 2038 ‘
2332 2024 2574 2088 comitis
2619 2022 2695 2086 de
2739 2021 2955 2086 Morse
2981 2022 3061 2105 1),
3124 2020 3350 2086 viduae
3404 2021 3586 2106 Traj.

746 2136 936 2202 dioec.
955 2184 973 2219 ‚
1037 2134 1396 2200 conceditur
1446 2133 1861 2218 privileqium
1914 2132 2255 2217 plenariae
2307 2136 2712 2215 peccatorum
2767 2130 3151 2194 remissionis
3198 2131 3268 2193 in
3312 2129 3587 2194 articulo

744 2244 987 2308 mortis.

748 2423 1067 2491 Provenit
1114 2443 1218 2488 ex.
1247 2469 1264 2486 .
1292 2469 1309 2486 .
1338 2469 1353 2486 .
1404 2420 1558 2488 Dat.
1605 2419 1978 2503 Avinione‚
2026 2419 2090 2484 V
2134 2419 2246 2485 Kl.
2296 2418 2493 2502 Julii,
2542 2437 2715 2483 anno
2763 2416 3071 2482 secunde.

942 2559 1068 2621 1229.
1103 2559 1201 2607 Aa.
1247 2560 1300 2607 T.
1336 2556 1426 2621 15,
1451 2558 1512 2620 s.
1548 2553 1631 2606 39.

676 2683 734 2749 1)
769 2683 963 2735 Meum.

527 3025 2014 3110 2072—2073.1372‚Juzu
2059 3026 2137 3110 3,
2183 3027 2549 3091 Avenionis.

839 3180 926 3246 A.
1018 3181 1396 3268 Enyelberto
1457 3181 1645 3246 Bolle
1704 3180 1781 3245 de
1846 3180 2142 3246 Embrica
2208 3182 2542 3264 confertur
2587 3189 2903 3268 perpetua
2959 3185 3202 3249 vicaria
3247 3185 3482 3250 altaris
3529 3185 3597 3251 S.

756 3287 1138 3354 Gatherinae
1155 3336 1174 3372 ,
1236 3291 1307 3353 in
1367 3289 1620 3354 ecclesia
1681 3287 1749 3352 S.
1813 3288 2099 3353 Martini
2159 3287 2557 3353 Embricensi
2612 3309 2845 3353 vacans
2892 3312 3019 3375 per
3075 3291 3306 3356 obitum
3356 3293 3604 3358 Cesarii

755 3394 918 3459 Nese
984 3397 1054 3460 in
1121 3397 1304 3460 curia
1373 3395 1659 3478 defuncti
1725 3402 1783 3460 et
1842 3396 2027 3459 ultra
2090 3397 2180 3459 10
2240 3395 2512 3506 florenos
2567 3398 2719 3461 auri
2761 3396 2838 3461 de
2884 3396 3219 3464 Florentia
3264 3403 3601 3465 annuatim

746 3523 875 3567 non
919 3505 1154 3569 valens.

849 3610 929 3674 B.
1023 3610 1337 3676 Detinaro
1381 3610 1548 3675 dicto
1580 3608 1847 3674 Herken
1877 3609 2207 3692 confertur
2226 3617 2546 3695 perpetua
2576 3611 2935 3695 capellania
2964 3614 3244 3697 capellae
3274 3613 3342 3679 S.
3379 3615 3601 3680 Crucis

761 3715 973 3800 Traj.‚
1020 3718 1202 3781 ultra
1245 3718 1289 3781 3
1335 3716 1630 3781 marchas
1680 3717 1934 3801 arqenti
1976 3718 2313 3780 annuatim
2359 3737 2488 3781 non
2532 3717 2748 3781 valens
2791 3723 2851 3781 et
2895 3738 3127 3782 vacans
3165 3740 3241 3783 ex
3278 3741 3376 3804 eo,
3425 3724 3597 3809 quod

755 3821 1066 3886 Nicolaus
1132 3821 1339 3887 dictus
1410 3821 1653 3886 Nerine
1713 3819 2046 3906 presbyter
2103 3827 2490 3906 perpetuum
2555 3824 2627 3885 in
2686 3823 2939 3886 ecclesia
2999 3822 3053 3886 b.
3101 3823 3358 3890 Mariae
3413 3826 3595 3911 Traj.

752 3928 1111 4012 beneficium
1156 3937 1247 3995 est
1290 3936 1632 3995 assecutus.
1685 3966 1766 3976 —
1816 3928 1956 3993 Pro
2003 3935 2277 4014 utroque
2321 3928 2723 4014 deputantur
2767 3937 3135 3994 executores.

745 4109 1136 4176 Laudabilia
1177 4110 1544 4198 probitatis·
1571 4159 1588 4177 .
1615 4158 1632 4177 .
1660 4158 1677 4176 .
1725 4110 1879 4175 Dat.
1927 4110 2290 4194 Avinione,
2339 4112 2404 4177 V
2447 4111 2512 4176 N
2515 4130 2618 4174 on.
2666 4110 2712 4177 J
2714 4110 2865 4194 ulii,
2913 4132 3085 4177 anno
3133 4113 3443 4180 secundo.

951 4247 1076 4310 περ.
1111 4248 1210 4297 Α..
1252 4244 1314 4298 T.
1349 4246 1436 4312 12,
1464 4248 1524 4311 s.
1560 4246 1683 4297 101⁶
1718 4250 1767 4296 ot
1789 4246 1850 4311 s.
1886 4244 2026 4297 1340.

1783 4508 2364 4516 ——-———--——

533 4714 730 4785 2074.
1579 4719 1794 4801 1372,
1843 4718 2021 4783 Julii
2064 4719 2138 4801 3,
2187 4719 2555 4783 Avenionis.

864 4872 1201 4941 Wilhelmo
1245 4875 1322 4939 de
1368 4875 1578 4961 Ripen
1623 4875 1952 4958 confertur
1988 4882 2309 4959 perpetua
2354 4876 2601 4939 vicaria
2631 4876 2917 4940 ecclesiae
2949 4855 3026 4940 δ’.
3051 4875 3323 4940 Lebuini
3353 4873 3602 4938 Daven·

764 4982 1048 5066 triensis,
1110 4983 1291 5047 ultra
1351 4984 1395 5047 5
1458 4981 1750 5047 marchas
1812 4983 2065 5067 arqenti
2125 4983 2462 5045 annuatim
2525 5003 2654 5047 non
2699 4983 2952 5066 valens,
3002 5003 3196 5068 quam
3242 4980 3480 5046 Petrus
3525 4979 3603 5044 de

775 5084 1080 5152 Vollenho
1107 5089 1193 5172 1),
1240 5110 1282 5152 a
1325 5089 1465 5154 sede
1510 5089 1857 5173 apostolica
1901 5089 2339 5153 canonicatum
2385 5095 2446 5154 et
2480 5089 2913 5175 praebendam
2943 5091 3013 5154 in
3042 5090 3254 5154 eadem
3284 5095 3601 5153 assecutus

761 5194 1051 5277 ecclesia,
1097 5194 1412 5260 dimittere
1461 5203 1726 5261 tenetur.
1778 5231 1860 5243 —
1910 5193 2325 5279 Deputantur
2371 5203 2742 5260 executores.

757 5373 913 5440 Vite
961 5395 1037 5440 ac
1082 5396 1356 5442 morum.
1383 5424 1399 5441 .
1427 5423 1446 5443 .
1472 5424 1489 5442 .
1538 5377 1691 5442 Dat.
1738 5375 2104 5458 Avinione‚
2152 5375 2217 5440 V
2262 5375 2437 5442 Non.
2484 5376 2682 5459 Julii,
2731 5397 2904 5443 anno
2953 5378 3262 5445 secundo.

959 5509 1088 5573 Ray.
1120 5512 1221 5561 Αυ.
1263 5512 1317 5560 Τ.
1352 5510 1445 5577 12,
1470 5512 1531 5573 f.
1564 5510 1682 5562 106.

691 5635 750 5700 1)
785 5635 973 5702 Legas:
1014 5636 1347 5689 Vollenhove.
