4450 6684
772 474 914 538 412
1946 475 2169 541 Innsx
2214 475 2708 543 Pmomnun.

774 693 1180 755 Rainerius
1222 694 1298 755 de
1337 694 1747 773 Westerburg
1791 716 1847 756 v.
1876 696 2230 758 Beinsldus.

778 838 850 849 —
895 804 971 864 de
1012 802 1401 884 GroenIngen
1449 824 1581 866 ean.
1626 804 1791 884 Traj.
1837 807 1972 867 749.

775 947 850 958 -
895 912 970 973 de
1010 913 1235 974 Aussia
1276 915 1426 991 954,
1473 914 1593 975 Int.
1636 915 1895 975 LXXV.

776 1057 849 1067 —
895 1021 969 1081 de
1009 1020 1432 1101 Godelinghen
1476 1022 1947 1100 (Goetlinehem)
1989 1043 2120 1086 osu.
2160 1031 2224 1085 et

855 1133 1008 1192 thes.
1050 1132 1204 1193 Dav.
1250 1134 1396 1209 970,
1442 1134 1617 1194 1062.

772 1277 848 1286 -
906 1241 983 1302 de
1036 1242 1262 1303 Holten
1313 1243 1458 1304 cler.
1509 1243 1717 1305 Gelon.
1761 1244 1982 1321 dioec„
2026 1246 2221 1306 benef.

853 1370 890 1410 a
930 1370 1061 1430 eap.
1108 1352 1166 1411 8.
1211 1353 1382 1413 Petri
1432 1353 1599 1429 Traj.
1649 1354 1821 1413 1189.

772 1493 847 1505 —-
890 1480 1012 1521 van
1033 1462 1414 1523 Drienhusen
1445 1462 1519 1522 de
1543 1463 1827 1523 Embrios
1856 1464 2001 1523 cler.
2027 1464 2222 1524 benef.

852 1571 916 1629 in
956 1571 1105 1633 eeel.
1149 1571 1314 1648 Traj.
1362 1574 1538 1632 1629.

772 1714 846 1724 -
903 1680 1118 1741 Modde
1160 1682 1276 1742 vie.
1320 1682 1383 1740 in
1426 1682 1574 1742 ecel.
1622 1681 1817 1760 Traj.,
1860 1701 1992 1743 ean.
2036 1682 2223 1742 6991·-

853 1789 1193 1868 vlietensis,
1234 1798 1484 1852 curatus
1528 1793 1591 1851 in
1621 1793 1975 1869 Zubbureh,
2005 1792 2222 1853 deinde

851 1918 982 1960 ean.
1027 1901 1086 1961 8.
1130 1901 1292 1961 Salv.
1336 1903 1506 1979 Traj.
1553 1904 1727 1979 1637,
1775 1903 1949 1962 1743.

782 2044 845 2054 -
890 2010 965 2070 de
1007 2012 1269 2073 Bruenie
1310 2013 1433 2072 tab.
1481 2013 1664 2089 1850,
1708 2013 1830 2071 Int.
1876 2012 2109 2071 XLIX.

772 2154 846 2163 —
891 2120 966 2179 de
1007 2122 1252 2181 Braemt
1291 2120 1355 2181 in
1397 2128 1655 2200 utroque
1688 2123 1828 2200 jure
1859 2123 2055 2198 bace„
2084 2141 2218 2181 ean.

853 2230 1017 2308 Traj.
1066 2232 1246 2308 1895,
1291 2234 1478 2309 2141,
1525 2234 1701 2293 2214.

769 2340 996 2401 Basso
1064 2341 1275 2418 (Raso)
1345 2343 1684 2403 Baldewini
1756 2343 1830 2402 de
1891 2342 2222 2402 Maelstede

856 2451 1029 2511 1591.

770 2595 836 2605 -
888 2561 963 2620 de
1004 2562 1280 2621 Barsalia
1325 2563 1510 2637 1855,
1552 2563 1735 2638 1856,
1766 2562 1886 2621 Int.
1918 2561 2220 2621 XLVIII.

770 2671 1233 2750 Reginsldus
1272 2671 1541 2750 archiep.
1586 2671 2010 2731 Armaehanus
2053 2672 2189 2731 222.

771 2815 847 2826 -
888 2780 963 2840 de
1004 2781 1241 2841 Vianen
1282 2786 1397 2840 art.
1440 2799 1630 2858 mag„
1677 2800 1808 2841 ean.
1843 2781 2009 2858 Traj.
2046 2782 2221 2840 1960.

769 2889 1175 2951 Reinaldus
1218 2891 1630 2969 (Raynaldus,
1675 2891 2056 2968 Raynoldus,
2101 2890 2223 2950 Re-

846 2999 1093 3075 naldusq
1137 3000 1517 3078 Reynaldus,
1555 3000 1930 3078 Reynoldus)
1961 3000 1992 3059 I
2020 3018 2219 3061 eomes

846 3107 1089 3169 Gelriae
1129 3112 1276 3186 361,
1306 3111 1657 3187 409—412‚
1688 3113 1834 3187 436,
1866 3112 2219 3185 451-453,

849 3219 996 3295 455,
1053 3219 1403 3296 467-471,
1460 3221 1608 3296 514,
1665 3221 1814 3296 551,
1874 3221 2220 3295 732-734,

851 3329 994 3403 774,
1041 3328 1186 3403 776,
1229 3329 1350 3388 Int.
1394 3329 1623 3405 XXII,
1659 3329 1866 3405 XXV,
1898 3329 2220 3405 XXXIX,

848 3436 1022 3513 XLI,
1050 3436 1354 3512 XLVIII,
1376 3437 1587 3513 LVII,
1611 3437 1814 3497 LXXI
1839 3456 1991 3515 seq.;
2022 3456 2221 3497 eomes

850 3545 919 3603 ΙΙ
959 3547 1105 3621 514,
1149 3547 1296 3623 671,
1343 3546 1487 3621 753,
1533 3546 1677 3623 756,
1716 3547 1862 3622 759,
1896 3548 2043 3622 761,
2075 3548 2222 3623 762,

851 3656 992 3731 764,
1051 3656 1195 3732 765,
1255 3657 1401 3731 768,
1448 3658 1596 3732 770,
1643 3657 1787 3732 771,
1834 3658 1974 3733 781,
2023 3658 2216 3715 784-

851 3767 995 3842 786,
1054 3766 1198 3842 791,
1255 3767 1405 3843 800,
1466 3767 1614 3842 801,
1672 3767 1820 3843 836,
1876 3767 2024 3843 837,
2074 3766 2220 3843 845,

847 3876 994 3951 846,
1052 3876 1197 3951 849,
1255 3877 1403 3951 853,
1462 3876 1612 3952 862,
1654 3877 1801 3953 887,
1845 3877 1991 3952 897,
2039 3877 2222 3951 1220,

849 3988 911 4061 (7
917 3987 1045 4060 53).
1078 3987 1275 4063 (899),
1307 3987 1427 4046 Int.
1457 3988 1573 4046 XX
1604 4005 1726 4064 seq.
1745 4030 1761 4063 ,
1788 3985 2035 4045 XXVII
2064 4005 2220 4064 seq.,

850 4095 1168 4171 XXXIX,
1223 4096 1405 4171 XLI,
1461 4094 1704 4171 XLIV,
1760 4095 2005 4155 XLVII
2061 4114 2217 4174 seq„

850 4203 1059 4281 LVII,
1113 4204 1419 4280 LXXVI;
1479 4205 1607 4264 dux
1651 4205 1753 4263 ΙΙΙ
1802 4207 1989 4283 1166,
2038 4208 2217 4281 1220,

855 4313 1278 4391 1265-1267,
1330 4316 1516 4390 2287,
1576 4315 1769 4391 2288,
1824 4314 1945 4374 Int.
1989 4315 2220 4373 XXIII

850 4440 1006 4500 seq.,
1046 4423 1283 4499 XXIX,
1325 4424 1625 4498 XXXIX,
1668 4423 1892 4500 XLIV,
1923 4424 2217 4484 XLVIII.

768 4566 843 4575 —
887 4531 1088 4592 dietus
1129 4532 1335 4610 Plugh
1377 4550 1508 4591 can.
1555 4531 1613 4591 8.
1661 4531 1822 4592 Salv.
1867 4533 2033 4611 Traj.
2077 4535 2213 4593 638.

769 4675 843 4687 -
901 4641 977 4700 de
1030 4639 1234 4703 Olevis
1282 4660 1486 4719 praep.
1542 4641 1600 4700 8.
1645 4642 1938 4702 Gereonis
1979 4642 2216 4720 Gelon„

847 4771 975 4812 ean.
1022 4752 1185 4829 Traj.
1229 4758 1290 4811 et
1332 4751 1704 4811 Xanetensis
1746 4753 1880 4811 700.

769 4895 842 4906 -
900 4861 975 4921 de
1031 4861 1465 4922 Westerbureh
1523 4861 1737 4939 capell.
1779 4861 2040 4940 papalis,
2084 4880 2214 4921 ean.

849 4970 1042 5048 Traj„
1110 4970 1328 5031 deinde
1391 4989 1649 5050 persona
1710 4970 1785 5030 de
1848 4969 2212 5047 Sohalkwijk

849 5082 993 5158 718,
1036 5081 1182 5157 942,
1226 5081 1347 5141 Int.
1388 5081 1723 5141 LXXVIII

766 5223 841 5234 -
885 5189 960 5248 de
999 5189 1283 5250 Huoerde
1323 5190 1651 5265 (Woerden
1668 5192 1722 5266 P)
1766 5209 1897 5251 ean.
1942 5192 2217 5250 Bomme-

846 5297 1027 5359 lensis
1074 5302 1254 5377 1171,
1303 5302 1478 5360 1181.

768 5443 841 5453 -
884 5415 1065 5470 natus
1090 5410 1408 5469 wilhelmi
1440 5410 1514 5470 de
1547 5409 1710 5488 Reys
1738 5426 1868 5468 ean.
1898 5409 1956 5469 b.
1985 5408 2213 5468 Mariae

849 5518 1010 5597 Traj.
1061 5521 1235 5579 1347.

765 5661 842 5673 -
899 5628 961 5689 8.
1014 5627 1269 5690 Adriani
1324 5629 1477 5690 diae.
1521 5628 1734 5705 (ἕπει,
1777 5645 1906 5689 ean.
1949 5634 2012 5688 et
2054 5627 2212 5686 thes.

2494 696 2659 774 Trsj.
2720 698 2904 772 1486,
2968 697 3150 776 1490,
3213 697 3399 774 1498,
3451 698 3635 774 1514,
3683 699 3853 777 1858,

2493 807 2678 883 2011,
2723 808 2911 883 2163,
2955 806 3142 883 2191,
3188 808 3375 883 2213,
3417 807 3540 866 Int.
3585 804 3814 867 LVIIL

2405 915 2812 976 Reinaldus
2855 915 3097 976 Balbeti
3142 917 3286 976 eler.
3316 916 3852 991 claromontensis,

2488 1043 2620 1085 ean.
2664 1024 2829 1101 Traj.
2877 1026 3059 1101 1571,
3107 1026 3281 1085 1572.

2410 1167 2483 1179 -
2523 1134 2598 1194 de
2627 1134 2843 1195 Trioht
2871 1134 3089 1213 eapell.
3119 1134 3184 1193 in
3209 1132 3632 1212 Overmalsen,
3661 1135 3853 1198 benet.

2488 1261 2526 1303 9
2569 1261 2699 1322 esp.
2746 1243 2912 1321 Traj.
2961 1244 3136 1304 1754.
3289 1297 3296 1303 .

2411 1389 2482 1400 -
2528 1354 2830 1434 Roynsldi
2857 1354 2933 1414 de
2953 1354 3358 1434 Noviomago,
3383 1374 3516 1415 ean.
3546 1356 3606 1415 b.
3631 1355 3852 1415 Mariae

2489 1462 2653 1542 Traj.
2703 1465 2885 1540 1902,
2930 1466 3107 1524 2011.

2410 1608 2482 1619 -
2541 1574 2616 1634 de
2671 1574 2903 1633 Drinen
2958 1574 3103 1634 cler.
3159 1574 3355 1634 benef.
3413 1592 3451 1632 a
3499 1592 3633 1653 esp.
3676 1574 3853 1650 Dav„

2489 1684 2774 1759 restet-(P)
2831 1683 2979 1743 9991.
3035 1702 3164 1761 par.
3221 1682 3296 1743 de
3353 1682 3600 1760 Swolle,
3643 1682 3857 1762 capell.

2487 1792 2957 1871 Zutphaniensis
3001 1768 3198 1869 1907,
3229 1794 3416 1869 2159,
3458 1794 3636 1853 2259.

2408 1935 2480 1946 —-
2517 1900 2830 1962 Godefridi
2852 1901 2927 1962 de
2948 1901 3394 1980 Edingwerden
3415 1901 3855 1980 (Engwierum)

2487 2012 2687 2073 dietus
2711 2010 3042 2091 Seherpine
3068 2012 3213 2072 eler.
3237 2012 3436 2073 benef.
3458 2031 3496 2071 a
3518 2030 3650 2091 esp.
3674 2012 3851 2090 Dav„

2485 2121 2608 2181 tab.
2657 2122 2842 2197 1967,
2886 2122 3074 2198 2001,
3119 2122 3239 2181 Int.
3285 2121 3507 2181 XLIX.

2407 2263 2480 2274 —
2539 2230 2613 2289 de
2668 2230 3010 2291 Brederode
3064 2231 3220 2291 dom.
3262 2231 3338 2292 de
3378 2230 3628 2310 Gennep
3676 2231 3853 2308 1989,

2487 2342 2671 2417 2062,
2737 2342 2922 2417 2065,
2986 2342 3178 2418 2267,
3240 2342 3428 2417 2069,
3492 2341 3680 2418 2109,
3734 2341 3851 2400 Int.

2489 2448 2729 2508 XLVII
2770 2468 2896 2528 seq.

2405 2560 2764 2619 Reinerus
2815 2560 3145 2637 (Renerus,
3187 2560 3576 2639 Reynardus,
3618 2560 3851 2638 Reyne·

2485 2669 2637 2745 rius,
2678 2669 3021 2747 Reynerus)
3064 2689 3120 2729 v.
3165 2670 3506 2730 Rainerius.

2407 2778 2852 2838 Remboldus
2892 2796 3096 2857 praep.
3141 2779 3200 2838 b.
3243 2778 3475 2839 Mariae
3519 2779 3684 2856 Traj.
3726 2779 3821 2838 48.

2405 2887 2673 2947 Remdo
2715 2888 2997 2964 (Reindo)
3038 2887 3114 2947 de
3149 2888 3724 2949 Linwerterawalda
3749 2907 3850 2968 pa·

2486 2998 2706 3057 rochus
2749 2998 2824 3056 de
2865 2997 3333 3058 Rotherawalda
3375 3000 3511 3058 302.

2406 3106 2780 3185 Remigius
2824 3107 3150 3168 Thurionis
3178 3107 3254 3168 de
3284 3107 3625 3186 Dombiayo
3651 3108 3853 3184 (Dom-

2486 3217 2700 3294 brayo)
2765 3235 2895 3275 can.
2958 3216 3361 3277 Virdunensis
3429 3222 3491 3278 et
3556 3216 3615 3277 8.
3682 3217 3850 3277 Petri

2489 3325 2651 3404 Traj.
2700 3327 2880 3403 1659,
2929 3328 3102 3387 1679.

2406 3435 2769 3495 Remonda
2829 3454 2989 3495 uxor
3030 3435 3317 3497 Kemonis
3360 3436 3434 3497 de
3474 3436 3676 3497 Frisia
3715 3438 3848 3496 384.

2406 3545 2809 3624 Reynolfus
2872 3547 3021 3607 Zote
3083 3544 3362 3624 Hugonis
3423 3546 3500 3607 de
3561 3545 3851 3606 Emelisse

2487 3654 2777 3715 scholaris
2825 3657 2998 3715 1012.

2405 3763 2770 3825 Ricardus
2813 3764 3202 3841 (Richardus)
3246 3785 3303 3825 v.
3347 3765 3685 3845 Ryoardus.

2405 3872 2783 3933 Riohildis
2838 3872 3152 3934 domicella
3206 3875 3280 3935 de
3334 3874 3664 3936 Hellandia
3705 3876 3847 3953 240,

2487 3984 2632 4060 242,
2675 3985 2865 4060 (240).

2404 4093 2756 4153 Riolinda
2796 4094 3106 4154 abbatissa
3146 4094 3367 4154 Eltens
3410 4097 3465 4155 7.

2405 4201 2774 4281 Riquinus
2831 4203 3027 4264 Pluoh
3082 4203 3356 4280 (Ploeeh)
3399 4223 3533 4265 ean.
3578 4205 3640 4265 8.
3681 4206 3850 4266 Petri

2485 4313 2648 4390 Traj.
2693 4313 2840 4389 663,
2887 4313 3063 4373 1410.

2405 4455 2478 4465 -
2517 4422 2717 4482 dietus
2742 4420 3136 4500 Oppenoerde
3158 4421 3582 4501 (Uppenorde,
3606 4423 3851 4502 Uppen-

2482 4531 2687 4607 oerde)
2741 4532 2955 4610 capell.
3007 4531 3068 4592 8.
3114 4531 3278 4593 Salv.
3318 4538 3381 4593 et
3423 4551 3558 4593 ean.
3603 4531 3664 4593 8.
3706 4533 3849 4594 Joh.

2485 4641 2650 4717 Traj.
2697 4643 2878 4718 1134,
2925 4644 3108 4716 1291,
3156 4643 3339 4719 1315,
3382 4643 3561 4703 2195.

2404 4750 2817 4828 Ritgardus
2861 4770 2918 4811 v.
2961 4752 3300 4830 Ryeardus.

2403 4859 2712 4919 Rixedis
2766 4866 2908 4920 nata
2967 4860 3275 4922 Frederiei
3330 4862 3482 4922 dieti
3526 4860 3850 4941 Goffinghs.

2489 4970 2662 5030 1127.

2399 5078 2763 5139 Robertus
2805 5081 2994 5140 abbas
3033 5080 3109 5140 de
3150 5080 3363 5140 Insula
3405 5082 3474 5141 B.
3517 5081 3598 5140 M.
3642 5081 3719 5142 V.
3748 5082 3848 5143 29.

2399 5221 2482 5232 -
2522 5207 2718 5249 eomes
2758 5188 2833 5249 de
2874 5188 3194 5249 BentheIm
3236 5190 3372 5249 259.

2403 5332 2476 5342 -
2518 5303 2699 5357 natus
2741 5298 3035 5359 Gnidonis
3075 5298 3313 5359 comitis
3341 5298 3669 5360 Flandrise
3698 5302 3850 5378 370,

2485 5408 2622 5466 463.

2404 5550 2477 5561 -
2525 5517 2849 5577 eanonicus
2891 5517 3267 5578 Susaeiensis
3308 5519 3446 5578 372.

2410 5660 2478 5671 -
2526 5627 2600 5686 de
2643 5627 2900 5687 Bituleti
2939 5646 3072 5687 ean.
3117 5626 3176 5688 8.
3221 5627 3364 5689 Joh.
3408 5627 3572 5706 Traj.
3616 5628 3755 5689 532.
