4450 6684
889 410 1015 472 166
1727 379 1733 387 ’
2182 409 2516 475 Unnuus
2563 410 2646 475 V.

1105 626 1497 692 Laudabilia
1540 628 1952 714 probitatis..
1983 675 1998 691 .
2026 675 2043 692 .
2093 628 2245 693 Dat.
2297 629 2508 694 Rome
2555 629 2730 714 apud
2779 629 3094 694 Sanctum
3140 631 3444 711 Petrum,
3493 629 3630 695 VII
3675 630 3773 694 Id.
3819 630 3940 696 De-

879 734 1194 815 cembris,
1243 754 1416 797 anno
1468 742 1680 798 sexto.

1297 867 1424 929 Bey.
1460 870 1560 917 Ao.
1605 869 1656 917 T.
1696 865 1784 930 17,
1810 869 1870 930 s.
1908 866 2019 915 ⁵252.

2100 1131 2282 1138 ...ς-,-

872 1336 1064 1404 1853.
1562 1337 1772 1419 1367,
1822 1335 2177 1400 Decembris
2224 1338 2343 1419 12,
2406 1336 2643 1399 Romae
2689 1358 2793 1420 ap.
2846 1337 2912 1400 S.
2967 1338 3257 1401 Petrum'.

1187 1487 1644 1572 Infra-scriptis
1708 1487 2073 1569 mandatur,
2138 1494 2208 1550 ut
2270 1486 2563 1550 Johanni
2629 1486 2836 1550 Wilde
2897 1488 2972 1550 de
3033 1488 3406 1553 Dotinchem
3470 1491 3694 1554 clerico
3759 1491 3934 1570 Trai.

1096 1593 1319 1672 dioec.,
1370 1593 1629 1656 Nicolai
1676 1593 1742 1654 S.
1795 1591 2051 1655 Mariae
2096 1593 2165 1653 in
2214 1591 2336 1654 Via
2384 1591 2556 1654 Lata
2597 1591 2848 1656 diaconi
2883 1593 3254 1656 Cardinalis
3286 1596 3648 1678 capellano,
3697 1598 3938 1660 notario

1093 1706 1153 1762 et
1212 1701 1583 1778 secretario,
1649 1699 1982 1780 conferant
2034 1701 2558 1781 praeposituram
2609 1697 2675 1760 S.
2727 1696 3006 1761 Martini
3056 1697 3506 1780 Embricensis‚
3556 1721 3598 1762 a
3645 1699 3934 1764 Johanne

1093 1805 1168 1867 de
1234 1805 1531 1868 Hoernen
1593 1805 1814 1867 clerico
1870 1803 2061 1866 Leod.
2112 1803 2301 1867 dioec.
2342 1824 2464 1888 per
2510 1805 2860 1887 complures
2908 1825 3106 1867 annos
3156 1804 3423 1868 indebite
3468 1814 3836 1889 occupatam
3880 1813 3934 1869 et

1090 1913 1180 1974 25
1226 1931 1590 1974 marcarum
1636 1912 1888 1994 arqenti
1936 1911 2207 1973 valorem
2257 1930 2542 1972 annuum
2591 1931 2714 1973 non
2762 1910 3162 1973 medentem.

1090 2095 1365 2159 Dilectis
1413 2094 1562 2157 filiis
1611 2141 1627 2156 .
1655 2139 1671 2156 .
1723 2093 2054 2178 preposito
2103 2101 2329 2155 sancte
2379 2093 2582 2156 Marie
2634 2101 2701 2156 et
2749 2140 2763 2154 .
2795 2140 2810 2155 .
2860 2094 3072 2157 sancti
3106 2093 3463 2157 Salvatoris
3504 2115 3578 2157 ac
3622 2141 3638 2157 .
3667 2142 3683 2158 .
3730 2094 3931 2158 sancti

864 2204 1050 2270 Petri
1098 2201 1622 2288 Trajectensium
1669 2199 1932 2265 decanis
1982 2198 2403 2263 ecclesiarum
2452 2200 2732 2262 salutem
2781 2207 2892 2262 etc.

1093 2309 1483 2375 Laudabilia
1544 2307 1909 2393 probitatis
1939 2353 1955 2369 .
1984 2352 2000 2369 .
2029 2353 2045 2369 .
2110 2306 2264 2369 Dat.
2331 2305 2541 2369 Rome
2604 2305 2776 2391 apud
2829 2306 3141 2370 Sanctum
3192 2308 3493 2388 Petrum,
3546 2306 3616 2370 II
3661 2306 3763 2371 Id.
3813 2308 3932 2371 De·

866 2417 1181 2498 cambria,
1233 2435 1404 2479 anno
1454 2421 1665 2477 sexto,

1289 2549 1410 2611 περ.
1446 2549 1545 2596 Aa.
1591 2549 1643 2594 T.
1680 2546 1771 2607 17,
1799 2548 1861 2608 s.
1896 2545 2032 2593 346».

870 3016 1064 3085 1854.
1568 3017 1769 3098 1367,
1822 3013 2176 3078 Decembris
2224 3016 2345 3097 30,
2396 3014 2634 3077 Romae
2680 3035 2784 3099 ap.
2837 3013 2904 3076 S.
2957 3015 3244 3077 Petrum.

1182 3171 1476 3236 Johanni
1521 3169 1757 3233 Judoci
1811 3168 2051 3232 Triests
2098 3170 2322 3232 clerico
2368 3189 2494 3231 non
2543 3171 2877 3250 conjufsoto
2923 3190 3032 3232 nec
3082 3170 3146 3231 in
3192 3170 3393 3231 sacris
3433 3166 3762 3230 ordinibus
3802 3189 3932 3231 con·

1091 3281 1311 3342 stituto
1368 3276 1548 3356 Traj.
1598 3275 1786 3339 dioec.
1835 3275 2165 3357 confertur
2217 3274 2664 3338 tabellionatus
2713 3275 3018 3356 officium.

1093 3459 1195 3522 Ne
1243 3464 1716 3522 contractuum.
1747 3505 1760 3520 .
1789 3505 1804 3520 .
1832 3502 1849 3521 .
1898 3457 2050 3520 Dat.
2101 3457 2313 3521 Rome
2363 3455 2534 3541 apud
2587 3457 2899 3523 Sanctum
2950 3457 3254 3540 Petrum,
3305 3457 3409 3520 ΙΙΙ
3450 3457 3560 3521 Kl.
3603 3457 3927 3539 Jnnuarfi,

872 3586 1044 3631 anno
1094 3571 1304 3629 sexto.

1296 3681 1416 3742 Rey.
1450 3682 1546 3731 Ao.
1593 3682 1646 3727 T.
1682 3678 1770 3740 17,
1798 3682 1857 3742 s.
1894 3679 2030 3729 ΗΒΓ.

869 4149 1060 4216 1855.
1560 4150 1768 4229 1367,
1824 4147 2179 4211 Decembris
2230 4150 2352 4228 30,
2404 4147 2638 4209 Romae
2685 4117 2789 4230 ap.
2842 4147 2909 4210 S.
2960 4147 3250 4210 Petrum.

1184 4303 1430 4366 Rusoni
1474 4302 1550 4364 de
1596 4300 1905 4363 Barsalia
1936 4300 1983 4381 1)
2032 4300 2230 4363 nobili
2271 4301 2464 4363 militi
2505 4300 2685 4382 Traj.
2721 4300 2909 4362 dioec.
2945 4300 3304 4364 conceditur
3340 4302 3621 4382 licentia,
3673 4296 3928 4362 habendi

1096 4411 1303 4473 altare
1340 4408 1671 4492 portatile.

1099 4588 1365 4652 Sincere
1408 4585 1794 4649 devotioni&
1826 4633 1840 4646 .
1870 4633 1884 4647 .
1913 4633 1930 4649 .
1982 4584 2132 4648 Dat.
2168 4587 2380 4650 Rome
2413 4586 2583 4671 apud
2622 4587 2935 4650 Sanctum
2969 4587 3272 4668 Petrum,
3323 4587 3426 4650 III
3461 4586 3569 4650 Kl.
3604 4585 3642 4648 J
3652 4583 3918 4662 anuarii,

874 4715 1047 4759 anno
1096 4700 1306 4756 sexto.

1299 4809 1420 4869 Rey.
1458 4810 1554 4855 Αυ.
1600 4809 1653 4856 Τ,
1698 4806 1777 4868 17,
1806 4808 2011 4870 s.4“1'8.

1028 4925 1085 4989 1)
1121 4925 1387 4975 Borselen.

2611 5062 2684 5070 —.—.

878 5269 1070 5336 1856.
1566 5268 1774 5350 1367,
1825 5266 2181 5330 Decembris
2227 5269 2347 5349 30,
2408 5265 2643 5330 Romae
2689 5289 2793 5351 ap.
2843 5267 2910 5331 S.
2962 5267 3250 5331 Petrum.

1192 5424 1417 5489 Eidem
1476 5423 1868 5508 indulyetur‚
1934 5420 2103 5506 quod
2151 5423 2218 5483 in
2272 5422 2420 5483 locis
2466 5420 2798 5483 interdicto
2844 5423 3190 5505 suppositis
3234 5421 3354 5484 sibi
3400 5428 3458 5484 et
3502 5418 3928 5502 santiliaribus

1101 5534 1234 5594 suis
1280 5531 1629 5594 domesticis
1674 5528 1941 5592 Missam
1991 5529 2250 5611 aliaque
2282 5526 2501 5589 divina
2532 5525 2753 5608 officia
2783 5530 3097 5611 privatim
3128 5527 3430 5591 celebra-ri
3461 5528 3674 5609 facere
3705 5528 3923 5590 valeat.

2128 6635 2904 6641 -ὲ
3897 6157 4319 6641 Δ
