4450 6684
874 482 1014 547 204
2128 478 2533 545 Guneonms
2577 478 2700 545 XL

874 699 1072 769 2014.
1758 703 1970 785 1371,
2017 700 2195 765 Julii
2239 703 2363 783 16,
2411 721 2518 786 ap.
2582 700 3070 766 Villamnovam.

1198 853 1499 918 Omnibus
1550 853 2016 940 poenitentibus
2079 860 2139 917 et
2200 853 2537 938 confessis,
2604 857 2719 940 qui
2761 855 2850 920 ad
2890 855 3208 938 fabricam
3254 856 3542 920 ecclesiae
3587 856 3954 942 collegiatae

1104 959 1173 1024 S.
1237 959 1609 1046 Walburqis
1655 960 2157 1046 Zutphaniensis
2202 959 2598 1044 abiecerint,
2646 983 2787 1026 cum
2839 961 3115 1043 „chorus
3163 961 3337 1027 dicte
3387 961 3662 1027 ecclesie
3710 968 3781 1027 et
3827 962 3956 1026 alia

1105 1071 1376 1154 propter
1438 1068 1653 1153 operis
1715 1066 2240 1153 magnitudinem
2306 1068 2617 1154 compleri
2680 1075 3053 1156 nequeant,
3115 1069 3244 1134 nisi
3290 1066 3583 1134 fidelium
3631 1068 3954 1155 suffragiis

1104 1172 1568 1260 adjuventur”,
1616 1195 1783 1238 unus
1829 1195 2040 1239 annus
2087 1181 2146 1238 et
2190 1175 2280 1238 40
2326 1173 2459 1238 dies
2504 1175 2581 1239 de
2627 1178 2932 1258 injunctis
2967 1178 3376 1262 poenitentiis
3422 1177 3824 1240 relaxantur.

1103 1356 1448 1422 Universis
1495 1356 1739 1422 Christi
1785 1354 2093 1422 fidelibus
2139 1363 2482 1444 presentes
2527 1357 2786 1423 litteras
2832 1357 3227 1444 inspecturis
3275 1355 3557 1421 salutem
3604 1364 3716 1420 etc.

1110 1462 1550 1528 Ecclesiamm
1596 1463 1970 1528 fabricis...
2001 1512 2016 1527 .
2080 1464 2516 1530 Presentibus
2562 1469 2715 1551 post
2763 1465 3000 1551 viginti
3046 1485 3255 1530 annos
3303 1464 3572 1528 minime
3619 1463 3953 1548 valituris,

883 1590 1045 1658 quas
1105 1570 1279 1634 mitti
1339 1590 1457 1657 per
1517 1570 1929 1656 questuarios
1989 1570 2354 1636 districtius
2401 1571 2861 1657 prohibemus,
2911 1592 3059 1655 eas,
3109 1571 3164 1636 si
3211 1591 3399 1636 secus
3447 1576 3668 1635 actum
3713 1570 3955 1656 fuerit,

882 1698 1106 1743 carere
1153 1677 1399 1742 viribus
1449 1674 1902 1742 decernentes.
1951 1677 2108 1743 Dat.
2156 1677 2333 1764 apud
2381 1678 2867 1745 Villamnovam
2899 1678 3371 1744 Avinionensis
3405 1676 3712 1759 diocesis,
3753 1676 3954 1742 XVII

879 1785 993 1851 Kl.
1041 1785 1364 1871 Augusti,
1413 1805 1585 1850 anno
1633 1785 1865 1871 primo.

1296 1919 1422 1981 Ray.
1458 1919 1558 1968 Δο.
1602 1919 1657 1967 Τ.
1692 1918 1747 1982 1,
1774 1920 1837 1983 f.
1872 1919 2010 1970 406·.

2096 2182 2688 2191 —————-

874 2409 1079 2477 2015.
1753 2412 1967 2494 1371,
2015 2409 2192 2474 Julii
2236 2412 2367 2492 30,
2413 2432 2518 2496 ap.
2583 2411 3068 2476 Villamnovam.

1196 2566 1467 2632 Roberto
1520 2565 1799 2648 „Helie”
1847 2567 1924 2630 de
1956 2565 2291 2649 Almkerc,
2344 2563 2658 2629 Guidonis
2689 2566 2963 2649 episcopi
2992 2564 3370 2629 Portuensis
3399 2563 3754 2646 familiari,
3803 2583 3942 2627 con-

1102 2674 1320 2756 fertur
1354 2673 1758 2760 parochialis
1804 2675 2057 2738 ecclesia
2103 2673 2180 2737 de
2241 2672 2603 2757 Yselsteyn,
2649 2692 2881 2735 vacans
2925 2693 3041 2758 per
3086 2671 3318 2736 obitum
3368 2670 3652 2737 Arnoldi
3689 2669 3939 2755 Slaper,

1104 2781 1173 2845 in
1219 2781 1403 2845 curia
1447 2780 1754 2862 defuncti.
1805 2817 1887 2828 —
1936 2781 2356 2865 Deputantur
2403 2785 2771 2843 executores.

1107 2960 1499 3027 Laudabilia
1558 2962 1930 3047 probitatis.
1959 3011 1974 3026 .
2004 3009 2020 3026 .
2049 3009 2064 3026 .
2136 2962 2293 3028 Dat.
2353 2961 2528 3050 apud
2575 2962 3063 3028 villamnovam
3110 2962 3581 3028 Avinionensis
3628 2960 3943 3044 diocesis,

888 3067 996 3133 HI
1040 3067 1153 3134 Kl.
1200 3069 1519 3154 Augusti,
1566 3089 1741 3134 anno
1787 3070 2018 3155 primo.

1304 3202 1428 3266 περ.
1470 3203 1562 3252 Α..
1605 3197 1665 3251 Τ.
1701 3201 1755 3265 4,
1782 3204 1846 3267 s.
1880 3202 2022 3253 seon

876 3692 1081 3760 2010.
1724 3693 1938 3774 1371,
1991 3692 2276 3777 Anqusti
2321 3693 2398 3775 4,
2443 3713 2550 3777 ap.
2613 3691 3102 3757 Villamnovam.

1199 3847 1533 3913 Friderico
1593 3847 1759 3912 dicto
1819 3847 2164 3932 Capellaen
2208 3847 2443 3911 rectori
2475 3845 2878 3932 parochialis
2924 3847 3210 3910 ecclesiae
3254 3846 3326 3909 in
3371 3843 3637 3908 Marsen
3661 3843 3716 3927 1)
3772 3841 3949 3924 Trai.

1111 3953 1300 4018 dioec.
1365 3953 1813 4036 conferendum
1876 3958 2240 4016 reservatur
2300 3951 2660 4035 beneficium
2717 3972 2828 4015 seu
2876 3951 3162 4033 officium
3207 3952 3342 4015 sine
3388 3969 3547 4014 cura
3591 3950 3662 4012 in
3707 3949 3957 4013 ecclesia

1117 4060 1300 4142 Traj.
1320 4108 1337 4143 ,
1385 4061 1476 4124 18
1519 4079 1887 4124 marcarum
1932 4060 2186 4143 arqenti
2231 4059 2511 4122 valorem
2558 4077 2844 4123 annuum
2889 4077 3016 4121 non
3061 4055 3372 4121 excedens.
3418 4091 3502 4104 —
3543 4055 3957 4140 Deputantur

1109 4174 1480 4232 executores.

1118 4346 1511 4415 Laudabilia
1567 4346 1938 4433 probitatis.
1968 4392 1984 4409 .
2010 4390 2029 4409 .
2059 4392 2075 4409 .
2154 4344 2309 4410 Dat.
2360 4341 2536 4430 apud
2583 4343 3073 4409 villamnovam
3120 4343 3594 4410 Avinionensis
3641 4341 3954 4424 diocesis,

888 4456 961 4521 H
1006 4456 1177 4522 Non.
1224 4454 1551 4540 Augusti,
1599 4474 1774 4518 anno
1821 4453 2054 4539 primo.

1307 4589 1431 4652 Bey.
1467 4589 1567 4637 Δυ.
1609 4587 1663 4636 Τ.
1698 4586 1759 4650 6,
1782 4588 1844 4651 f.
1881 4584 1996 4637 423.

1041 4729 1100 4794 1)
1136 4729 1423 4781 Haaoesen.

888 5139 1081 5208 2017.
1712 5140 1926 5229 1371,
1974 5139 2261 5224 Auqusti
2305 5139 2388 5202 11
2416 5186 2433 5221 ,
2478 5159 2585 5223 ap.
2647 5137 3135 5202 Villamnovam.

1209 5291 1590 5377 Praeposito
1638 5293 1924 5357 ecclesiae
1971 5290 2039 5355 S.
2087 5289 2411 5355 Johannis
2457 5290 2639 5374 Traj.
2679 5290 3049 5374 mandatur,
3088 5299 3163 5356 ut
3197 5293 3634 5357 canonicatum
3671 5298 3732 5356 et
3764 5311 3958 5377 prae-

1123 5399 1385 5464 bendam
1446 5401 1517 5463 in
1575 5400 1831 5464 ecclesia
1894 5398 2077 5480 Traj.
2125 5405 2417 5462 vacantes
2451 5419 2576 5483 per
2621 5396 2858 5462 obitum
2901 5398 3188 5464 Arnoldi
3231 5397 3493 5484 Slaper,
3543 5399 3648 5462 cui
3691 5398 3960 5463 Roberto

1122 5507 1199 5571 de
1242 5506 1652 5592 Dronqhelen
1694 5507 1828 5571 vita
1872 5505 2095 5588 functo
2142 5526 2184 5568 a
2228 5504 2481 5569 domino
2530 5503 2723 5590 Papa
2767 5512 2954 5570 erant
2998 5507 3297 5589 collatae,
3346 5505 3637 5588 conferat
3680 5505 3959 5572 Henrico

1117 5613 1283 5678 dicto
1328 5612 1582 5678 Scriver
1625 5614 1921 5678 canonico
1967 5610 2359 5676 Embricensi
2401 5618 2461 5675 et
2508 5610 2821 5677 Gnidonis
2869 5613 3144 5697 episcopi
3177 5611 3559 5678 Portuensis
3603 5614 3953 5698 capellano.
