4450 6684
742 528 1028 577 xxxvm
2024 512 2516 581 Inraonucrio.

744 729 941 796 unius
999 729 1210 796 librae
1272 734 1625 815 argenteae
1687 730 1894 811 (num.
1957 732 2055 815 7),
2119 732 2588 809 monasterium
2649 731 3157 819 Egmundanum
3183 734 3237 819 ι)
3296 735 3586 822 itemque
3647 757 3802 802 con·

744 842 987 903 ventus
1017 833 1588 921 ·Rynsburgensis
1651 854 1916 900 censum
1981 841 2295 922 quattuor
2355 835 2713 902 solidorum
2774 837 3293 923 Frisingensium
3347 841 3621 923 (numm.
3683 843 3796 924 17,

744 943 868 1024 36,
919 941 1079 1023 163,
1127 940 1307 1023 502).
1376 936 1502 1005 Oui
1555 938 1942 1025 obligationi
1982 939 2143 1026 quin
2182 940 2574 1026 regulariter
2613 940 2812 1007 fuerit
2849 942 3285 1026 satisfactum,
3334 942 3623 1009 dubitari
3662 965 3798 1010 non

742 1051 965 1133 potest
1033 1044 1342 1131 idemque
1408 1063 1883 1129 nonnunquam
1951 1040 2313 1129 diplomata
2379 1049 2608 1109 nostra
2675 1044 3034 1111 ostendunt
3101 1047 3304 1135 (App.
3373 1047 3507 1131 VI,
3578 1048 3796 1132 XIV).

742 1149 1017 1216 Maximi
1067 1150 1243 1216 enim
1281 1149 1629 1214 aestimare
1667 1147 1969 1212 solebant
2007 1146 2282 1213 abbates
2320 1148 2519 1213 talem
2563 1148 2666 1214 sui
2703 1149 3084 1215 monasterii
3121 1152 3610 1239 exemptionem
3650 1157 3720 1217 et
3756 1173 3798 1216 a

743 1254 902 1321 sede
949 1255 1254 1321 Romana
1299 1250 1808 1341 dependentium
1852 1248 2299 1316 immediatam
2318 1300 2336 1333 ,
2384 1253 2629 1340 quippe
2676 1274 2807 1340 qua
2838 1253 2921 1319 ab
2955 1254 3263 1342 episcopo
3292 1255 3401 1320 vel
3430 1277 3472 1321 a
3500 1256 3794 1343 principe

742 1359 1098 1442 saeculari,
1170 1356 1455 1444 negotiis
1521 1355 1900 1421 monasterii
1968 1355 2368 1421 intervenire
2438 1362 2719 1422 conante
2740 1406 2758 1441 ,
2807 1362 2987 1423 tutos
3033 1379 3103 1423 se
3151 1357 3525 1425 redderent.
3620 1359 3794 1435 Qua-

744 1470 1012 1553 propter
1056 1463 1341 1549 idipsum
1388 1460 1803 1548 privilegium
1848 1459 2250 1526 monasteria
2293 1458 2800 1545 Egmundanum
2851 1465 2921 1526 et
2966 1461 3485 1548 Rynsburgense
3523 1484 3565 1528 a
3601 1464 3796 1530 variis

744 1570 1061 1637 Romanis
1109 1566 1542 1634 Pontificibus
1588 1565 1924 1629 multoties
1971 1562 2489 1628 confirmandum
2537 1568 2606 1628 et
2653 1563 3118 1631 stabiliendum
3167 1572 3480 1631 curarunt
3520 1569 3794 1651 (numm.

751 1677 916 1758 176,
963 1674 1133 1758 492,
1182 1672 1349 1755 494,
1399 1671 1568 1753 495,
1618 1670 1787 1751 537,
1835 1669 2006 1750 549,
2056 1669 2225 1749 629,
2277 1668 2500 1751 1280).

402 1761 678 1878 Δι’ἒζῃξῃ*
973 1779 1307 1846 Abbatem
1373 1774 1742 1861 regularem
1811 1793 1850 1837 a
1916 1771 2226 1837 fratribus
2286 1771 2594 1858 professis
2640 1772 2743 1836 sui
2788 1773 3168 1838 monasterii
3214 1773 3591 1859 eligendum
3675 1773 3791 1840 sed

369 1845 702 1948 bogodicondi.
749 1886 832 1951 ab
903 1882 1230 1950 ordinario
1302 1901 1420 1945 suo
1484 1879 1790 1966 episcopo
1845 1873 2328 1941 benedictionis
2374 1895 2649 1941 munere
2696 1875 3062 1941 ornandum
3099 1876 3344 1961 jubent
3390 1822 3795 1961 can011’es.2)

746 1990 937 2066 Quod
1000 2010 1146 2055 cum
1209 1987 1556 2073 episcopus
1613 1981 1838 2047 abbati
1883 1979 2078 2046 alicui
2122 1979 2630 2067 impertivisset,
2678 1985 2923 2046 certam
2969 1982 3532 2068 procurationem,
3578 1981 3678 2046 uti
3722 1981 3795 2046 in

746 2097 1021 2163 caeteris
1085 2090 1531 2159 functionibus
1595 2086 1793 2152 sacris
1853 2085 1980 2149 rite
2028 2084 2347 2170 peractis,
2408 2086 2675 2171 exigere
2721 2091 2792 2151 et
2837 2086 3129 2172 recipere
3175 2086 3274 2151 fas
3322 2091 3487 2151 erat.
3581 2087 3794 2173 Super

744 2203 859 2268 tali
918 2206 1140 2266 autem
1188 2195 1588 2282 obligatione
1635 2188 2194 2278 dispensationem
2241 2188 2541 2276 papalem
2588 2189 2967 2276 impetravit
3011 2188 3088 2254 Ε.
3137 2190 3343 2255 abbas
3391 2189 3793 2255 Middelbur·

742 2306 1001 2392 gensis,
1061 2305 1158 2368 ita
1209 2307 1288 2367 ut
1331 2297 1810 2364 benedictionis
1855 2312 2093 2358 munus
2139 2292 2342 2377 gratis
2389 2292 2656 2357 omnino
2702 2293 2829 2381 ipsi
2876 2293 3156 2359 conferri
3203 2299 3539 2381 oporteret
3583 2295 3790 2376 (num.

749 2411 922 2494 109).
1016 2408 1224 2474 Porro
1289 2404 1415 2470 hac
1482 2404 1553 2468 in
1621 2421 1729 2481 re,
1793 2399 2036 2485 quippe
2090 2417 2262 2484 quae
2308 2396 2636 2483 quandam
2682 2396 2767 2462 ab
2815 2397 3144 2462 ordinario
3192 2399 3499 2487 episcopo
3545 2396 3792 2485 depen-

744 2514 1008 2579 dentiae
1076 2512 1397 2577 rationem
1464 2506 1844 2584 induceret,
1914 2501 2178 2589 plenam
2222 2500 2599 2565 libertatem
2645 2502 3067 2588 appetierunt
3114 2502 3388 2568 abbates
3436 2501 3790 2588 regulares.

744 2616 1033 2684 Proinde
1080 2622 1156 2681 ut
1202 2636 1244 2679 a
1287 2610 1583 2700 quolibet
1628 2607 1950 2674 catholico
1997 2606 2293 2670 antistite
2343 2624 2582 2669 munus
2626 2604 3108 2670 benedictionis
3156 2606 3448 2692 recipere
3488 2610 3790 2691 possent,

742 2722 1003 2788 veniam
1063 2720 1364 2808 papalem
1425 2714 1791 2800 complures
1855 2710 2318 2775 obtinuerunt:
2385 2709 2483 2773 ita
2543 2709 2874 2774 Henricus
2936 2708 3020 2774 de
3081 2709 3427 2775 Boechout
3472 2709 3676 2775 abbas
3722 2709 3791 2776 Β.

742 2827 936 2893 Pauli
1000 2822 1441 2909 Trajectensis
1502 2821 1708 2903 (num.
1761 2816 1998 2898 1212);
2059 2812 2350 2878 Jacobus
2398 2819 2467 2878 et
2512 2813 2936 2878 Hermannus
2984 2813 3258 2879 abbates
3304 2814 3376 2877 in
3424 2812 3794 2880 Oostbroek

743 2935 1016 3017 (numm.
1072 2930 1277 3010 1441,
1324 2925 1559 3008 2265);
1610 2921 1793 2987 Ocko
1839 2918 2043 2984 abbas
2091 2916 2159 2981 S.
2205 2914 2498 3002 Odulphi
2526 2917 2593 2980 in
2630 2916 2893 2982 Stauria
2922 2920 3130 3002 (num.
3169 2919 3403 3002 1642);
3439 2916 3791 2982 *Johannes

745 3036 829 3103 de
892 3035 1225 3120 Hillegom
1288 3029 1491 3096 abbas
1551 3021 2060 3112 Egmundanus,
2109 3041 2306 3107 quem
2352 3041 2394 3084 a
2438 3020 2687 3086 Jacobo
2736 3021 3043 3107 episcopo
3092 3020 3438 3087 Oroatensi
3482 3020 3793 3086 benedic-

746 3141 944 3207 tionis
1011 3157 1283 3205 munere
1353 3132 1740 3218 insignitum
1807 3127 2107 3192 novimus
2176 3127 2385 3209 (num.
2439 3127 2648 3208 1851,
2711 3124 2886 3212 App.
2935 3125 3102 3209 IX);
3163 3125 3495 3190 Henricus
3553 3125 3793 3190 Braem

744 3248 950 3314 abbas
1023 3235 1618 3324 Middelburgensis
1694 3234 1900 3316 (num.
1972 3232 2212 3313 2147);
2292 3229 2628 3295 Robertus
2702 3229 2908 3294 abbas
2986 3230 3366 3295 monasterii
3437 3229 3792 3295 Bemensis

744 3355 951 3437 (num.
999 3347 1224 3430 2237).

413 3452 663 3533 Apu-tuna
973 3445 1414 3533 caeteroquin
1484 3441 1683 3508 etiam
1752 3438 1822 3502 in
1890 3435 2224 3522 fungendo
2294 3458 2413 3501 suo
2488 3437 2847 3502 ministerio
2918 3437 3020 3501 sui
3078 3438 3342 3502 omnino
3384 3438 3551 3523 juris
3599 3459 3793 3525 quam

403 3521 674 3586 pnnlagu.
749 3557 1116 3626 ordinariae
1164 3547 1450 3637 episcopi
1498 3543 1810 3632 potestati
1859 3541 2140 3625 subJ'ecti
2186 3561 2330 3605 esse
2369 3539 2642 3605 abbates
2671 3540 3090 3625 Egmundani
3123 3542 3431 3606 maluisse
3463 3541 3793 3608 videntur.

746 3665 956 3730 Immo
1004 3664 1080 3724 ut
1127 3651 1511 3742 episcopalis
1559 3646 1899 3734 dignitatis
1939 3642 2354 3731 splendorem
2398 3644 2814 3730 aliquatenus
2853 3646 3366 3727 aemularentur,
3415 3645 3793 3711 Lubbertus

749 3768 952 3833 abbas
1014 3755 1496 3847 Egmundensis
1556 3752 1630 3818 a0
1698 3753 1861 3815 1251
1931 3748 2056 3814 sibi
2122 3749 2387 3834 suisque
2441 3748 2922 3813 successoribus
2971 3770 3161 3813 usum
3209 3749 3480 3831 mitrae,
3530 3749 3791 3832 annuli,

745 3872 1020 3938 aliorum
1081 3860 1550 3954 pontificalium
1599 3861 2130 3921 ornamentorum
2177 3852 2557 3940 impetravit
2603 3853 2809 3935 (num.
2859 3853 3041 3936 232).
3135 3852 3328 3929 Quod
3376 3853 3791 3939 privilegium

718 3965 916 4042 ⁸nunc
964 3969 1228 4060 quidem
1274 3962 1625 4030 abbatibus
1668 3959 1968 4024 omnibus
2009 3957 2352 4045 competit,
2397 3956 2665 4020 minime
2704 3961 2929 4020 tamen
2972 3955 3195 4020 nativo
3235 3955 3579 4022 Canonum
3618 3958 3788 4042 jure.

738 4080 1002 4146 Etenim
1049 4095 1183 4139 non
1230 4070 1410 4159 prius
1458 4064 1717 4131 saeculo
1765 4063 1832 4127 X
1879 4062 2076 4127 etiam
2125 4059 2611 4147 pontificalibus
2658 4060 3059 4124 ornamentis
3106 4058 3400 4124 decorari
3432 4062 3792 4147 coeperunt

737 4184 1011 4250 abbates
1057 4184 1258 4264 atque
1303 4173 1537 4238 mitrae
1583 4188 1741 4233 usus
1787 4162 2055 4229 tandem
2103 4184 2275 4228 saec.
2321 4162 2455 4228 XV
2493 4163 2606 4247 jus
2652 4162 2790 4227 fere
2823 4183 3166 4227 commune
3200 4161 3514 4228 abbatum
3548 4168 3707 4228 erat.
3735 4162 3791 4246 3)

956 4281 1275 4351 Similiter
1320 4275 1624 4354 abbates,
1673 4268 1930 4335 etiamsi
1969 4266 2281 4332 facultate
2314 4265 2544 4331 utendi
2576 4266 3069 4352 pontificalibus
3101 4265 3499 4351 gauderent,
3532 4271 3792 4352 praeter

734 4389 1016 4479 speciale
1081 4382 1272 4451 Sedis
1339 4375 1762 4465 Apostolicae
1817 4371 2235 4459 privilegium
2281 4370 2685 4456 episcopales
2731 4368 3229 4435 benedictiones
3275 4391 3589 4457 peragere
3637 4369 3792 4434 olim

737 4495 1006 4561 minime
1069 4490 1376 4576 poterant
1404 4485 1481 4566 4).
1576 4477 1768 4555 Quod
1830 4468 2246 4564 privilegium
2300 4494 2475 4538 nunc
2522 4472 2788 4559 quidem
2834 4472 3137 4538 omnibus
3182 4473 3548 4558 generatim
3594 4473 3793 4539 abba-

741 4597 920 4661 tibus
978 4590 1177 4676 idque
1243 4607 1360 4674 pro
1424 4584 1558 4648 suis
1605 4580 1897 4647 ecclesiis
1940 4577 2050 4643 vel
2095 4577 2509 4642 monasteriis
2560 4582 2818 4641 tantum
2865 4582 3240 4664 competere
3286 4584 3626 4661 censetur,
3676 4575 3791 4642 sed

744 4698 1109 4784 antiquitus
1186 4688 1525 4779 speciatim
1602 4690 1744 4752 erat
1819 4685 2055 4771 cuique
2131 4682 2358 4748 abbati
2435 4680 2922 4746 conferendum.
3019 4680 3128 4746 Sic
3197 4680 3268 4746 a⁰
3341 4680 3514 4746 1308
3590 4681 3793 4746 abbas

907 5019 966 5084 1)
2062 4999 2219 5064 1357,
2258 5000 2396 5051 Julii
2428 4999 2475 5051 2.

1010 5098 1104 5163 (In
1135 5093 1384 5158 mamiato)
1419 5089 1664 5141 visitatio
1698 5085 1905 5137 abbatis
1939 5083 2338 5149 Egmondensis.

909 5180 1006 5231 Die
1040 5178 1092 5229 ΙΙ
1129 5176 1256 5227 Julii
1289 5173 1538 5224 domiuus
1574 5170 1725 5234 Hugo
1758 5166 1921 5218 abbas
1954 5163 2263 5214 monasterii
2297 5162 2678 5228 Egmondeusis
2712 5163 2913 5213 ordinis
2946 5165 3119 5215 sancti
3145 5164 3418 5215 Benedicti
3443 5164 3794 5227 Trajectensis

739 5261 963 5314 diocesis
996 5274 1091 5324 pro
1126 5272 1234 5308 uno
1269 5269 1411 5305 anno
1445 5251 1683 5317 proxime
1716 5261 1863 5299 nunc
1896 5248 2167 5296 transacto
2200 5257 2294 5308 per
2328 5243 2605 5294 dominum
2642 5242 2941 5294 Johannem
2978 5244 3194 5297 Henrici
3226 5246 3291 5296 de
3318 5244 3591 5296 Zeelandia
3614 5245 3794 5312 legum

738 5345 1009 5395 doctorem
1042 5342 1438 5405 procuratorem
1472 5347 1630 5385 suum
1663 5334 1754 5380 etc.
1788 5326 2038 5379 visitavit.

907 5421 1118 5474 Archiv.
1163 5418 1331 5469 Vatic.
1367 5415 1502 5466 Scor.
1542 5412 1705 5477 Obliq.
1747 5411 1988 5460 Gamerae
2029 5408 2163 5457 Tom.
2195 5403 2288 5469 31,
2312 5402 2374 5470 f.
2409 5401 2517 5455 12⁹.

909 5504 968 5567 2)
1003 5503 1213 5553 Decret.
1247 5498 1401 5564 Greg.
1436 5495 1550 5546 Lib.
1588 5494 1630 5544 1.
1662 5491 1766 5543 Tit.
1801 5491 1867 5542 X.
1902 5503 2017 5553 cap.
2050 5488 2098 5539 1.

912 5583 969 5643 3)
1003 5582 1062 5632 L.
1098 5579 1334 5631 Fer-raris
1367 5578 1624 5641 ,Pr-empta
1657 5572 1950 5624 bibliotheca
1983 5570 2018 5620 i.
2052 5584 2102 5619 v.
2136 5567 2301 5618 abbas
2337 5565 2400 5616 η’
2432 5563 2527 5630 91;
2562 5564 2739 5616 Weiss
2772 5566 2846 5618 l.l.
2880 5565 2947 5616 79
2980 5582 3089 5632 seq.

912 5664 972 5730 4)
1008 5663 1060 5714 Ζ.
1094 5662 1154 5713 Β.
1190 5674 1292 5710 van
1327 5659 1501 5722 Espeu
1536 5657 1637 5706 Jss
1669 5652 2054 5705 almutium
2089 5649 2129 5700 1.
2163 5647 2268 5698 Tit.
2305 5645 2498 5698 XXXI.
2532 5660 2643 5711 cap.
2679 5646 2736 5711 6,
2770 5662 2823 5713 p.
2856 5647 2974 5698 200.
