4450 6684
911 495 1037 560 196
2155 492 2559 560 Guneonms
2603 493 2726 561 XI.

905 713 1102 782 1989.
1910 717 2124 798 1371,
2179 717 2435 801 Aprilis
2482 719 2560 799 5,
2608 719 2973 782 Avenionis.

1228 870 1518 935 Renaldo
1590 871 1666 934 de
1741 870 2092 934 Brederode
2162 869 2362 934 nobili
2430 872 2623 935 militi
2691 871 2872 956 Traj.
2935 872 3124 936 dioec.
3173 872 3532 938 conceditur
3565 875 3974 960 privileyium

1120 979 1459 1063 plenariae
1492 985 1897 1061 peccatorum
1942 979 2328 1041 remissionis
2375 979 2443 1041 in
2490 979 2765 1042 articulo
2811 981 3051 1043 mortis.

1132 1160 1449 1224 Provenit
1497 1180 1603 1222 ex.
1631 1205 1649 1223 .
1679 1205 1694 1220 .
1727 1207 1740 1221 .
1791 1157 1944 1222 Dat.
1993 1157 2362 1248 Avinione,
2411 1159 2583 1223 Non.
2632 1160 2915 1246 Aprilis,
2964 1180 3139 1225 anno
3185 1160 3416 1247 primu.

1326 1313 1451 1373 809.
1485 1308 1581 1359 Ao.
1625 1311 1677 1359 T.
1711 1309 1769 1370 8,
1795 1311 1853 1373 s.
1892 1308 2029 1358 4070.

908 1733 1110 1799 1990.
1891 1733 2100 1813 1371,
2150 1733 2410 1816 Aprilis
2461 1735 2577 1816 10,
2624 1733 2990 1798 Avenionis.

1242 1886 1573 1950 Willermo
1636 1885 1858 1949 Vrieze
1902 1885 2101 1949 nobili
2145 1888 2340 1950 militi
2393 1886 2573 1970 Traj.
2622 1888 2810 1953 dioec.
2857 1889 2946 1952 ad
2974 1889 3337 1952 decennium
3368 1890 3759 1975 indulgetur,
3807 1889 3972 1975 quod
4045 1879 4054 1888 ’

1150 1995 1217 2056 in
1269 1994 1415 2056 locis
1462 1994 1611 2055 iuteo
1630 1991 1792 2054 dicto
1839 1995 2182 2076 suppositis
2225 1992 2348 2056 sibi
2392 2001 2450 2056 et
2492 1994 2930 2076 familiaribus
2973 1997 3108 2058 suis
3153 1993 3423 2060 Missam
3466 1998 3725 2081 aliaque
3760 1996 3974 2059 divina

1134 2100 1355 2183 officia
1390 2102 1701 2185 privatim
1748 2098 2054 2164 celebrari
2095 2101 2307 2182 facere
2354 2101 2582 2164 valeat.

1143 2285 1411 2349 Sincere
1459 2284 1890 2348 devotionis..
1919 2330 1934 2345 .
1965 2331 1980 2346 .
2031 2284 2182 2348 Dat.
2231 2284 2598 2366 Avinione,
2647 2284 2786 2348 IIII
2834 2284 2933 2348 Id.
2982 2285 3263 2370 Aprilis,
3311 2305 3486 2350 anno
3533 2285 3764 2371 primo.

1330 2420 1454 2481 Ray.
1490 2420 1584 2466 As.
1632 2420 1681 2467 T.
1720 2418 1776 2478 9,
1804 2419 1863 2480 fi
1899 2418 2035 2468 252⁹.

908 2843 1100 2912 1991.
1896 2844 2106 2925 1371,
2153 2843 2412 2927 Aprilis
2458 2845 2576 2925 10,
2625 2844 2990 2907 Avenionis.

1261 2995 1610 3060 Wilhermo
1689 2995 1911 3059 Vrieze
1978 2996 2171 3058 militi
2240 2998 2496 3079 ejusque
2562 2998 2752 3059 uxori
2810 2996 3082 3079 Aqneti,
3143 2995 3454 3059 nobilibus
3524 2995 3720 3101 Traj3
3760 2996 3980 3077 dioec.,

1148 3103 1509 3167 conceditur
1543 3103 1954 3187 privileqium
1990 3103 2332 3186 plenariae
2365 3108 2769 3185 peccatorum
2815 3103 3201 3167 remissionis
3245 3103 3314 3165 in
3361 3103 3636 3166 articulo
3683 3103 3925 3180 mortis.

1155 3284 1473 3349 Provenit
1519 3303 1626 3347 ex.
1655 3330 1670 3346 .
1700 3330 1714 3346 .
1745 3331 1760 3347 .
1810 3283 1960 3348 Dat.
2010 3283 2379 3366 Avinione,
2425 3283 2566 3347 ΗΠ
2612 3282 2712 3348 Id.
2759 3282 3041 3370 Aprilis,
3089 3303 3261 3348 anno
3308 3284 3537 3370 primo.

1331 3422 1459 3484 Ray.
1494 3423 1594 3469 Aa.
1634 3423 1687 3470 Τ.
1723 3420 1779 3478 8,
1805 3422 1868 3484 f.
1901 3418 2016 3470 250.

913 3844 1108 3912 1992.
1895 3845 2070 3906 1371
2094 3892 2111 3924 ,
2158 3843 2419 3926 Aprilis
2465 3844 2589 3925 10,
2641 3844 3005 3908 Avenionis.

1246 3998 1547 4063 Omnibus
1604 3997 2067 4082 poenitentibus
2113 4002 2171 4059 et
2217 3996 2550 4079 confessis,
2616 4000 2731 4081 qui
2763 3997 3200 4081 parochialem
3246 3998 3562 4062 ecclesiam
3611 3999 3721 4079 „in
3764 3998 3992 4064 Umm-

1143 4104 1355 4190 veghe
1397 4105 1548 4187 (sic)
1590 4103 2032 4187 Trajeetensis
2078 4100 2384 4182 diocesis,
2432 4101 2511 4165 ad
2548 4123 2773 4187 quam,
2817 4103 2985 4167 siout
3018 4103 3351 4184 asseritur,
3384 4122 3585 4167 eausa
3612 4101 3983 4168 devotionis

1158 4210 1356 4274 etiam
1425 4208 1995 4294 processionaliter
2055 4228 2294 4292 magna
2356 4208 2628 4270 confluit
2691 4207 2917 4293 populi
2977 4207 3407 4292 multitudo”,
3477 4208 3691 4273 diebus
3749 4210 3994 4292 festivis

1152 4336 1355 4400 supra
1417 4336 1593 4379 num.
1659 4317 1837 4378 1977
1900 4315 2197 4378 indicatis
2257 4313 2466 4378 devote
2510 4315 2937 4394 visitaverint,
2993 4316 3229 4379 similes
3275 4336 3350 4379 ac
3394 4317 3461 4379 in
3508 4335 3679 4379 num.
3735 4314 3995 4379 laudato

1136 4423 1565 4507 indulyentiae
1612 4423 2086 4505 impertiuntur.

1175 4602 1500 4689 Splendor
1562 4610 1835 4689 paterne
1892 4602 2118 4687 glorie.
2147 4650 2162 4665 .
2192 4651 2206 4664 .
2237 4650 2252 4664 .
2323 4602 2751 4667 Presentibus
2798 4610 2949 4688 post
2992 4603 3226 4689 viginti
3273 4624 3481 4669 annos
3525 4604 3793 4668 minime
3839 4603 3996 4668 vali-

950 4711 1133 4774 turis.
1191 4709 1345 4773 Dat.
1391 4709 1756 4790 Avinione,
1804 4708 1946 4772 1111
1992 4706 2089 4771 Id.
2138 4707 2415 4794 Aprilis,
2467 4708 2888 4794 pontificatus
2935 4710 3142 4773 nostri
3187 4729 3360 4774 anno
3406 4709 3635 4796 primo.

1336 4844 1462 4905 περ.
1497 4844 1593 4891 Aa.
1639 4844 1692 4890 T.
1727 4842 1783 4903 2,
1810 4844 1871 4906 s.
1907 4841 2044 4892 3082.

916 5268 1115 5337 1993.
1901 5269 2111 5348 1371,
2158 5267 2420 5351 Aprilis
2467 5268 2585 5348 12,
2635 5266 2999 5330 Avenionis.

1261 5422 1658 5505 Gondefrido
1704 5420 1780 5485 de
1825 5419 2226 5504 Ravensbery
2275 5421 2693 5502 conferuntur
2740 5419 3178 5500 canonicatus,
3229 5416 3598 5501 praebenda
3642 5424 3702 5480 et
3744 5419 3996 5502 supple·

1169 5538 1475 5611 mentum,
1523 5531 1589 5592 in
1638 5530 1891 5593 ecclesia
1923 5527 1990 5590 S.
2024 5527 2213 5591 Petri
2251 5526 2433 5609 Traj.
2467 5528 2760 5590 vacantia
2786 5546 2911 5609 per
2941 5523 3174 5588 obitum
3209 5523 3549 5606 Godefridi
3574 5522 3652 5588 de
3681 5523 3994 5588 Nersdom

1148 5639 1219 5701 in
1261 5637 1445 5700 curia
1492 5636 1794 5718 defuncti.
1845 5671 1928 5682 —
1977 5633 2392 5718 Deputantur
2437 5639 2804 5696 executores.
