4450 6684
858 511 984 575 138
2157 500 2492 567 Unnmus
2538 499 2621 565 V.

846 729 1304 796 concessiones
1350 723 1728 811 hujusmodi
1773 723 2065 789 alienata
2111 723 2446 787 inveneris
2495 721 2723 785 illicite
2773 720 2879 784 vel
2927 717 3273 799 distracta,
3322 736 3455 781 non
3501 714 3917 779 obstantibus

846 836 1123 916 litteris,
1186 831 1680 906 instrumentis,
1732 828 2169 915 juramentis,
2234 824 2889 907 renunciacionibus,
2951 825 3140 911 penis
3188 827 3256 888 et
3304 820 3916 888 confirmacionibus

844 941 1258 1030 prescriptis,
1308 937 1391 1002 ad
1427 938 1542 1023 jus
1589 942 1658 1001 et
1704 936 2178 1022 proprietatem
2230 931 2528 1019 ejusdem
2577 931 2851 997 ecclesie
2900 930 3196 1016 legitime
3236 948 3544 994 revocare
3584 947 3918 1013 procures,

847 1048 1361 1114 contradictores
1402 1066 1522 1134 per
1552 1065 1894 1110 censuram
1932 1042 2476 1124 ecclesiasticam,
2516 1041 2960 1129 appellatione
2990 1039 3384 1126 postposita,
3421 1035 3917 1123 compescendo.

846 1157 1081 1222 Testes
1128 1160 1386 1235 autem,
1438 1153 1549 1240 qui
1598 1151 1842 1217 fuerint
1895 1150 2255 1233 nominati,
2307 1151 2363 1214 si
2411 1169 2481 1213 se
2528 1149 2778 1233 gratia,
2834 1147 2984 1212 odio
3029 1146 3134 1212 vel
3168 1147 3400 1211 timore
3433 1145 3912 1227 subtraxerint,

846 1284 1123 1329 censura
1169 1261 1398 1342 simili,
1446 1259 1889 1346 appellatione
1938 1264 2282 1339 cessante,
2335 1257 2690 1343 compellas
2738 1256 3001 1321 veritati
3051 1253 3502 1319 testimonium
3548 1250 3913 1338 perhibere.

853 1370 1006 1435 Dat.
1055 1368 1424 1449 Avinione,
1471 1365 1607 1430 VH
1653 1364 1764 1429 Kl.
1815 1364 2202 1445 Februarii,
2250 1361 2679 1449 pontificatus
2727 1361 2934 1425 nostri
2981 1380 3156 1425 anno
3204 1356 3512 1426 secundo.

1267 1501 1633 1566 Apoyrapluun
1675 1515 1905 1550 coaeum
1950 1498 2005 1548 iu
2041 1498 2181 1549 arch.
2212 1513 2352 1562 prov.
2401 1497 2596 1562 Ultrqy‘.
2630 1497 2696 1547 D.
2731 1493 2855 1558 560,
2907 1495 3149 1544 bont-n
3180 1492 3458 1558 examplari
3489 1490 3777 1542 adm
3810 1489 3928 1540 uto-

1194 1598 1400 1646 ram,
1447 1582 1625 1646 quibus
1668 1581 1820 1631 abbas
1864 1580 2326 1645 Hiddolburyeneie
2370 1579 2697 1629 thesaurario
2746 1579 2980 1628 eeclesiae
3015 1577 3067 1627 Β.
3104 1575 3392 1627 sanatos-ie
3435 1575 3580 1640 (ll-qi.
3611 1577 3933 1639 σύμπνοια

1195 1654 3929 1732 ροηωαέωρυαύυωοῇβσίωωίιηαηόήοωείκῦωωωαοὼωηὸᾰοῑοςιῄᾶἀᾶΝψ

1199 1748 2484 1811 embrinus-‚136⁴3-inoaeartambram.

2110 2043 2234 2050 ...——
2271 2043 2372 2048 -...-
2407 2039 2684 2048 μ’

845 2274 1021 2342 1773.
1786 2276 2001 2355 1364,
2054 2274 2400 2338 Februarii
2445 2276 2567 2356 10,
2617 2275 2979 2338 Avenioni&

1173 2427 1312 2491 Pro
1375 2428 1627 2490 ecclesia
1693 2429 2057 2491 monasterii
2119 2427 2518 2512 Claricampi
2579 2426 2666 2489 ad
2710 2426 3073 2489 decennium
3120 2422 3479 2490 conceditur
3525 2423 3922 2508 indulqentia

1082 2537 1274 2598 unius
1321 2537 1480 2597 anni
1525 2542 1585 2597 et
1628 2536 1718 2597 40
1763 2533 2017 2597 dierum
2065 2539 2251 2598 certis
2297 2534 2516 2598 diebus
2563 2533 2805 2616 festivis
2860 2532 3190 2596 lucranda.

1086 2716 1428 2780 Universis
1476 2715 1715 2779 Christi
1766 2715 2073 2781 fidelibus
2121 2723 2467 2802 presentes
2513 2717 2739 2780 literas
2787 2716 3180 2800 inspecturis
3229 2715 3505 2779 salutem
3555 2721 3666 2776 etc.

1084 2822 1411 2910 Splendor
1457 2829 1731 2909 paterne
1779 2823 2003 2908 glorie.
2034 2871 2049 2888 .
2083 2873 2094 2883 .
2125 2871 2141 2887 .
2189 2824 2554 2910 Cupientes
2603 2824 2823 2908 igitur,
2873 2829 2948 2886 ut
2996 2821 3272 2888 ecclesia
3311 2819 3690 2885 monasterii
3724 2818 3927 2883 Clari-

860 2932 1072 3017 campi
1141 2929 1599 2995 Cisterciensis
1670 2930 1913 2994 ordinis
1986 2931 2430 3016 Trajectensis
2504 2930 2818 3012 diocesia,
2890 2930 2958 2992 in
3023 2949 3180 3015 qua,
3240 2929 3410 2992 sicut
3456 2927 3795 3009 asseritur,
3843 2924 3927 2991 de

853 3038 1040 3123 ligno
1107 3037 1317 3101 crucis
1382 3035 1638 3100 vivifice
1701 3058 1833 3100 non
1897 3036 2155 3101 modica
2215 3059 2367 3123 pars
2416 3058 2492 3101 ac
2543 3038 2750 3102 eciam
2796 3036 3111 3100 nonnulle
3159 3035 3433 3120 reliquie
3482 3033 3674 3099 beate
3721 3033 3926 3098 Maris

860 3144 1253 3230 Magdalene
1318 3145 1649 3226 existunt,
1713 3146 2018 3230 congruis
2084 3145 2443 3210 honoribus
2505 3146 2990 3231 frequentetur,
3040 3150 3108 3209 et
3154 3149 3230 3208 ut
3275 3141 3520 3207 Christi
3568 3140 3797 3207 fideles
3846 3162 3924 3206 eo

856 3250 1180 3315 libencius
1228 3271 1426 3315 causa
1471 3249 1845 3315 devocionis
1879 3252 2219 3315 confluant
2248 3250 2331 3315 ad
2366 3250 2678 3332 eandem,
2720 3272 2847 3336 quo
2880 3249 3126 3314 ibidem
3159 3250 3427 3315 uberius
3460 3249 3632 3313 dono
3666 3248 3925 3314 celestis

862 3358 1073 3443 gratie
1138 3359 1604 3443 conspexerint
1651 3379 1720 3421 se
1768 3358 2083 3439 refectos,
2152 3358 2233 3422 de
2283 3358 2759 3443 omnipotentis
2806 3358 2932 3421 Dei
2979 3355 3425 3421 misericordia
3470 3365 3539 3420 et
3584 3356 3927 3420 beatorum

859 3463 1043 3529 Petri
1109 3470 1179 3529 et
1237 3465 1429 3530 Pauli
1477 3465 1918 3550 apostolorum
1970 3466 2114 3549 ejus
2161 3465 2557 3529 auctoritate
2608 3463 2873 3544 confisi,
2932 3463 3234 3527 omnibus
3282 3483 3435 3527 vere
3481 3462 3933 3547 penitentibus

866 3576 937 3634 et
1007 3571 1359 3651 confessis,
1431 3572 1543 3656 qui
1613 3571 1681 3634 in
1749 3570 2178 3653 Nativitatis,
2253 3571 2822 3651 Circumcisionis‚
2895 3568 3298 3655 Epiphanio,
3369 3568 3933 3650 Resurrectionis,

868 3674 1322 3756 Ascensionis,
1389 3676 1694 3762 Corporis
1758 3675 2021 3740 Domini
2072 3677 2280 3741 nostri
2329 3676 2543 3743 Jhesu
2591 3676 2868 3759 Christi,
2917 3677 3349 3742 Pentecostes
3397 3697 3471 3741 ac
3518 3676 3930 3757 Nativitatis,

868 3782 1464 3863 Annunciacionis‚
1530 3782 2022 3848 Purificacionis
2088 3789 2157 3848 et
2220 3784 2722 3868 Assumpcionis
2789 3782 2983 3849 beate
3043 3784 3249 3848 Marie
3296 3784 3589 3869 Virginis
3635 3790 3705 3849 et
3751 3781 3935 3848 Nati-

853 3888 1077 3951 vitatis
1136 3888 1318 3952 beati
1379 3888 1701 3954 Johannis
1766 3889 2104 3975 Baptiste,
2169 3889 2493 3954 dictorum
2558 3890 3000 3975 apostolorum
3065 3890 3249 3955 Petri
3311 3898 3378 3955 et
3445 3892 3669 3973 Pauli,
3741 3889 3911 3955 dicte

857 3994 1135 4059 ecclesie
1200 3995 1659 4060 Dedicacionis
1723 3996 2198 4060 festivitatibus
2265 4017 2339 4060 ac
2404 3995 2786 4062 celebritate
2855 3996 3164 4062 Omnium
3230 3998 3653 4079 Sanctorum,
3703 4002 3772 4062 et
3817 4017 3934 4084 per

870 4102 1158 4187 ipsarum
1205 4102 1623 4183 Nativitatis,
1673 4102 2078 4189 Epiphanio,
2128 4103 2705 4185 Resurrectionis,
2755 4104 3178 4170 Ascensionis
3221 4113 3289 4171 et
3331 4105 3636 4191 Corporis
3669 4105 3934 4170 Domini

866 4227 1126 4272 necnon
1186 4208 1392 4293 ipsius
1453 4209 1648 4273 beate
1710 4209 1916 4273 Marie
1984 4209 2278 4295 Virginis
2341 4210 2721 4274 Nativitatis
2770 4222 2840 4276 et
2887 4212 3380 4298 Assumpcionis
3427 4233 3504 4277 ac
3549 4211 3930 4276 Nativitatis

865 4312 1186 4378 dictorum
1237 4315 1415 4380 beati
1462 4315 1785 4382 Johannis
1833 4323 1899 4379 et
1952 4317 2396 4402 apostolorum
2449 4318 2632 4382 Petri
2682 4326 2749 4383 et
2783 4320 2975 4384 Pauli
3021 4320 3456 4385 festivitatum
3491 4320 3756 4385 octabas
3787 4320 3936 4403 (sic)

863 4425 932 4484 et
978 4442 1097 4506 per
1144 4442 1266 4486 sex
1316 4421 1456 4486 dies
1489 4420 1737 4486 dictum
1769 4423 2008 4487 festum
2047 4423 2546 4489 Pentecosthen
2576 4425 2958 4491 immediate
2992 4432 3343 4512 sequentes
3374 4428 3694 4514 prefatam
3729 4426 3931 4492 eccle-

860 4526 1026 4590 siam
1076 4526 1314 4591 devote
1363 4528 1773 4592 visitaverint
1819 4530 2192 4610 annuatim,
2244 4531 2531 4616 singulis
2581 4530 2889 4597 videlicet
2936 4533 3368 4598 festivitatum
3415 4535 3818 4600 celebritatis
3865 4539 3933 4599 et

864 4638 1243 4697 octavarum
1292 4634 1580 4718 ipsarum
1628 4640 1696 4699 et
1744 4656 1861 4698 sex
1911 4635 2163 4700 dierum
2211 4636 2660 4722 predictorum
2712 4638 2982 4721 diebus,
3041 4640 3278 4726 quibus
3324 4640 3683 4727 predictam
3733 4641 3936 4706 eccle-

864 4738 1026 4802 siam
1088 4739 1534 4821 visitaverint,
1599 4746 1674 4803 ut
1733 4742 2095 4826 prefertur,
2155 4763 2357 4808 unum
2418 4764 2662 4808 annum
2709 4751 2777 4809 et
2823 4745 3260 4831 quadraginta
3305 4747 3445 4814 dies
3493 4747 3575 4813 de
3622 4748 3934 4834 injunctis

863 4845 960 4909 eis
1023 4844 1418 4930 penitenciis
1480 4845 1988 4911 misericorditer
2053 4847 2452 4913 relaxamus.
2545 4850 2976 4916 Presentibus
3032 4858 3181 4938 post
3229 4851 3621 4919 decennium
3666 4854 3932 4919 minime

861 4949 1179 5015 valituris.
1280 4950 1433 5014 Dat.
1482 4950 1848 5034 Avinione,
1897 4952 2040 5017 IIII
2085 4952 2186 5017 Id.
2236 4954 2618 5039 Februarii,
2668 4977 2841 5021 anno
2893 4957 3204 5022 secundo.

1284 5084 1407 5148 Ray.
1443 5086 1541 5136 Αυ.
1586 5087 1639 5134 Τ.
1676 5084 1731 5147 7,
1756 5087 1818 5151 s.
1853 5087 1968 5137 525.
