4450 6684
1995 480 2481 544 Inmonucrro.
3517 493 3768 540 Lxxvn

720 695 1158 781 TraJectensis
1219 695 1629 779 dioeceseos,
1694 696 1805 783 qui
1864 696 2037 784 apud
2085 694 2327 762 Sedem
2375 692 2822 782 Apostolicam
2869 694 3007 758 vita
3051 693 3261 759 functi
3307 693 3622 779 leguntur
3667 694 3763 776 (v.

715 821 810 885 gr.
874 820 1120 864 numm.
1186 800 1353 882 518,
1419 801 1585 882 772,
1651 801 1779 864 792
1842 802 2018 884 etc.).
2113 798 2406 874 Quorum
2461 797 2746 862 maxima
2794 818 2951 862 sane
2997 818 3147 885 pars
3194 797 3277 863 ad
3325 797 3752 884 precistarum

715 924 922 988 genus
967 903 1361 990 pertinuisse
1407 903 1738 968 censenda
1776 909 1896 969 est.
1960 902 2222 968 Etenim
2272 923 2389 967 suo
2421 900 2741 967 beneficio
2780 902 2920 986 jam
2952 905 3269 987 occupato
3301 901 3568 965 minime
3601 920 3756 964 con·

715 1006 884 1071 tenti
930 1007 1244 1089 alterum,
1293 1007 1490 1071 immo
1536 1008 1726 1094 plura
1770 1013 1846 1071 ut
1890 1007 2354 1093 impetrarent,
2403 1005 2647 1069 curiam
2692 1005 2994 1091 papalem
3040 1004 3433 1069 ambierunt.
3496 1001 3753 1070 Avidae

715 1114 936 1175 autem
1005 1109 1349 1198 cupiditati
1423 1110 1678 1175 frenum
1746 1110 2057 1197 imposuit
2114 1110 2457 1196 inopinata
2521 1128 2692 1172 mors
2747 1115 2948 1195 atque
2995 1108 3316 1194 precistae
3363 1106 3757 1171 beneficium

715 1212 871 1278 Sedi
917 1214 1340 1299 Apostolicae
1387 1213 1721 1278 collationi
1765 1211 2232 1278 reservandum
2278 1212 2607 1277 manebat.
2701 1211 2907 1276 Porro
2955 1216 3361 1298 quantopere
3411 1210 3575 1276 tales
3617 1231 3760 1296 pre-

712 1317 915 1382 cistae
964 1316 1305 1382 Summum
1351 1316 1740 1381 Pontificem
1786 1315 2134 1402 rogitando
2182 1315 2593 1398 obtuderint,
2642 1316 2980 1400 signanter
3026 1314 3384 1380 ostendunt
3415 1314 3755 1380 Johannes

715 1417 795 1484 de
841 1420 1097 1485 Zanten
1146 1426 1214 1485 et
1261 1419 1630 1486 Everardus
1676 1420 1951 1507 Riquini
1998 1422 2270 1503 (numm.
2325 1421 2497 1484 1844
2531 1425 2600 1485 et
2635 1421 2858 1503 2207).
2931 1418 3210 1506 Utrique
3244 1418 3522 1500 scilicet,
3565 1418 3760 1482 simul

710 1543 787 1588 ac
849 1524 1072 1589 literas
1134 1524 1405 1610 papales
1453 1523 1535 1589 de
1581 1525 1826 1589 vicaria
1872 1524 1998 1588 sibi
2044 1525 2377 1609 assignata
2425 1524 2549 1588 rite
2598 1522 2941 1610 expeditas
2989 1523 3361 1607 habuisset,
3410 1528 3488 1587 ut
3532 1523 3755 1586 statim

712 1647 752 1690 a
796 1627 977 1693 curia
1020 1626 1361 1693 recederet
1408 1648 1656 1713 suaque
1697 1628 1766 1691 in
1815 1628 2091 1693 ecclesia
2136 1627 2493 1709 resideret,
2544 1648 2853 1713 expresse
2900 1633 3002 1692 est
3047 1627 3438 1712 injunctum.

929 1730 1121 1797 Alias
1193 1731 1277 1795 ob
1347 1751 1576 1796 causas
1645 1731 1754 1796 alii
1816 1731 1887 1794 in
1949 1731 2129 1795 curia
2181 1730 2519 1817 pontificia
2565 1731 2945 1795 commorati
2990 1730 3191 1795 fuisse
3239 1732 3674 1817 reperiuntur.
3705 1731 3755 1815 l)

709 1834 813 1899 Ita
858 1835 1191 1901 Gobertus
1239 1833 1322 1898 de
1369 1834 1677 1900 Perewez
1725 1834 1794 1899 a0
1845 1835 2015 1899 1245
2065 1834 2248 1899 litem
2297 1833 2673 1899 diuturnam
2716 1833 3027 1919 Lugduni
3068 1834 3410 1918 sustinuit,
3459 1840 3534 1899 ut
3571 1855 3758 1922 prae-

709 1939 1067 2025 posituram
1128 1938 1620 2023 'I'rajectensem
1682 1938 1807 2003 sibi
1868 1938 2232 2003 vindicaret
2294 1940 2500 2022 (num.
2571 1941 2746 2023 167).
2841 1937 3273 2003 Thilmannus
3339 1938 3421 2003 de
3469 1938 3753 2024 Tungris

711 2042 1061 2107 canonicus
1122 2042 1619 2107 Daventriensis
1681 2047 1880 2129 atque
1943 2042 2356 2107 Christianus
2418 2041 2501 2106 de
2556 2040 2701 2107 Elst
2748 2042 3098 2107 canonicus
3148 2042 3214 2108 S.
3263 2043 3446 2108 Petri
3493 2043 3756 2127 Trajec·

712 2147 913 2211 tensis
978 2145 1153 2233 apud
1217 2144 1457 2211 Sedem
1516 2146 1968 2233 Apostolicam
2028 2146 2367 2211 literarum
2432 2153 2501 2212 et
2548 2146 2614 2212 S.
2663 2147 3063 2232 Theologiae
3111 2145 3329 2211 studio
3375 2147 3753 2211 incubuisse

706 2251 1017 2336 leguntur
1078 2250 1353 2334 (numm.
1421 2252 1551 2315 568
1617 2256 1684 2316 et
1753 2253 1971 2334 1254).
2065 2250 2207 2315 Nec
2269 2250 2642 2315 inconsulto
2706 2251 3051 2316 Avenione
3110 2251 3322 2316 adfuit
3366 2249 3755 2316 Fredericus

708 2353 790 2420 de
837 2353 1108 2440 Syrick,
1156 2374 1303 2418 cum
1352 2354 1475 2419 sibi
1522 2360 2054 2442 praesentaretur
2101 2354 2442 2420 electionis
2476 2355 2558 2419 ad
2590 2355 2862 2419 infulam
2895 2356 3385 2441 Trajectensem
3419 2354 3755 2420 decretum

705 2461 908 2541 (num.
959 2459 1139 2541 552).

928 2562 1046 2627 Hii
1107 2567 1326 2626 autem
1392 2561 1631 2646 singuli
1694 2568 1762 2627 et
1823 2563 1935 2627 alii
1998 2562 2365 2648 complures
2432 2563 2693 2628 nonnisi
2740 2562 3041 2646 fortuit0,
3098 2567 3175 2628 ut
3220 2562 3502 2650 speciale
3549 2560 3755 2649 quod-

706 2665 853 2730 dam
899 2666 1238 2751 negotium
1287 2666 1671 2752 explerent,
1716 2668 1787 2731 in
1834 2667 2016 2731 curia
2062 2666 2351 2733 adfuisse
2399 2667 2703 2732 affirmari
2750 2673 3045 2754 possunt.
3112 2667 3356 2733 Contra
3396 2687 3518 2732 nec
3558 2667 3751 2753 pauci

703 2771 1163 2853 inveniuntur,
1222 2770 1333 2856 qni
1380 2772 1450 2835 in
1497 2771 1677 2835 curia
1721 2770 2059 2858 pontificia
2105 2771 2341 2836 stabile
2390 2792 2627 2836 munus
2675 2773 2782 2836 vel
2828 2771 3111 2837 officium
3160 2772 3485 2837 obierunt.
3578 2770 3753 2836 Prae

704 2875 977 2940 caeteris
1023 2873 1297 2940 notandi
1341 2873 1685 2941 videntur:

923 2977 1021 3044 ΑΟ
1072 2980 1242 3042 1296
1290 2979 1687 3044 Wilhelmus
1733 2978 2076 3045 Bertholdi
2124 3000 2466 3044 causarum
2515 2978 2794 3044 auditor.
2819 2980 2874 3063 2)

922 3081 1025 3148 ΑΟ
1086 3084 1257 3147 1302
1305 3083 1544 3148 Petrus
1589 3083 1860 3149 Vander
1905 3084 2141 3149 Praest
2196 3083 2475 3170 scriptor
2521 3089 2592 3148 et
2636 3082 2969 3149 familiaris
3016 3084 3299 3171 papalis,
3377 3083 3459 3149 de
3506 3084 3749 3172 oppido

700 3186 1172 3269 Arnhemensi,
1228 3187 1333 3251 cui
1378 3188 1636 3274 insigne
1680 3189 2094 3275 privilegium
2145 3188 2465 3270 obtinuit,
2514 3187 3035 3274 probabilissime
3085 3194 3267 3253 ortus
3313 3189 3519 3273 (num.
3568 3190 3747 3272 443).

923 3290 1022 3356 A0
1074 3292 1243 3355 1339
1292 3291 1715 3357 Hermannus
1762 3299 1957 3357 natus
2005 3292 2372 3357 Hermanni
2418 3291 2618 3357 Fabri
2664 3291 2747 3357 de
2794 3292 3073 3356 Xanctis
3107 3292 3458 3357 canonicus
3489 3292 3749 3357 Daven-

704 3395 998 3477 triensis,
1046 3393 1362 3461 Anibaldi
1408 3394 2092 3483 episcopi-Cardinalis
2139 3396 2497 3461 Tusculani
2544 3397 2837 3461 notarius
2882 3396 3088 3479 (num.
3138 3398 3318 3480 970).

921 3498 1020 3564 A0
1071 3500 1242 3564 1353
1290 3500 1603 3585 magister
1647 3499 1967 3585 Aegidius
2017 3500 2330 3586 Waspart
2377 3500 2728 3565 canonicus
2774 3500 3250 3586 Trajectensis,
3313 3501 3590 3588 scriptor
3632 3522 3747 3587 pa-

699 3602 894 3688 palis,
958 3603 1336 3689 capellanus
1397 3609 1466 3668 et
1522 3605 1834 3689 magister
1880 3603 2170 3689 capellae
2216 3604 2403 3670 Petri
2452 3604 2741 3690 episcopi
2784 3603 3202 3668 Praenestini
3247 3604 3519 3687 (numm.
3574 3606 3749 3668 1450

699 3713 766 3772 0¹²
817 3708 1037 3876 1553·
1083 3812 1255 3877 1359
1318 3812 1631 3897 magister
1675 3811 2017 3877 Johannes
2065 3812 2340 3877 Henrici
2389 3811 2471 3877 de
2517 3810 2835 3876 Zelandia
2878 3831 3222 3876 causarum
3268 3810 3585 3876 fiscalium
3631 3833 3745 3900 pa-

701 3921 928 3981 tronus
973 3916 1181 3998 (num.
1234 3917 1452 3999 1624).

916 4018 1015 4084 A⁰
1092 4020 1262 4083 1362
1331 4018 1670 4085 {Iohannes
1740 4019 2089 4085 Hobbonis
2149 4020 2503 4085 canonicus
2566 4018 2633 4084 S.
2704 4017 3097 4100 Salvatoris,
3168 4022 3396 4082 cantor
3453 4019 3742 4104 capellae

699 4120 1000 4208 Hugonis
1048 4122 1114 4188 S.
1164 4121 1411 4186 Mariae
1457 4122 1528 4186 in
1574 4122 1843 4187 Porticu
1891 4122 2149 4187 diaconi
2196 4122 2561 4189 Oardinalis
2606 4123 2813 4207 (num.
2870 4122 3090 4205 1706).

917 4225 1016 4291 ΑΟ
1081 4227 1252 4289 1372
1318 4225 1646 4291 Henricus
1709 4225 1791 4290 de
1852 4227 2078 4291 Arena
2124 4227 2479 4292 canonicus
2526 4226 3003 4311 Trajectensis,
3050 4225 3388 4290 literarum
3435 4224 3743 4310 apostoli-

700 4352 915 4396 carum
964 4330 1381 4396 abbreviator
1428 4335 1496 4394 et
1542 4330 1853 4415 magister
1899 4330 2240 4396 Johannes
2288 4330 2513 4395 Wilde
2561 4328 2643 4395 de
2690 4327 3087 4395 Dotinchem
3134 4327 3544 4415 praepositus
3590 4327 3742 4392 Em-

695 4434 1045 4517 bricensis,
1094 4434 1370 4519 scriptor
1416 4433 1667 4520 papalis
1714 4435 1987 4517 (numm.
2039 4435 2208 4499 2041
2263 4439 2332 4499 et
2381 4435 2607 4518 2056).

915 4537 1233 4624 Reliquos
1299 4537 1567 4601 clericos
1614 4537 2056 4622 Trajectensis
2105 4537 2519 4620 dioeceseos,
2574 4536 2687 4623 qui
2735 4534 3084 4622 praecipue
3130 4533 3478 4599 Avenione
3526 4536 3742 4620 cujus-

697 4640 842 4707 dam
903 4639 1269 4707 Oardinalis
1334 4641 1441 4705 vel
1485 4640 1763 4725 praelati
1807 4640 2129 4727 pontificii
2174 4640 2564 4723 familiares,
2614 4638 2988 4722 domestici,
3039 4638 3426 4720 servitores,
3476 4639 3741 4703 cubicu-

692 4745 868 4830 larii,
932 4745 1300 4827 secretarii,
1364 4745 1686 4831 capellani
1730 4746 1837 4809 vel
1884 4744 2095 4810 simile
2144 4743 2302 4831 quid
2348 4745 2419 4809 in
2465 4743 2758 4810 Bullario
2806 4746 3029 4806 nostro
3078 4739 3390 4824 audiunt,
3445 4742 3738 4827 singulos

692 4850 1077 4915 nominatim
1132 4869 1472 4914 recensere
1519 4847 1713 4912 nimis
1758 4849 2087 4935 prolixum
2136 4848 2327 4913 foret.
2420 4847 2553 4913 Eos
2601 4847 2712 4933 qui
2759 4865 3152 4931 cognoscere
3201 4845 3377 4928 vult,
3441 4843 3737 4909 Iudicem

691 4972 907 5019 rerum
951 4952 1261 5039 inspiciat
1304 4951 1426 5017 sub
1474 4952 1723 5039 capite:
1776 4951 2006 5016 Clerici
2057 4952 2486 5035 Trajectenses
2530 4953 2599 5016 in
2640 4951 2843 5014 curia.

910 5056 1063 5121 Non
1123 5061 1347 5121 tamen
1408 5061 1642 5120 notatu
1701 5053 1958 5140 indigni
2017 5054 2328 5121 videntur
2384 5059 2710 5142 quotquot
2752 5051 3117 5118 Bullatium
3163 5057 3460 5116 nostrum
3506 5049 3735 5115 laudat
3804 5070 4062 5135 eaponani

690 5160 877 5226 Sedis
923 5159 1345 5247 Apostolicae
1392 5158 1781 5245 capellanos.
1877 5158 2177 5224 Scilicet:
3825 5138 4033 5204 P²P⁸¹⁰³·

848 5524 906 5587 1)
942 5524 1019 5574 De
1052 5524 1283 5574 Amoldo
1318 5524 1384 5573 de
1418 5522 1680 5588 Isenburg
1714 5524 1806 5574 cfr.
1844 5538 2005 5589 supra
2043 5524 2244 5576 Introd.
2279 5539 2331 5589 p.
2364 5523 2565 5577 XXXI.

846 5604 905 5670 2)
938 5605 985 5656 J.
1020 5605 1085 5655 de
1118 5604 1258 5654 Beka
1302 5604 1550 5654 Chronica
1582 5603 1698 5655 101.

3414 5712 3483 5769 11
