4450 6684
1753 539 2156 605 Ganeonms
2200 539 2325 605 XI.
3434 541 3563 604 245

492 754 694 825 2150.
1348 757 1563 840 1373,
1613 758 1901 842 Auqusti
1944 760 2019 840 6,
2067 779 2176 843 ap.
2239 759 2723 824 Villamnovam.

822 912 1094 977 Ecberto
1138 912 1215 976 de
1268 912 1747 994 „Ottmersem”
1781 913 1834 997 1)
1878 913 2208 995 confertur
2239 912 2644 997 parochialis
2688 914 2946 978 ecclesia
2988 915 3064 978 de
3093 912 3348 979 Malsen
3388 914 3570 997 Traj.

732 1019 957 1103 dioec.,
1006 1039 1198 1104 quam
1244 1040 1384 1082 cum
1430 1018 1752 1103 Stephano
1798 1019 1874 1082 de
1918 1016 2196 1083 Manher
2228 1039 2360 1103 pro
2406 1020 2610 1083 altari
2655 1018 2796 1083 S.S.
2846 1019 3105 1084 Nicolai
3148 1028 3207 1084 et
3237 1019 3570 1085 Barbarae

737 1127 857 1190 sito
926 1127 995 1189 in
1053 1124 1426 1211 parochiali
1494 1125 1747 1189 ecclesia
1814 1125 1890 1188 de
1953 1124 2369 1210 Borqhenden
2393 1124 2448 1207 2)
2519 1124 2700 1209 Traj.
2764 1125 2953 1190 dioec.
3002 1127 3265 1210 putavit
3313 1147 3574 1211 permu-

738 1230 1018 1294 tandam.
1070 1267 1153 1278 —
1203 1229 1618 1315 Deputantur
1662 1237 2032 1294 executores,

737 1411 1119 1498 Apostolice
1169 1412 1362 1477 sedis.
1390 1459 1406 1476 .
1436 1459 1451 1477 .
1481 1459 1497 1477 .
1545 1412 1699 1478 Dat.
1748 1411 1923 1499 apud
1968 1412 2452 1477 Villamnovam
2499 1419 2647 1493 etc.,
2694 1410 2868 1475 VIII
2897 1410 2997 1475 Id.
3029 1412 3353 1498 Augusti,
3401 1435 3574 1480 anno

510 1519 730 1583 tertie.

927 1606 1053 1668 1229.
1090 1608 1191 1658 Aa.
1234 1608 1290 1656 T.
1323 1606 1416 1670 18,
1446 1609 1506 1671 s.
1539 1605 1654 1657 348.

667 1731 726 1797 1)
762 1731 1124 1784 Ootmarsum.
1325 1733 1382 1796 2)
1420 1732 1579 1783 Vicus
1616 1733 1832 1797 quidam
1869 1733 1925 1784 in
1960 1733 2199 1785 Drentia.

504 2183 705 2251 2151.
1285 2187 1498 2270 1373,
1555 2186 1934 2272 Septembris
1979 2189 2098 2271 27,
2152 2209 2258 2273 ap.
2322 2188 2805 2254 Villamnovam.

846 2324 1176 2422 Rutyhero
1223 2338 1299 2403 de
1335 2338 1698 2404 Heethusen
1726 2341 1779 2424 1)
1824 2340 2153 2424 confertur
2188 2341 2578 2425 capellania,
2616 2342 2859 2405 vicaria
2902 2349 3301 2426 nuncupata,
3347 2345 3580 2408 altaris

760 2442 830 2507 S.
878 2442 1200 2509 Johannis
1245 2444 1689 2531 Evangelistae
1733 2449 1844 2511 siti
1885 2448 1955 2511 in
2001 2449 2254 2511 ecclesia
2299 2446 2366 2510 S.
2408 2446 2597 2511 Petri
2634 2445 2844 2530 Traj.,
2897 2468 3088 2532 quam
3118 2469 3259 2512 cum
3287 2448 3585 2514 Johanne

748 2548 825 2612 de
894 2548 1259 2636 Oldendorp
1309 2572 1441 2636 pro
1503 2555 1747 2617 vicaria
1812 2552 1866 2616 b.
1930 2551 2189 2616 Mariae
2233 2555 2302 2616 in
2335 2552 2708 2635 parochiali
2751 2554 3006 2617 ecclesia
3050 2554 3126 2617 de
3171 2554 3385 2619 Busen
3432 2555 3590 2620 Bre-

752 2657 982 2720 mensis
1028 2656 1217 2721 dioec.
1256 2660 1520 2742 putavit
1554 2659 2075 2742 permutandam.
2127 2693 2210 2707 —
2259 2658 2676 2743 Deputantur
2720 2667 3088 2724 executores.

764 2835 1147 2923 Apostolice
1211 2835 1405 2902 sedis.
1521 2883 1538 2902 .
1609 2838 1763 2903 Dat.
1822 2837 1998 2924 apud
2044 2838 2529 2904 villamnovam
2575 2847 2723 2921 etc.,
2771 2838 2836 2904 V
2881 2839 2993 2905 Kl.
3042 2840 3378 2924 Octobris,
3425 2862 3598 2907 anno

534 2940 752 3006 tertie.

951 3029 1078 3093 Ray.
1112 3031 1213 3080 Ac.
1253 3032 1306 3079 T.
1344 3029 1435 3094 18,
1460 3033 1521 3095 s.
1556 3029 1672 3081 345.

686 3154 745 3220 1)
780 3154 1109 3221 Heythuizen
1145 3157 1204 3206 in
1237 3155 1563 3222 Limburgia.

524 3573 734 3643 2152.
1512 3576 1726 3658 1373,
1777 3575 2059 3642 Octobris
2103 3581 2225 3661 18,
2271 3581 2639 3645 Avenionis.

858 3731 1156 3796 Arnoldo
1204 3731 1280 3796 de
1326 3731 1537 3797 Horst
1574 3732 1946 3818 presbytero
2000 3731 2182 3816 Traj.
2231 3732 2420 3796 dioec.
2470 3732 2862 3818 indulgetur,
2911 3733 3083 3818 quod
3125 3735 3196 3798 in
3237 3734 3384 3798 locis
3419 3734 3612 3797 inter-

773 3837 938 3901 dicto
1003 3839 1351 3923 suppositis
1395 3838 1668 3903 Missam
1715 3839 1974 3923 aliaque
2018 3838 2239 3902 divina
2283 3838 2503 3921 officia
2535 3840 2850 3923 privatim
2893 3838 3204 3903 celebrare
3245 3840 3344 3903 vel
3385 3841 3455 3903 in
3500 3859 3619 3904 sua

781 3962 1159 4028 suorumque
1205 3944 1637 4026 familiarium
1672 3945 2042 4029 praesentia
2087 3943 2392 4008 celebrari
2432 3945 2644 4027 facere
2686 3945 2914 4009 valeat.

768 4123 1166 4189 Devotionis
1214 4130 1348 4190 tue.
1383 4172 1398 4188 .
1427 4170 1444 4188 .
1472 4171 1491 4188 .
1538 4124 1694 4190 Dat.
1742 4124 2110 4209 Avinione,
2159 4125 2293 4191 XV
2339 4125 2450 4192 Kl.
2496 4125 2923 4208 Novembris,
2970 4146 3144 4190 anno
3190 4125 3406 4191 tertio.

966 4258 1095 4320 Rcy.
1129 4258 1228 4308 Αυ.
1270 4254 1331 4308 T.
1364 4256 1457 4321 16,
1483 4260 1545 4322 s.
1578 4257 1720 4309 3260.

534 4676 744 4748 2153.
1527 4682 1739 4764 1373,
1792 4679 2076 4746 Octobris
2122 4683 2242 4765 20,
2288 4681 2654 4745 Avenionis.

865 4833 1009 4897 Pro
1074 4834 1445 4919 praeposito
1515 4839 1575 4896 et
1648 4841 1948 4897 conventu
2008 4834 2377 4899 monasterii
2433 4835 2503 4896 in
2562 4831 2926 4897 Bethlehem
2971 4831 3109 4897 ord.
3157 4831 3227 4896 S.
3274 4833 3626 4919 Auqustini

793 4936 975 5022 Traj.
1046 4939 1240 5002 dioec.
1313 4939 1726 5023 infrascripti
1793 4939 2185 5024 deputantur
2253 4925 2743 5022 conservatores,
2813 4938 3036 5024 quibus
3100 4939 3448 5003 mandatur
3462 4988 3480 5022 ,
3548 4947 3623 5004 ut

781 5045 1261 5129 qualescumque
1327 5047 1612 5129 ipsorum
1670 5046 1739 5109 in
1773 5048 2071 5131 personis
2115 5047 2213 5110 vel
2259 5045 2432 5110 bonis
2475 5046 2901 5110 molestatores
2932 5066 3059 5131 per
3103 5066 3399 5110 censuras
3441 5047 3624 5111 eccle-

780 5152 1074 5214 siasticas
1122 5150 1210 5214 ad
1254 5149 1526 5214 debitam
1569 5151 2066 5232 satisfactionem
2111 5152 2511 5237 compellant.

777 5330 1058 5396 Dilectis
1098 5330 1249 5395 filiis
1301 5378 1315 5393 .
1348 5378 1364 5394 .
1405 5330 1602 5395 beate
1632 5329 1841 5395 Marie
1881 5330 1966 5395 ad
1998 5330 2258 5397 Gradus
2290 5330 2701 5397 coloniensis
2742 5334 2813 5394 et
2852 5375 2870 5394 .
2897 5375 2913 5393 .
2954 5329 3162 5393 sancti
3191 5329 3460 5395 Martini
3489 5331 3630 5397 Mo-

579 5435 1001 5501 nasteriensis
1033 5456 1108 5500 ac
1140 5482 1191 5500 ..
1227 5435 1666 5501 Embricensis
1690 5434 2129 5520 Trajectensis
2162 5436 2439 5503 diocesis
2471 5434 2735 5501 decanis
2766 5433 3185 5500 ecclesiarum
3209 5435 3495 5499 'salutem
3518 5444 3630 5500 etc.

801 5540 910 5606 Ad
960 5540 1412 5628 reprimendas
1456 5540 1849 5605 insolencias
1896 5547 2449 5627 transgressorum
2496 5547 2566 5605 et
2610 5538 3158 5624 transgressiones
3202 5539 3632 5605 insolenciam

575 5645 1034 5730 refrenandas,
1082 5646 1138 5710 si
1176 5666 1416 5711 nervus
1455 5645 1716 5733 publice
1749 5645 2089 5734 discipline
2118 5648 2471 5731 lentescat,
2519 5666 2744 5711 eorum
2776 5644 2858 5710 ad
2890 5644 3293 5732 peccandum
3322 5646 3628 5711 voluntas
