4450 6684
1807 563 2124 629 ominans
2183 560 2304 628 VI.
3546 557 3588 621 9

518 787 713 856 1244.
1402 796 1412 804 ‘
1495 786 1710 868 1348,
1758 786 2015 870 Aprilis
2062 785 2183 867 25,
2232 784 2596 848 Aveniom's.

839 942 1183 1007 Giselberto
1246 941 1323 1006 de
1382 939 1802 1005 Walenborch
1862 938 2284 1021 conferuntur
2331 940 2772 1021 canonicatus,
2812 936 3180 1022 praebenda
3228 946 3286 1003 et
3331 940 3590 1023 supple-

748 1056 1019 1114 mentum
1082 1049 1367 1113 ecclesiae
1428 1047 1495 1111 S.
1562 1047 1920 1112 Salvatoris
1992 1045 2174 1129 Traj.
2195 1094 2212 1127 ,
2265 1065 2428 1130 quae
2473 1046 2623 1109 olim
2672 1066 2714 1108 a
2760 1043 3059 1109 Johanne
3104 1044 3179 1109 de
3227 1043 3588 1110 Daventria

748 1156 994 1221 obtenta
1057 1176 1227 1219 nunc
1278 1175 1404 1239 per
1469 1153 1729 1218 liberam
1790 1154 2274 1236 resiqnationem
2338 1150 2667 1216 Wilhelmi
2727 1151 2803 1215 de
2865 1151 2996 1238 Zyl
3056 1153 3268 1217 clerici
3329 1159 3589 1237 vacant,

752 1264 891 1329 licet
951 1261 1162 1326 adhuc
1222 1283 1264 1325 a
1331 1261 1622 1326 Gerardo
1671 1260 1747 1324 de
1794 1259 2165 1324 Herderwic
2211 1260 2434 1323 clerico
2482 1266 2540 1321 et
2586 1258 2884 1323 Johanne
2933 1259 3239 1323 Grawart
3283 1266 3589 1346 occupata

752 1375 1100 1433 teneantur.
1152 1405 1234 1415 —
1283 1367 1701 1452 Deputantur
1747 1373 2116 1429 executores,

748 1552 905 1618 Vite
968 1573 1044 1618 ac
1103 1573 1379 1617 morum.
1407 1598 1424 1615 .
1452 1598 1468 1616 .
1497 1599 1514 1616 .
1576 1550 1730 1616 Non
1793 1549 2206 1614 obstantibus
2255 1597 2271 1613 .
2304 1597 2319 1612 .
2348 1596 2363 1612 .
2393 1596 2409 1612 .
2457 1548 2634 1635 quod
2680 1549 2750 1614 in
2798 1550 3073 1616 ecclesia
3118 1550 3584 1617 Davantriensi

526 1659 966 1746 Trajectensis
1036 1657 1314 1723 diocesis
1384 1658 1843 1727 canonicatum
1914 1661 1981 1721 et
2037 1655 2510 1720 thesaurariam
2560 1702 2575 1718 .
2603 1702 2620 1720 .
2649 1702 2665 1720 .
2693 1702 2709 1718 .
2759 1657 2881 1721 sub
2930 1656 3391 1743 expectatione
3436 1678 3584 1742 pre-

520 1765 738 1833 bende
784 1786 859 1830 ac
905 1765 1345 1852 supplementi
1393 1785 1468 1828 ac
1517 1762 1852 1830 dimidiam
1899 1762 2268 1848 portionem
2317 1761 2706 1847 parochialis
2753 1763 3026 1827 ecclesie
3075 1765 3284 1827 sancti
3323 1764 3580 1830 Nicolai

525 1872 964 1957 Trajectensis
1010 1892 1129 1957 per
1176 1869 1340 1935 duos
1387 1869 1579 1936 solite
1627 1869 1978 1955 gubernari
2026 1874 2314 1933 rectores
2363 1867 2640 1932 obtines.
2673 1914 2689 1932 .
2717 1914 2733 1932 .
2762 1915 2778 1933 .
2826 1867 2981 1934 Dat.
3030 1869 3361 1936 Avinione
3382 1918 3399 1953 ,
3447 1870 3587 1937 VII

524 1977 635 2043 Kl.
682 1977 878 2063 maji,
928 1998 1103 2042 anno
1151 1982 1368 2042 sexto.

943 2113 1071 2176 περ.
1105 2114 1203 2163 An.
1245 2115 1301 2163 T.
1332 2110 1424 2176 38,
1449 2114 1511 2176 s.
1544 2109 1661 2163 226.

530 2581 724 2649 1245.
1559 2586 1766 2667 1348,
1814 2584 1988 2668 Maji
2032 2583 2153 2666 10,
2202 2582 2564 2647 Avenionis.

840 2735 1143 2801 Arnaldo
1211 2737 1462 2802 domino
1523 2736 1599 2800 de
1672 2736 1737 2799 Y
1731 2738 2035 2822 selsteyne
2081 2736 2282 2801 nobili
2325 2740 2462 2801 viro
2518 2736 2700 2820 Traj.
2750 2738 2941 2803 dioec.
2988 2738 3348 2803 conceditur
3385 2740 3598 2825 privi-

760 2842 986 2927 leqium
1020 2844 1361 2928 plenariae
1394 2851 1800 2933 peccatorum
1846 2846 2235 2908 remissionis
2278 2846 2346 2908 in
2392 2845 2667 2908 articulo
2713 2847 2955 2909 mortis.

754 3023 1073 3089 Provenit
1120 3046 1224 3090 ex.
1253 3072 1269 3088 .
1298 3071 1315 3088 .
1343 3071 1360 3089 .
1408 3022 1562 3089 Dat.
1611 3022 1981 3108 Avinione‚
2029 3025 2129 3091 VI
2174 3026 2277 3091 Id.
2326 3025 2525 3112 Maji‚
2575 3047 2747 3092 anno
2797 3032 3007 3093 sexto,

950 3159 1073 3223 Rea.
1109 3159 1207 3210 Ao.
1250 3161 1305 3210 Τ.
1340 3160 1431 3223 44,
1457 3162 1520 3225 f.
1543 3157 1679 3209 4552

531 3630 729 3699 1246.
1563 3635 1774 3717 1348,
1822 3633 1994 3717 Maji
2038 3635 2159 3719 19,
2210 3636 2579 3701 Avenionis.

853 3785 1145 3851 Ger-ardo
1204 3793 1356 3851 nato
1417 3786 1743 3872 Vopponis
1806 3787 1882 3850 de
1942 3786 2322 3851 Rotterdam
2387 3790 2608 3853 clerico
2678 3789 2860 3873 Traj.
2908 3790 3097 3856 dioec.
3148 3792 3602 3874 conferendum

758 3900 1119 3957 reservatur
1165 3893 1523 3976 beneficium
1563 3901 1852 3979 spectans
1885 3894 1972 3958 ad
2002 3894 2471 3979 dispositionem
2503 3895 2746 3961 abbatis
2777 3903 2836 3960 et
2865 3905 3199 3961 conventus
3229 3900 3596 3963 monasterii

759 3998 828 4062 S.
876 3998 1085 4064 Pauli
1139 3998 1321 4083 Traj.
1370 4007 1431 4064 et
1470 4022 1611 4064 cum
1642 4021 1799 4064 σανα
1832 4001 1952 4082 25,
2000 4002 2134 4065 sine
2164 4022 2323 4066 σανα
2354 4022 2497 4066 vero
2529 4004 2615 4066 18
2646 4023 3010 4067 marcarum
3041 4007 3294 4088 arqenti
3323 3989 3616 4068 valorem

754 4125 1042 4170 annuum
1085 4126 1213 4170 non
1259 4107 1571 4171 excedens.
1624 4144 1706 4154 —
1755 4106 2173 4191 Deputantur
2220 4116 2591 4175 executores.

757 4288 1196 4375 Exigentibus
1244 4294 1377 4355 tue.
1409 4337 1426 4355 .
1456 4338 1472 4355 .
1500 4337 1516 4355 .
1565 4290 1720 4356 Dat.
1766 4290 2139 4374 Avinione,
2186 4291 2399 4358 XIIH
2442 4292 2552 4356 Kl.
2601 4291 2644 4356 J
2649 4292 2823 4374 unii,
2849 4252 3045 4356 'anno
3094 4291 3393 4378 septim0.

950 4423 1077 4484 περ.
1111 4423 1210 4474 Αυ.
1254 4426 1308 4475 T.
1342 4423 1436 4483 46,
1460 4426 1524 4488 s.
1558 4423 1698 4475 4922

535 4887 719 4958 1247.
1553 4894 1771 4975 1348,
1820 4891 1994 4977 Maji
2039 4893 2158 4975 20,
2210 4891 2580 4956 AvenioniS.

867 5043 1202 5111 Wilhelmo
1263 5044 1590 5111 Wilhelmi
1653 5046 1950 5111 Gheester
2017 5046 2094 5109 de
2154 5044 2541 5131 Rynsborqh
2600 5046 2822 5110 clerico
2892 5045 3075 5131 Traj.
3139 5047 3326 5111 dioec.
3394 5046 3606 5128 confe-

758 5150 1024 5216 rendum
1069 5160 1430 5218 reservatur
1476 5151 1832 5234 beneficium
1879 5159 2174 5236 spectans
2221 5152 2309 5216 ad
2356 5152 2824 5237 dispositionem
2870 5152 3113 5217 abbatis
3158 5159 3219 5216 et
3263 5158 3595 5217 conventus

760 5256 1290 5344 Eymondensium
1335 5266 1395 5325 et
1439 5280 1578 5323 cum
1624 5280 1781 5323 σανα
1830 5261 1953 5342 25,
1999 5259 2132 5322 sine
2164 5279 2325 5324 σανα
2355 5280 2497 5324 vero
2528 5260 2617 5324 18
2647 5281 3010 5325 marcarum
3042 5263 3292 5346 arqenti
3320 5260 3604 5323 valorem

763 5386 1046 5430 annuum
1090 5387 1217 5432 non
1261 5366 1571 5432 eaecedens.
1624 5404 1706 5414 —
1756 5365 2180 5451 Deputantur
2226 5374 2603 5433 executores.

763 5549 919 5616 Vite
966 5571 1041 5615 ac
1085 5572 1357 5618 morum.
1391 5597 1409 5616 .
1436 5600 1452 5618 .
1480 5600 1497 5617 .
1545 5551 1698 5617 Dat.
1744 5550 2118 5634 Avinione,
2167 5551 2343 5616 XIII
2388 5550 2500 5616 Kl.
2547 5550 2767 5633 Junii,
2819 5569 2989 5614 anno
3039 5547 3338 5634 septimo.

958 5684 1085 5748 περ.
1118 5686 1214 5737 Αυ.
1256 5683 1317 5738 T.
1352 5685 1441 5751 48,
1467 5688 1528 5751 f·
1563 5686 1668 5737 52·.

760 5846 846 5905 11.
3345 5843 3383 5900 2
