4450 6684
839 485 966 550 106
2053 482 2516 549 Isuoommus
2558 482 2678 547 VI.

831 702 1031 771 1638.
1761 704 1973 786 1359,
2022 702 2398 769 Novembris
2444 703 2562 784 18,
2609 702 2974 767 Avenionis.

1160 857 1541 923 Theoderico
1587 857 1860 923 Momme
1892 857 2265 944 presbytero
2322 856 2505 942 Traj.
2552 856 2741 921 dioec.
2784 856 3209 938 confirmatur
3245 858 3590 924 decanatus
3621 861 3909 926 ecclesiae

1057 962 1128 1028 S.
1191 962 1474 1028 Martini
1533 963 1989 1046 Embrieensis,
2055 983 2239 1049 quem
2300 965 2366 1027 in
2430 961 2720 1026 manibus
2773 961 3163 1047 (Johannis)
3210 965 3484 1049 episcopi
3538 963 3720 1049 Traj.
3767 987 3909 1030 cum

1062 1068 1365 1135 Johanne
1435 1068 1712 1135 Thomae
1773 1069 1850 1134 de
1912 1068 2214 1135 Horsden
2267 1090 2394 1156 pro
2444 1067 2816 1154 parochiali
2860 1069 3114 1133 ecclesia
3159 1068 3236 1132 de
3278 1069 3612 1155 Anqherlo
3646 1073 3908 1156 putavit

1045 1175 1567 1261 permutandum.

1064 1356 1462 1423 Laudabilis.
1491 1358 1858 1444 probitatis.
1878 1405 1894 1423 .
1915 1406 1931 1422 .
1954 1406 1969 1422 .
2002 1357 2156 1422 Dat.
2180 1355 2542 1439 Avinione‚
2568 1356 2778 1422 XIIII
2808 1356 2920 1423 Kl.
2947 1356 3362 1442 Deoembris,
3395 1378 3570 1424 anno
3602 1360 3905 1447 septimo.

1257 1491 1384 1556 Ray.
1419 1491 1519 1543 Au.
1562 1494 1617 1542 r.
1650 1491 1741 1554 21,
1765 1492 1828 1556 s.
1861 1489 1979 1543 seo.

833 2004 1034 2074 1639.
1762 2010 1973 2092 1359,
2025 2009 2397 2074 Novembris
2441 2011 2564 2092 21,
2613 2009 2975 2074 Avenionis.

1149 2161 1523 2226 Baldewino
1588 2161 1853 2227 Nicolai
1915 2161 2157 2226 Gruter
2202 2162 2534 2243 confertur
2578 2162 2985 2226 canonicatus
3030 2168 3091 2225 et
3133 2169 3496 2226 reservatur
3530 2161 3898 2246 praebenda

1060 2268 1133 2331 in
1176 2268 1434 2332 ecclesia
1488 2266 1670 2350 Traj.
1692 2315 1710 2350 ,
1760 2287 1924 2353 quas
1969 2288 2109 2331 cum
2145 2265 2416 2352 pacifice
2459 2274 2779 2331 assecutus
2821 2266 3061 2350 fuerit,
3098 2265 3537 2351 parochialem
3582 2267 3897 2331 ecclesiam

1060 2372 1137 2437 de
1184 2373 1399 2437 Dalen
1444 2374 1695 2439 omnino
1740 2373 2043 2438 dimittat.
2094 2410 2177 2421 —
2226 2373 2642 2458 Deputantur
2686 2380 3058 2438 executores.

1070 2551 1465 2619 Laudabilia
1502 2553 1871 2639 probitatis.
1900 2601 1915 2617 .
1944 2599 1961 2617 .
1989 2600 2006 2617 .
2055 2552 2209 2617 Dat.
2244 2553 2607 2636 Avinione‚
2654 2552 2759 2618 XI
2786 2552 2899 2617 Kl.
2932 2551 3347 2636 Decembris,
3396 2572 3569 2617 anno
3603 2552 3899 2639 septimo.

1260 2686 1387 2749 Rq.
1420 2687 1519 2735 Α..
1563 2687 1619 2736 r.
1652 2684 1740 2749 so,
1765 2689 1829 2751 f·
1861 2685 1977 2738 sss.

840 3175 1043 3247 164⁰.
1799 3182 2008 3267 1359,
2056 3182 2414 3248 Decembris
2457 3185 2533 3266 4,
2577 3182 2941 3247 Avenionis.

1162 3333 1557 3414 „Bartzote”
1606 3342 1797 3400 natae
1841 3337 2065 3423 Eyidii
2118 3337 2445 3401 Theermes
2495 3336 2678 3417 laici,
2724 3334 2982 3397 mulieri
3034 3333 3216 3416 Traj.
3264 3333 3456 3399 dioec.
3479 3383 3497 3417 ,
3543 3335 3903 3400 conceditur

1068 3441 1481 3525 privileqium
1515 3443 1859 3527 plenariae
1899 3451 2297 3528 peccatorum
2342 3442 2728 3507 remissionis
2772 3442 2842 3504 in
2888 3441 3164 3504 articulo
3207 3443 3451 3505 mortis.

1072 3624 1393 3691 Provenit
1437 3647 1545 3692 ex.
1575 3675 1590 3690 .
1619 3675 1634 3691 .
1664 3676 1679 3691 .
1729 3627 1882 3694 Dat.
1932 3629 2299 3711 Avinione,
2348 3628 2417 3692 Π
2462 3627 2634 3692 Non.
2683 3624 3105 3710 Decembris,
3152 3648 3327 3692 anno
3375 3627 3676 3714 septimo.

1260 3760 1385 3822 1209.
1422 3761 1519 3809 Ao.
1565 3762 1619 3811 T.
1653 3758 1746 3825 21,
1771 3763 1832 3825 s.
1866 3761 2006 3812 541v.

2050 4023 2172 4030 ..v—
2203 4026 2212 4029 -
2262 4026 2327 4030 --
2404 4026 2421 4029 -
2448 4026 2519 4031 ---
2570 4026 2631 4031 q

847 4250 1045 4320 1641.
1810 4257 2019 4339 1359,
2070 4256 2426 4320 Decembris
2472 4260 2545 4338 9,
2592 4259 2953 4322 Avenionis.

1169 4404 1550 4471 Theoderico
1595 4405 1903 4492 Meynart
1952 4409 2111 4472 laico
2157 4416 2217 4471 et
2269 4407 2660 4474 Gheertrudi
2703 4412 2838 4491 ejus
2884 4413 3074 4475 uxori
3117 4411 3351 4475 civibus
3408 4411 3910 4493 Trajectensibus

1073 4510 1238 4575 idem
1273 4514 1712 4598 privileyium.

1075 4689 1396 4755 Provenit
1442 4712 1548 4756 ex.
1577 4738 1593 4756 .
1622 4739 1637 4755 .
1666 4740 1682 4756 .
1731 4694 1884 4757 Dat.
1933 4693 2296 4777 Avinione,
2343 4694 2409 4760 V
2454 4695 2554 4760 Id.
2602 4696 3021 4782 Decembris,
3070 4719 3243 4763 anno
3292 4698 3592 4784 septimo,

1271 4824 1396 4886 Rea.
1431 4825 1529 4874 Αο.
1574 4826 1629 4874 T.
1664 4824 1755 4888 21,
1781 4827 1840 4889 s.
1876 4826 2015 4877 542v.

2084 5095 2665 5104 ————-—————

853 5320 1048 5389 1642.
1810 5330 2019 5412 1360,
2071 5330 2387 5394 Januarii
2431 5332 2555 5414 10,
2602 5332 2967 5396 Avenionis.

1180 5476 1421 5542 Ockoni
1481 5478 1695 5544 abbati
1754 5484 2121 5545 monasterii
2177 5482 2245 5545 S.
2313 5482 2602 5568 odulphi
2659 5486 2729 5548 in
2790 5484 3060 5547 Stauria
3088 5484 3138 5567 ¹)
3202 5483 3606 5568 induuntur,
3664 5481 3836 5566 quod
3880 5501 3922 5544 a

1083 5602 1470 5669 quocumque
1515 5587 1817 5651 maluerit
1868 5585 2188 5652 Catholico
2235 5591 2520 5653 antistite
2567 5610 2793 5653 munus
2841 5588 3279 5653 benedictionis
3326 5590 3599 5672 recipere
3644 5587 3876 5650 valeat.
