4450 6684
1861 542 2196 608 Usamus
2240 540 2325 604 V.
3503 532 3630 595 145

780 766 1010 854 Nuper
1056 766 1140 831 ad
1187 766 1499 833 evitanda
1544 765 1884 848 scandala,
1935 786 2062 851 que
2096 786 2183 830 ex
2214 762 2648 850 quorumdam
2682 761 3224 849 predecessorum
3259 766 3630 824 nostrorum

557 875 1010 940 Romanorum
1080 873 1465 959 pontificum
1535 872 2139 959 dispensationibus
2209 873 2536 936 concessis
2609 891 2807 955 super
2875 867 3308 933 matrimoniis
3371 873 3628 933 contra-

556 979 794 1044 hendis
832 979 1269 1044 formidantur
1310 980 1493 1062 oriri,
1535 980 1866 1066 quandam
1911 980 2399 1044 revocationem
2434 978 2723 1065 ipsarum
2756 975 3322 1063 dispensationum
3354 976 3627 1042 fecimus

559 1086 681 1151 sub
729 1086 852 1150 hac
899 1086 1143 1151 forma:

781 1192 1092 1257 Urbanus
1141 1193 1520 1278 episcopus,
1570 1213 1800 1257 servus
1847 1213 2184 1256 servorum
2233 1191 2396 1274 Dei,
2446 1190 2528 1256 ad
2576 1197 2960 1279 perpetuam
3012 1190 3106 1255 rei
3154 1193 3551 1256 memoriam.

781 1299 1165 1385 Apostolice
1214 1298 1386 1363 sedis
1433 1298 1874 1385 providencia.
1904 1347 1918 1361 .
1949 1346 1965 1362 .
1995 1348 2010 1363 .
2072 1298 2226 1362 Dat.
2277 1297 2639 1379 Avinione,
2687 1297 2795 1361 ΙΠ
2840 1296 2940 1361 Id.
2991 1297 3411 1380 Decembris,
3459 1317 3621 1383 pon-

557 1405 846 1470 tificatus
893 1405 1103 1469 nostri
1150 1425 1324 1470 anno
1374 1408 1598 1470 tercio.
1643 1436 1655 1448 ·

783 1511 1102 1588 Quocirca
1163 1512 1561 1577 fraternitati
1611 1520 1723 1576 tue
1773 1517 2001 1577 tenore
2049 1512 2458 1597 presentium
2505 1509 2928 1597 precipiendo
2976 1510 3398 1593 mandamus,
3462 1532 3619 1598 qua-

560 1620 737 1684 tinus
801 1626 1099 1685 tenorem
1163 1618 1337 1684 dicte
1400 1626 1623 1684 nostre
1686 1619 2122 1684 revocationis
2185 1620 2257 1682 in
2315 1625 2430 1683 tua
2478 1617 2838 1683 cathedrali
2885 1638 2961 1681 ac
3008 1619 3283 1703 singulis
3332 1618 3624 1684 ecclesiis

560 1726 924 1811 collegiatis
995 1732 1063 1790 et
1135 1725 1376 1789 curatis
1446 1731 1707 1790 tuarum
1776 1725 2061 1789 civitatis
2136 1731 2204 1789 et
2269 1723 2547 1789 diocesis
2611 1723 2844 1788 diebus
2909 1724 3271 1788 Dominicis
3331 1725 3435 1789 vel
3482 1724 3626 1788 aliis

560 1832 813 1897 festivis
875 1834 1051 1896 intra
1111 1832 1459 1896 Missarum
1522 1832 1874 1912 solemnia,
1940 1831 2386 1896 existentibus
2450 1830 2710 1916 populis
2775 1830 2854 1894 ad
2921 1828 3178 1912 divina,
3242 1851 3361 1916 per
3407 1836 3473 1895 te
3519 1831 3628 1896 vel

556 1938 718 2002 alios
766 1938 1061 2024 publices
1109 1946 1177 2002 et
1223 1939 1424 2003 facias
1471 1938 1793 2024 publicari
1842 1943 1909 2002 et
1956 1938 2205 2022 exponi
2250 1938 2496 2023 populo
2545 1937 2615 2001 in
2659 1936 2948 2022 vulgari,
3014 1935 3334 2000 mandans
3383 1935 3626 2001 exinde

556 2043 697 2108 fieri
745 2045 1010 2130 publica
1054 2045 1494 2109 instrumenta
1538 2046 1645 2109 vel
1676 2045 1807 2108 alia
1840 2042 2239 2108 documenta
2271 2044 2638 2124 autentica,
2688 2044 2756 2106 in
2789 2043 2921 2106 illis
2951 2042 3250 2128 partibus
3281 2042 3351 2106 in
3384 2041 3636 2108 talibus·

553 2149 694 2215 fieri
756 2150 1314 2236 publicationibus
1378 2156 1718 2217 consueta.
1811 2151 1963 2215 Dat.
2031 2150 2402 2232 Avinione,
2473 2150 2607 2213 VII
2653 2149 2764 2213 Kl.
2815 2149 3153 2231 Januarii,
3201 2149 3623 2236 pontificatus

557 2257 765 2321 nostri
814 2277 990 2320 anno
1039 2257 1267 2320 tercio.

974 2391 1099 2454 Bey.
1147 2392 1263 2441 Vat.
1308 2388 1366 2439 T.
1402 2389 1526 2452 247,
1554 2392 1615 2455 s.
1648 2389 1790 2441 195³.
1841 2390 1904 2440 In
1941 2406 1984 2440 e.
2012 2406 2084 2441 m.
2119 2407 2180 2441 ac
2216 2393 2474 2455 episcopis
2510 2390 2876 2455 Atrebatensi,
2906 2390 3302 2455 Cameracensi,
3335 2391 3642 2455 Morinensi,

905 2472 1228 2523 Tornacensi
1273 2474 1502 2539 singulis
1546 2475 1783 2524 seorsim.
1830 2500 1899 2510 —
1948 2475 2316 2539 Apoyrapbum
2364 2490 2595 2524 coaevum
2639 2474 2694 2523 in
2737 2475 2878 2523 arch.
2910 2489 3052 2538 prov.
3101 2474 3302 2540 Ultraj.
3337 2476 3399 2524 D.
3436 2473 3559 2536 534,
3592 2473 3650 2523 in

905 2558 1093 2606 charta
1124 2557 1455 2607 mmbranea.

711 2683 768 2747 1)
814 2684 926 2734 Sub
970 2684 1244 2735 Clemente
1288 2700 1420 2749 papa
1466 2685 1536 2735 VI
1578 2691 1631 2735 et
1666 2686 1980 2736 Innocentio
2019 2685 2089 2735 VI
2126 2686 2296 2751 magis
2333 2686 2609 2750 magisque
2643 2685 2862 2736 inolevit
2898 2700 3026 2736 usus
3063 2687 3302 2750 personis
3336 2686 3648 2750 praesertim

544 2766 850 2830 proceribus
885 2767 1307 2830 dispensationes
1342 2768 1646 2819 conserendi
1682 2769 1983 2833 generales.
2020 2769 2224 2819 scilicet
2262 2783 2369 2818 non
2406 2769 2667 2831 expressis
2701 2768 3011 2818 nominibus
3046 2783 3254 2830 eorum,
3293 2784 3418 2819 cum
3453 2770 3649 2834 quibus

541 2851 1022 2917 consanguinitatis
1058 2852 1137 2902 vel
1174 2850 1451 2903 affinitatis
1487 2854 1864 2917 impedimento
1898 2854 2146 2904 obstante
2180 2852 2588 2903 matrimonium
2622 2853 2868 2902 contrahi
2906 2858 3097 2915 posset.

560 3269 741 3338 1797.
1512 3277 1724 3359 1365,
1777 3276 2095 3341 Januarii
2140 3279 2265 3358 18,
2316 3278 2679 3341 Avenionz's.

870 3427 1173 3491 Andreae
1220 3426 1625 3493 Herderincle·
1673 3430 2098 3512 conferuntur
2145 3434 2556 3495 canonicatus
2602 3439 2661 3495 et
2687 3431 3060 3516 praebenda
3091 3433 3379 3497 ecclesiae
3417 3431 3632 3515 Traj.,

784 3555 949 3619 quas
1008 3556 1150 3599 cum
1210 3535 1492 3600 Luberto
1554 3544 1707 3601 nato
1770 3537 2045 3602 Hem-ici
2106 3538 2182 3602 de
2232 3537 2693 3623 Ramesberyhe
2733 3559 2858 3622 pro
2904 3538 3219 3603 similibus
3267 3541 3333 3603 in
3380 3541 3635 3604 ecclesia

787 3639 1277 3706 Monasteriensi
1322 3641 1634 3725 beneficiis
1668 3646 1934 3728 putavit
1968 3646 2462 3729 per-mutandas.
2516 3680 2599 3692 —
2650 3643 3070 3729 Deputantur
3115 3652 3489 3709 executores.

786 3820 1169 3908 Apostolice
1216 3821 1410 3888 sedis.
1441 3871 1457 3887 .
1486 3871 1546 3887 ..
1596 3824 1750 3889 Dat.
1800 3825 2169 3910 Avinione,
2219 3826 2354 3891 XV
2403 3825 2513 3891 Kl.
2566 3825 2948 3908 Februarii,
2996 3845 3170 3889 anno
3221 3825 3444 3889 tercio.

980 3956 1103 4020 περ.
1139 3958 1236 4007 Au.
1283 3959 1335 4007 r.
1371 3956 1461 4020 η,
1486 3958 1547 4021 f.
1583 3957 1665 4007 31.

1782 4172 1913 4179 ———

1946 4174 2363 4181 -—-——

558 4373 1002 4442 1798—1801.
1497 4378 1716 4462 1365,
1766 4377 2115 4442 Februarii
2162 4381 2246 4443 11
2270 4429 2287 4462 ,
2335 4379 2701 4442 Avenionia

874 4532 957 4594 A.
1029 4530 1170 4595 Pro
1232 4531 1451 4596 abbate
1512 4539 1570 4596 et
1632 4540 1936 4597 conventu
1996 4535 2366 4596 monasterii
2409 4535 2479 4596 in
2528 4532 2953 4597 Ludenkerke
2983 4533 3031 4616 ¹)
3078 4533 3324 4598 ordinis
3373 4534 3440 4598 S.
3489 4536 3629 4599 Au-

778 4639 1054 4722 9ustini,
1111 4627 1293 4720 Traj.
1342 4638 1533 4703 dioec.

871 4743 950 4809 Β.
1022 4743 1163 4809 Pro
1192 4748 1564 4830 praeposito
1594 4753 1653 4810 et
1684 4754 1986 4810 conventu
2018 4748 2387 4810 monasterii
2416 4749 2486 4811 in
2521 4747 2896 4832 Anniyhum
2925 4748 3010 4831 52),
3047 4770 3172 4833 per
3191 4753 3634 4834 praepositum

712 4935 719 4941 .
779 4852 956 4916 soliti
993 4851 1377 4936 yubernari,
1426 4854 1671 4916 ordinis
1718 4851 1786 4916 S.
1834 4853 2224 4938 Auqustini,
2285 4853 2468 4938 Traj.
2518 4854 2707 4918 dioec.

872 4958 944 5023 O.
1017 4958 1157 5022 Pro
1207 4963 1580 5043 praeposito
1642 4967 1701 5022 et
1755 4967 2054 5023 conventu
2102 4962 2473 5025 monasterii
2518 4964 2585 5024 in
2633 4960 2871 5026 Haska
2894 4962 2979 5047 3),
3029 4984 3155 5047 per
3188 4967 3629 5048 praepositum

781 5064 956 5127 soliti
993 5064 1372 5149 qubernari,
1423 5065 1561 5130 ord.
1612 5064 1680 5129 S.
1729 5067 2116 5150 Auqustini,
2174 5067 2359 5150 Traj.
2407 5067 2597 5132 dioec.

871 5169 952 5234 D.
1028 5170 1167 5235 Pro
1216 5173 1590 5256 praeposito
1635 5180 1695 5235 et
1740 5181 2042 5236 conventu
2087 5176 2459 5238 monasterii
2503 5176 2573 5238 in
2630 5175 2980 5261 Berqhum,
3025 5196 3150 5260 per
3184 5179 3627 5261 praepositum

782 5276 958 5340 soliti
996 5276 1378 5362 gubernari,
1427 5277 1566 5341 ord.
1617 5276 1686 5340 S.
1734 5280 2122 5363 Auqustini,
2179 5279 2360 5363 Traj.
2410 5281 2600 5345 dioec.

868 5382 1281 5468 infrascripti
1325 5382 1413 5446 ad
1458 5386 1963 5469 quinquennium
2012 5384 2407 5469 deputantur
2456 5395 2938 5452 conservatores.

781 5562 1059 5629 Dilectis
1104 5566 1256 5630 filiis
1305 5613 1322 5631 .
1351 5615 1366 5630 .
1416 5568 1484 5631 in
1534 5566 1959 5653 Olarocampo
2009 5574 2079 5633 et
2128 5617 2143 5633 .
2171 5617 2187 5633 .
2239 5570 2308 5633 in
2354 5569 2548 5634 Valle
2601 5575 2826 5633 sancte
2872 5567 3080 5633 Maris
3127 5588 3203 5633 ac
3249 5615 3265 5631 .
3296 5614 3313 5632 .
3361 5568 3431 5632 in
3464 5567 3627 5633 Orto

556 5669 708 5753 (sic)
754 5677 980 5736 sancte
1026 5671 1235 5738 Mario
1281 5674 1726 5759 TraJ‘ectensis
1773 5673 2052 5740 diocesis
2100 5677 2650 5741 monasteriorum
2697 5675 3047 5740 abbatibus
3095 5675 3377 5740 salutem
3424 5683 3533 5741 etc.

776 5807 865 5867 ΙΙ.
3331 5811 3406 5870 19
