4450 6684
838 493 969 557 310
1867 487 2211 553 Annum
2259 503 2341 550 m·
2388 485 2868 551 Conmannm.

831 711 1101 777 humani
1172 709 1468 798 generis,
1542 713 1823 774 satorem
1893 704 2216 771 discordie
2281 710 2797 792 cunctorumque
2864 705 3274 771 incentorem
3345 703 3664 770 malorum
3724 703 3896 768 inter

835 818 1109 883 dilectos
1167 817 1336 882 filios
1383 815 1672 881 nobilem
1719 813 1929 879 virum
1975 812 2350 880 Johanuem
2400 809 2636 877 ducem
2679 812 3048 877 Brabancie
3092 832 3170 876 ac
3217 809 3518 876 scabinos
3565 815 3636 875 et
3681 829 3897 874 comu-

829 925 1104 990 nitatem
1167 924 1322 988 ville
1381 920 1873 988 Machliniensis
1921 919 2411 985 Cameracensis
2462 917 2738 984 diocesis
2787 939 2874 984 ex
2921 923 3110 1005 parte
3156 938 3291 983 una
3335 923 3405 983 et
3450 917 3891 983 venerabilem

826 1031 1096 1097 fratrem
1158 1035 1452 1095 nostrum
1516 1026 1899 1114 Adolphum
1955 1026 2334 1112 episcopum
2380 1024 2822 1091 Leodiensem
2872 1047 2948 1091 ao
2994 1025 3311 1091 dilectum
3356 1025 3563 1091 filium
3611 1025 3896 1090 nobilem

826 1138 1039 1202 virum
1083 1136 1493 1202 Ludovicum
1540 1134 1844 1200 comitem
1891 1131 2366 1198 Flandrensem
2413 1133 2668 1197 ratione
2713 1132 2869 1198 ville
2913 1131 3208 1220 predicte
3256 1152 3342 1198 ex
3391 1132 3601 1198 altera
3639 1151 3892 1196 necnon

827 1251 896 1310 et
973 1245 1314 1329 utriusque
1382 1243 1591 1330 partis
1659 1240 1947 1306 fautores
2019 1245 2087 1305 et
2158 1238 2468 1305 valitores
2538 1237 2703 1305 adeo
2774 1241 2993 1326 gravis
3061 1239 3488 1306 dissensionis
3556 1239 3894 1305 materiam

827 1349 1211 1432 suscitasse,
1276 1347 1449 1435 quod
1512 1368 1631 1435 per
1691 1366 2079 1431 congressus
2143 1344 2412 1410 bellicos
2474 1350 2543 1410 et
2588 1365 2972 1431 guerrarum
3018 1345 3321 1411 fremitus
3367 1366 3443 1411 ac
3489 1346 3890 1411 invasionem

825 1463 895 1522 et
956 1455 1236 1522 offensas
1298 1459 1562 1518 mutuas
1614 1453 1755 1537 jam
1818 1454 2277 1538 processerunt
2338 1451 2703 1536 periculose
2766 1451 3041 1516 nimium
3106 1457 3176 1516 et
3235 1450 3589 1538 procedere
3645 1452 3895 1539 pericu-

820 1563 1060 1644 losius,
1132 1561 1257 1626 nisi
1317 1558 1741 1648 provideatur
1805 1558 2032 1640 aliter,
2099 1579 2170 1623 se
2235 1556 2615 1645 disponunt.
2708 1557 2847 1625 Nos
2908 1558 3148 1644 igitur,
3210 1559 3390 1646 pacis
3436 1560 3776 1627 commoda
3820 1566 3887 1625 et

824 1667 1247 1734 dissensionis
1313 1664 1727 1731 incommoda
1794 1662 2287 1730 considerantes
2356 1669 2612 1730 attente
2674 1669 2743 1731 et
2802 1664 3310 1749 nichilominus,
3372 1665 3550 1752 quod
3611 1667 3667 1730 si
3725 1666 3880 1749 hec,

822 1776 995 1862 quod
1060 1775 1264 1856 absit,
1325 1770 1798 1859 procederent,
1858 1776 2081 1858 preter
2142 1771 2271 1837 alia
2329 1792 2463 1836 nou
2523 1770 2714 1836 facile
2778 1772 3183 1838 numeranda
3252 1771 3626 1838 discrimina
3669 1779 3891 1860 posset

819 1881 1110 1967 generali
1157 1880 1360 1945 Terre
1407 1883 1632 1943 sancte
1677 1876 1979 1963 passagio
2029 1897 2148 1963 per
2193 1897 2313 1941 nos
2350 1878 2490 1962 jam
2538 1875 2826 1961 indicto,
2890 1878 3061 1944 sicut
3107 1878 3295 1944 novit
3339 1884 3457 1944 tua
3500 1877 3882 1964 prudentia,

819 1986 1360 2075 impedimentum
1437 1990 1731 2072 prestare
1810 2004 1944 2048 non
2012 1982 2376 2067 modicum,
2457 1984 2839 2069 diligentius
2910 1984 3341 2051 attendentes
3412 1992 3480 2051 et
3548 1991 3894 2074 propterea

822 2095 1159 2181 cupientes
1209 2092 1408 2158 tantis
1454 2090 1641 2156 malis
1689 2097 1757 2156 et
1804 2090 2114 2176 periculis
2161 2091 2511 2156 salubriter
2557 2091 2857 2175 obviare,
2904 2092 3318 2158 venerabiles
3360 2092 3594 2158 fratres
3632 2098 3886 2159 nostros

822 2200 1176 2285 Hugonem
1237 2198 1752 2264 Tricastrensem
1817 2202 1886 2262 et
1947 2195 2324 2262 Johannem
2387 2196 2866 2263 Massiliensem
2922 2198 3265 2284 episcopos
3312 2198 3667 2285 apostolice
3713 2197 3889 2263 sedis

822 2307 1126 2387 nuncios,
1175 2306 1349 2371 viros
1394 2306 1624 2391 utique
1661 2303 1970 2391 providos
2015 2309 2084 2368 et
2125 2308 2433 2389 expertos
2472 2325 2548 2369 ao
2585 2304 2775 2370 nobis
2814 2310 2884 2370 et
2919 2305 3232 2370 fratribus
3277 2305 3522 2370 nostris
3559 2311 3891 2391 acceptos,

821 2410 904 2477 ad
953 2412 1394 2499 predictorum
1441 2410 1625 2476 ducis
1671 2416 1741 2476 et
1786 2411 2043 2475 comitis
2089 2411 2490 2496 presentiam
2534 2416 2886 2498 partesque
2928 2411 3075 2477 illas
3120 2410 3522 2498 providimus
3563 2411 3644 2476 de
3683 2410 3888 2477 dicto-

822 2541 966 2584 rum
1028 2519 1300 2584 fratrum
1356 2518 1626 2583 consilio
1676 2538 1823 2582 cum
1874 2518 2113 2581 nostris
2158 2517 2357 2583 certis
2402 2517 2641 2583 litteris
2687 2517 3136 2583 destinandos.
3233 2517 3405 2593 Quia
3448 2538 3604 2584 vero
3650 2518 3722 2582 in
3764 2518 3890 2583 hiis

826 2625 1147 2691 credimus
1217 2631 1404 2689 tuum
1472 2624 1815 2689 consilium
1880 2623 2043 2688 utile
2103 2623 2456 2710 plurimum
2520 2631 2588 2690 et
2649 2624 3101 2712 multipliciter
3165 2629 3592 2711 oportunum,
3661 2625 3894 2690 frater·

827 2733 1100 2797 nitatem
1164 2737 1343 2795 tuam
1389 2752 1693 2816 rogamus
1745 2737 1813 2795 et
1864 2729 2203 2796 hortamur
2248 2732 2317 2795 in
2363 2731 2647 2796 Domino
2693 2729 2905 2797 Jhesu
2950 2730 3247 2817 Christo,
3296 2733 3604 2820 quatinus
3650 2731 3871 2798 divine

824 2839 1368 2904 remunerationis
1426 2838 1741 2921 obtentu,
1796 2843 1872 2902 ut
1917 2858 2046 2923 que
2094 2838 2266 2902 circa
2310 2838 2625 2923 premissa
2671 2837 3120 2904 desideranter
3165 2840 3538 2926 appetimus
3585 2839 3884 2905 celeriter

823 2966 1273 3032 assequamur,
1322 2951 1435 3010 tue
1481 2944 1916 3010 solicitudinis
1959 2943 2250 3009 studium
2293 2945 2384 3009 sic
2416 2943 2642 3010 sedule
2687 2945 3104 3032 interponas,
3151 2945 3330 3032 quod
3361 2947 3634 3031 negocio
3666 2945 3892 3031 hujus-

828 3051 1004 3116 modi
1064 3051 1341 3117 feliciter
1385 3057 1871 3133 consummato,
1921 3051 1992 3115 in
2040 3051 2474 3116 retributione
2512 3052 2844 3136 justorum
2891 3053 2973 3117 ab
3022 3072 3139 3136 eo,
3186 3053 3305 3138 qui
3350 3050 3602 3117 nullum
3645 3053 3894 3117 bonum

827 3159 970 3224 sine
1008 3158 1534 3223 remuneratione
1579 3158 1924 3244 relinquit,
1967 3178 2117 3222 cum
2152 3178 2268 3243 spe
2299 3156 2539 3222 favoris
2569 3157 2913 3246 apostolici
2946 3157 3068 3224 tibi
3097 3157 3372 3244 provide
3405 3179 3538 3224 non
3567 3159 3891 3224 immerito

830 3263 1209 3350 acquirendi
1255 3262 1623 3329 mercedem
1670 3262 2061 3348 condignam
2114 3269 2249 3327 tam
2294 3264 2475 3329 utilis
2521 3265 2997 3350 cooperationis
3029 3285 3300 3330 securus
3334 3270 3663 3353 expectes.
3735 3266 3889 3331 Dat.

826 3370 931 3435 111
977 3371 1150 3438 Non.
1196 3369 1454 3452 Marcii,
1503 3390 1677 3434 anno
1724 3369 1977 3434 decimo
2027 3375 2279 3435 octavo.

1050 3473 1136 3538 In
1182 3474 1440 3538 eundem
1484 3474 1736 3538 modum
1779 3477 2044 3539 mutatis
2089 3474 2453 3539 mutandis:
2500 3474 2789 3541 Johanni
2836 3476 2976 3561 regi
3020 3475 3365 3541 Bohemie.

1049 3581 1135 3645 In
1181 3601 1230 3645 e.
1279 3601 1361 3645 m.
1408 3579 1758 3666 Reynoldo
1807 3581 2029 3646 comiti
2077 3582 2449 3647 Guelrensi.

1052 3687 1138 3751 In
1184 3709 1232 3751 e.
1281 3708 1362 3751 m.
1412 3686 1773 3752 Guillermo
1822 3687 2045 3752 comiti
2090 3688 2419 3754 Hanonie.

1053 3791 1139 3856 In
1184 3813 1234 3858 e.
1282 3814 1364 3858 m.
1412 3792 1749 3857 Willelmo
1798 3792 2021 3857 comiti
2067 3791 2449 3858 Juliacensi.

1051 3897 1139 3962 In
1184 3919 1232 3962 e.
1281 3919 1364 3962 m.
1412 3899 1634 3962 comiti
1678 3897 2129 3963 Namurcensi.

1048 4004 1134 4069 In
1180 4027 1228 4070 e.
1276 4026 1359 4069 m.
1408 4005 1743 4070 Willelmo
1792 4005 2014 4069 comiti
2060 4005 2392 4069 Lossensi.

1050 4111 1137 4175 In
1181 4132 1231 4176 e.
1278 4133 1362 4176 m.
1408 4109 1713 4197 Adelpho
1761 4111 1987 4175 comiti
2034 4110 2117 4176 de
2166 4111 2478 4176 Marchia.

1050 4216 1139 4281 In
1183 4239 1233 4283 e.
1281 4238 1363 4281 m.
1411 4216 1701 4283 Johanni
1747 4215 1830 4283 de
1876 4217 2188 4283 Hanonia
2236 4217 2457 4282 comiti
2501 4216 2940 4282 Bellimontis.

1054 4323 1141 4387 In
1187 4344 1237 4387 e.
1285 4344 1367 4388 m.
1415 4322 1821 4388 Theodorico
1870 4321 2134 4389 domino
2183 4322 2265 4388 de
2312 4321 2803 4408 Falquembuch
2832 4322 2909 4407 l).

1052 4429 1139 4493 In
1184 4450 1233 4493 e.
1281 4450 1362 4494 m.
1411 4427 1703 4495 Johanni
1754 4428 2058 4515 episcopo
2106 4429 2534 4514 Trajectensi.

1053 4534 1139 4599 In
1186 4556 1235 4598 e.
1285 4557 1365 4598 m.
1413 4533 1749 4599 Ludovico
1798 4536 2104 4621 episcopo
2153 4533 2682 4600 Monasteriensi.

1052 4642 1139 4706 In
1186 4662 1236 4706 e.
1284 4663 1366 4706 m.
1413 4640 1750 4706 Bernardo
1799 4642 2098 4728 epissopo
2146 4640 2651 4707 Padeburnensi
2698 4642 2788 4723 (ct
2831 4640 3161 4706 nonnullis
3205 4641 3357 4706 aliis
3390 4638 3848 4726 principibu-3.)

984 4809 1042 4874 1)
1079 4809 1440 4874 valkenburg.

916 5293 1093 5373 (927)
1140 5308 1201 5357 In
1238 5307 1346 5357 obs·
1381 5307 1477 5357 lin.
1512 5304 1545 5355 3
1578 5306 1741 5371 legas:
1780 5304 2185 5370 autographum.
