4450 6684
865 440 1008 505 258
2122 442 2528 508 Gueonms
2571 442 2694 509 xl.

1097 660 1480 749 Apostolice
1526 660 1723 726 sedis.
1752 708 1769 726 .
1797 709 1814 726 .
1843 710 1858 725 .
1907 661 2060 727 Dat.
2114 661 2356 728 Salone
2404 662 2816 729 Arelatensis
2866 663 3176 747 diocesis,
3223 662 3288 728 V
3334 662 3446 729 Kl.
3496 663 3719 747 Junii,
3771 683 3940 729 anno

868 774 1129 856 quarto.

1291 885 1416 949 περ.
1449 887 1548 935 Αυ.
1592 886 1648 936 T.
1680 883 1771 948 2⁶2,
1796 887 1857 950 f.
1892 884 2199 936 ,Ὧδ’-«537.

1024 1027 1083 1091 1)
1119 1029 1408 1080 Maarssen.

871 1401 1055 1469 2191.
1926 1405 2136 1486 1374,
2185 1404 2381 1469 Junii
2424 1406 2546 1487 19,
2595 1405 2888 1470 Satanae.

1188 1549 1427 1621 Jacobo
1476 1557 1544 1621 S.
1598 1557 1857 1641 Georyii
1901 1556 1988 1620 ad
2050 1557 2270 1622 Velum
2317 1558 2610 1622 Aureum
2647 1557 2909 1623 diacono
2944 1558 3285 1624 cardinali
3313 1557 3735 1641 conferuntur
3765 1579 3942 1622 cano-

1098 1666 1380 1743 nicatus,
1418 1662 1786 1748 praebenda
1832 1670 1891 1727 et
1926 1663 2331 1728 thesauraria
2362 1685 2503 1728 cum
2534 1666 2995 1751 supplemento,
3042 1667 3111 1730 in
3141 1666 3394 1730 ecclesia
3435 1664 3617 1747 Traj.
3648 1666 3938 1729 vacantia

1086 1793 1212 1856 per
1257 1770 1491 1835 obitum
1538 1770 1874 1857 Rayualdi
1921 1771 1988 1834 S.
2037 1770 2324 1835 Adriani
2369 1771 2624 1835 diaconi
2671 1772 3063 1836 Cardinalis.

1096 1951 1271 2016 Dum
1338 1950 1421 2015 ad
1467 1971 1837 2039 personam.
1866 1998 1882 2014 .
1915 2000 1930 2015 .
1959 1999 1973 2014 .
2046 1951 2200 2016 Dat.
2251 1952 2494 2018 Salone
2541 1951 2952 2017 Arelatensis
3000 1950 3316 2035 diocesis,
3364 1951 3538 2018 XIII
3584 1951 3697 2017 Kl.
3745 1950 3940 2036 Jnffi,

874 2077 1048 2122 anno
1097 2063 1350 2144 quarte.

1297 2191 1422 2255 Ray.
1457 2192 1553 2241 Αυ.
1597 2194 1652 2243 Τ.
1686 2191 1778 2256 22,
1802 2194 1862 2256 s.
1899 2191 2015 2242 157.

875 2663 1070 2732 2192.
1858 2664 2075 2745 1374,
2123 2663 2300 2726 JuIii
2348 2667 2420 2746 7,
2470 2685 2577 2748 ap.
2629 2663 2977 2749 anonum.

1193 2815 1487 2882 Johanm·
1531 2816 1607 2880 de
1641 2816 1927 2881 Pierwez
1955 2815 2006 2898 l)
2055 2816 2475 2897 conferuntur
2505 2818 2910 2881 canonicatus
2941 2823 3001 2881 et
3026 2816 3386 2902 praebenda
3416 2817 3700 2886 ecclesiae
3737 2815 3948 2900 TraJ'„

1107 2930 1396 2987 vacantes
1442 2944 1517 2987 ex
1562 2944 1630 2987 eo
1678 2921 1849 3008 quod
1892 2922 2222 2986 Johannes
2273 2924 2368 2986 tit.
2414 2922 2482 2986 S.
2524 2922 2867 2988 Laurentii
2911 2926 2981 2989 in
3019 2924 3301 3007 Lucina,
3350 2925 3465 3011 qui
3504 2924 3796 3007 beneficia
3828 2945 3952 3010 per

1099 3029 1334 3093 obitum
1385 3028 1728 3093 Guillermi
1779 3025 1901 3109 „de
1945 3026 2372 3093 Yselhstien”
2398 3028 2453 3110 Β)
2500 3031 2797 3093 vacantia
2835 3031 3045 3114 viyore
3090 3030 3421 3094 literarum
3462 3030 3952 3115 apostolicarum

1105 3134 1492 3217 obtinuerat,
1541 3142 1687 3199 aute
1722 3134 2067 3219 pacificam
2114 3135 2398 3218 ipsorum
2447 3139 2895 3201 assecutionem
2941 3138 3009 3201 in
3055 3138 3239 3201 curia
3282 3136 3555 3201 decessit.
3606 3172 3690 3185 —
3737 3136 3953 3221 Depu-

1108 3248 1331 3305 tantur
1376 3249 1744 3305 executores.

1102 3421 1494 3486 Laudabilia
1540 3422 1905 3509 probitatis.
1935 3470 1950 3484 .
1980 3469 1995 3484 .
2024 3467 2041 3485 .
2091 3421 2246 3486 Dat.
2296 3421 2469 3507 apud
2521 3421 2872 3507 Ongonum
2911 3421 3379 3487 Avinionensis
3419 3420 3725 3504 diocesis,
3775 3420 3948 3487 Non.

876 3527 1081 3612 Julii,
1131 3529 1551 3615 pontificatus
1600 3528 1806 3593 nostri
1853 3548 2026 3592 anno
2076 3534 2332 3614 quarte.

1302 3665 1424 3727 Ray.
1462 3666 1559 3713 Ao.
1606 3666 1660 3713 T.
1695 3662 1787 3725 22,
1813 3665 1873 3727 s.
1909 3661 2024 3713 599.

1032 3808 1088 3874 1)
1123 3807 1295 3859 Codex
1331 3808 1516 3859 habet:
1556 3808 1620 3857 de
1656 3807 1937 3858 Pierrinez.
2140 3808 2195 3869 2)
2235 3807 2542 3857 Ysselstein.

872 4277 1074 4346 2193.
1929 4277 2145 4358 1374,
2194 4277 2478 4360 Auyusti
2523 4278 2648 4358 18,
2696 4274 2918 4339 Novis.

1199 4433 1660 4517 Infrascriptis
1706 4432 2076 4513 mandatur,
2124 4437 2198 4495 ut
2244 4431 2582 4495 Ber-nardo
2622 4430 2944 4495 Johannis
2973 4429 3050 4493 de
3083 4428 3258 4494 Goch
3288 4430 3511 4494 clerico
3551 4428 3733 4512 Traj.
3765 4429 3958 4494 dioec.

1111 4541 1445 4622 conferant
1499 4547 1877 4625 perpetuam
1941 4540 2246 4602 vicariam
2309 4539 2596 4602 ecclesiae
2656 4537 2724 4601 S.
2789 4537 3060 4601 Lebuini
3114 4535 3622 4620 Daventriensis,
3688 4537 3870 4602 ultra
3915 4538 3958 4600 4

1109 4668 1359 4711 marcas
1424 4647 1674 4730 arqenti
1736 4647 2071 4710 annuatim
2132 4664 2262 4707 non
2309 4645 2613 4708 valentem
2661 4652 2720 4709 et
2765 4651 3085 4708 vacantem
3131 4665 3207 4708 ex
3251 4664 3319 4708 eo
3366 4642 3537 4729 quod
3581 4642 3958 4709 Fredericus

1112 4754 1428 4819 Kummer
1475 4754 1910 4817 canonicatum
1957 4758 2017 4815 et
2051 4750 2484 4835 praebendam
2531 4751 2804 4835 ejusdem
2849 4751 3136 4815 ecclesiae
3181 4749 3471 4815 obtinuit.

1113 4933 1497 5000 Venerabili
1562 4931 1745 4997 fratri
1808 4929 2297 5016 archiepiscopo
2357 4928 2842 4995 Acherontensi
2889 4935 2958 4993 et
3005 4928 3262 4995 dilectis
3307 4929 3457 4993 filiis
3505 4935 3729 4996 sancte
3775 4929 3961 4996 Wal-

896 5042 1127 5128 burgis
1191 5040 1699 5126 Zutphaniensis
1762 5043 1831 5104 et
1887 5037 2097 5102 saneti
2142 5036 2414 5101 Martini
2461 5036 2900 5102 Embrieensis
2942 5035 3389 5121 TraJ‘eotensis
3435 5034 3714 5103 diocesis
3761 5038 3966 5103 eoele-

893 5151 1137 5216 siarum
1183 5148 1448 5214 decanis
1497 5147 1776 5211 salutem
1824 5153 1933 5209 etc.

1119 5255 1480 5323 Probitatis
1528 5261 1597 5320 et
1643 5254 1983 5318 virtutum.
2011 5299 2027 5315 .
2060 5299 2076 5315 .
2103 5297 2121 5316 .
2168 5250 2324 5315 Dat.
2372 5250 2577 5316 Novis
2621 5249 3092 5316 Avinionensis
3138 5247 3445 5333 diocesis,
3493 5248 3625 5314 XV
3656 5247 3770 5314 Kl.
3805 5248 3967 5337 Sep·

893 5364 1196 5445 tembris,
1248 5381 1419 5426 anno
1467 5365 1722 5447 quarto.

1312 5496 1439 5560 Bag.
1470 5496 1571 5545 Αυ.
1612 5496 1665 5543 Τ.
1701 5492 1792 5558 ⁴20,
1817 5494 1880 5556 s.
1913 5490 2025 5541 575.
