4450 6684
1925 531 2418 599 Isi-nonnemo.
3579 548 3698 597 ιιι

646 753 821 815 tatus
885 751 987 813 est
1048 747 1253 831 (num.
1309 748 1635 832 15—16);
1692 748 1764 812 a⁰
1818 750 1990 814 1138
2037 748 2406 814 Thitwinus
2456 747 2523 815 S.
2572 746 2856 813 Rufinae
2904 745 3268 812 cardinalis
3314 747 3699 835 episcopus,

647 853 757 940 qui
815 872 950 917 una
1011 872 1160 915 cum
1221 850 1558 917 Alberone
1612 851 1948 938 praedicto
1998 872 2073 917 ac
2121 851 2350 918 eadem
2398 851 2680 937 fungens
2725 851 3060 936 legatione
3107 848 3448 938 diplomati
3496 850 3698 916 dona-

647 956 844 1020 tionis
906 975 947 1020 a
1007 953 1310 1021 Conrado
1367 976 1524 1040 rege
1587 955 1694 1020 ΠΙ
1749 956 1964 1022 factae
2009 957 2152 1045 ipse
2200 956 2603 1042 subscripsit.
2629 956 2684 1039 1)
2777 955 2879 1021 De
2924 956 3104 1020 hisce
3151 976 3307 1021 vero
3353 955 3697 1042 papalibus

651 1059 886 1145 legatis
933 1058 1095 1123 nihil
1145 1058 1324 1124 aliud
1372 1066 1781 1148 compertum
1828 1061 2022 1125 nobis
2070 1065 2190 1126 est.

869 1161 1129 1229 Deinde
1197 1163 1272 1228 a0
1347 1165 1521 1228 1152
1594 1165 1877 1230 occurrit
1941 1185 2307 1250 anonymus
2372 1162 2776 1245 „Oardinalis
2823 1163 3088 1251 quidam
3135 1184 3176 1228 a
3219 1163 3426 1229 latere
3473 1164 3700 1250 Papae

650 1266 1067 1353 delegatus,”
1116 1268 1228 1354 qui
1275 1267 1660 1334 Hermanno
1707 1268 1965 1334 Hornio
2014 1274 2083 1335 et
2126 1268 2476 1335 Frederico
2509 1267 2592 1333 de
2626 1267 2867 1333 Havell
2898 1267 3170 1333 infulam
3206 1268 3695 1353 Trajectensem

648 1371 1129 1437 aemulantibus
1184 1371 1453 1453 „citavit
1497 1377 1813 1461 utrosque
1862 1373 2106 1439 electos
2154 1371 2511 1455 Leodium‚
2574 1372 2689 1437 ubi
2733 1371 3064 1458 praefatus
3111 1362 3530 1437 Hermannus
3579 1393 3702 1458 per

648 1474 929 1541 eundem
975 1475 1392 1542 Oardinalem
1440 1482 1510 1542 et
1556 1497 1780 1562 regem
1827 1476 2201 1543 Com-adum
2249 1476 2528 1563 adeptus
2573 1476 2700 1541 fuit
2744 1475 3218 1563 pontificium.''
3245 1476 3299 1559 2)

871 1579 1164 1656 Quorum
1235 1586 1468 1667 postea
1536 1582 1643 1647 vel
1709 1582 1779 1646 in
1847 1582 2139 1647 Bullario
2206 1587 2430 1647 nostro
2491 1582 2599 1646 vel
2659 1581 2816 1645 alibi
2881 1580 2953 1644 fit
3016 1581 3263 1645 mentio
3326 1580 3525 1665 legati
3581 1601 3700 1669 pa·

648 1684 826 1772 pales
874 1690 1066 1749 sunt:
1602 1676 1605 1679 ¹

869 1787 1086 1854 Guido
1157 1789 1501 1878 episcopus
1570 1790 2077 1873 Praenestinus,
2149 1811 2366 1855 coram
2437 1810 2566 1877 quo
2636 1810 2740 1854 an.
2816 1789 2989 1853 1202
3061 1788 3389 1854 Henricus
3461 1788 3598 1854 dux
3659 1791 3696 1855 Ι

642 1894 1115 1979 Lotharingiae
1177 1901 1376 1980 atque
1439 1893 1597 1959 Otto
1657 1915 1876 1960 comes
1939 1895 1975 1959 I
2036 1894 2371 1961 Gelrensis
2435 1892 2607 1980 apud
2662 1893 3041 1978 Trajectum
3088 1893 3171 1958 ad
3219 1892 3469 1958 Mosam
3515 1895 3700 1981 pacis

646 1998 1182 2085 compositionem
1246 1999 1562 2064 fecerunt.
1590 1999 1644 2082 3)
1736 2000 1913 2065 Huic
1970 1999 2171 2064 etiam
2224 1998 2445 2083 legato
2494 1997 2817 2063 commisit
2864 1998 3291 2063 Innocentius
3335 2019 3508 2085 papa
3551 1998 3699 2083 ΠΙ,

646 2107 722 2165 ut
765 2102 1294 2168 Willebrandum
1337 2104 1715 2193 episcopum
1756 2105 2249 2189 Trajectensem
2289 2101 2372 2165 ad
2411 2099 2725 2167 solvenda
2762 2100 2987 2166 debita
3024 2102 3447 2187 compelleret
3483 2103 3693 2187 (num.

650 2207 782 2289 45).
878 2206 1024 2280 Qua
1083 2208 1152 2272 in
1216 2228 1413 2272 causa
1460 2229 1565 2273 an.
1621 2210 1792 2274 1208
1841 2208 2055 2273 adhuc
2100 2206 2537 2273 intervenisse
2583 2206 2894 2291 leguntur
2941 2206 3140 2292 Hugo
3189 2205 3511 2271 Ostiensis
3558 2209 3695 2294 epi-

648 2330 881 2397 scopus
929 2316 997 2375 et
1041 2311 1181 2376 Leo
1229 2313 1331 2378 tit.
1383 2312 1450 2378 S.
1499 2313 1727 2378 Crucis
1773 2312 2119 2399 presbyter
2164 2311 2531 2378 Cardinalis
2579 2312 2784 2394 (num.
2834 2312 2970 2393 48).

866 2412 964 2478 A0
1031 2417 1201 2480 1225
1266 2416 1577 2503 Pelagius
1640 2416 1975 2482 Galvanus
2038 2416 2382 2503 episcopus
2443 2414 2843 2481 Albanensis
2905 2414 3220 2481 adversus
3268 2436 3415 2499 eos,
3465 2415 3577 2502 qui
3622 2416 3694 2481 in

644 2517 939 2602 partibus
1007 2521 1249 2585 nostris
1319 2521 1666 2607 pecuniam
1737 2522 1979 2586 Terrae
2044 2520 2329 2586 Sanctae
2376 2519 2667 2585 debitam
2716 2518 2799 2584 ad
2845 2521 3110 2608 propria
3155 2525 3690 2607 reportaverant,

646 2625 1338 2689 excommunicationis
1384 2626 1845 2712 pronunciavit
1890 2625 2290 2689 sententiam
2335 2626 2542 2708 (num.
2597 2622 2773 2706 110).
3735 2630 3738 2635 “

868 2725 967 2791 A0
1042 2730 1210 2793 1226
1282 2729 1625 2795 Conradus
1696 2730 2041 2816 episcopus
2108 2728 2497 2794 Portuensis
2565 2728 2741 2792 inter
2800 2726 3115 2794 Ottonem
3175 2727 3246 2792 H
3307 2729 3686 2816 episcopum

645 2828 1133 2914 Trajectensem
1179 2838 1378 2920 atque
1426 2839 1562 2898 tam
1607 2832 1975 2898 Gerardum
2020 2831 2128 2897 III
2173 2832 2436 2898 Gelriae
2484 2853 2679 2919 quam
2716 2831 3127 2897 Florentium
3156 2832 3256 2897 IV
3287 2831 3684 2900 Hollandiae

645 2936 915 3000 comites
984 2937 1371 3003 concordiae
1438 2944 1633 3026 pacta
1703 2937 2040 3002 stabilivit.
2063 2936 2121 3019 4)
2211 2936 2401 3003 Idem
2473 2957 2735 3023 quoque
2806 2937 3063 3023 legatus
3124 2938 3391 3022 negotio
3448 2939 3694 3004 Terrae

645 3036 925 3106 Sanctae
987 3041 1163 3129 apud
1224 3063 1344 3107 nos
1403 3041 1848 3130 promovendo
1920 3062 2185 3128 operam
2251 3039 2512 3106 dedisse
2562 3039 2842 3107 traditur
2888 3043 3094 3124 (num.
3150 3043 3303 3127 105)
3330 3042 3414 3126 5);
3464 3049 3694 3108 contra

644 3143 910 3209 clericos
954 3146 1330 3233 provinciae
1378 3146 1790 3212 Coloniensis
1839 3167 1987 3210 cum
2034 3145 2421 3210 mulieribus
2468 3145 2788 3229 religiosis
2834 3145 3267 3211 fornicaturos
3315 3165 3694 3212 excommu-

643 3247 988 3314 nicationis
1048 3251 1445 3316 sententiam
1505 3252 1947 3337 promulgavit
2007 3252 2213 3334 (num.
2284 3249 2478 3332 305);
2547 3249 2868 3336 episcopis
2916 3250 3447 3335 Trajectensibus
3493 3250 3693 3317 advo·

644 3352 878 3417 catiam
919 3354 1292 3420 Sallandiae
1333 3376 1450 3420 suo
1487 3357 1847 3420 munimine
1879 3354 2163 3419 asseruit
2187 3355 2274 3438 ⁶);
2318 3353 2661 3419 ecclesiam
2694 3352 3248 3441 Sutphaniensem
3278 3355 3694 3441 indulgentia

645 3453 913 3521 donavit
960 3464 1028 3522 et
1074 3464 1473 3524 conventum
1522 3459 1768 3525 ordinis
1816 3459 2273 3524 Cisterciensis
2319 3457 2496 3545 apud
2541 3457 2971 3523 Daventriam
3004 3458 3514 3523 construendum
3546 3481 3693 3547 per·

642 3560 925 3646 misit⁷);
972 3562 1396 3629 Fredericum
1445 3565 1512 3631 S.
1561 3565 1752 3631 Pauli
1801 3565 2106 3630 abbatem
2152 3562 2474 3648 regimine
2522 3559 2826 3626 destituit
2870 3563 3075 3645 (num.
3130 3563 3305 3646 114).

861 3665 959 3731 A0
1034 3669 1204 3732 1234
1275 3669 1477 3734 Petro
1548 3667 1630 3734 de
1701 3669 1911 3756 Supin
1975 3667 2276 3754 scriptori
2338 3666 2558 3754 papali
2620 3666 2690 3730 in
2753 3673 2974 3752 partes
3021 3671 3280 3731 nostras
3328 3672 3396 3732 et
3441 3668 3694 3735 vicinas

643 3771 982 3836 commissa
1027 3778 1131 3838 est
1172 3774 1456 3858 legatio,
1514 3780 1591 3839 ut
1634 3774 2009 3859 generalem
2055 3771 2390 3837 Ecclesiae
2437 3768 2883 3835 conditionem
2932 3774 3294 3857 exponeret
3339 3773 3689 3837 auxilium-

642 3894 767 3959 que
813 3876 875 3941 ei
922 3877 1305 3963 conquirere
1353 3883 1684 3963 satageret
1729 3880 2003 3962 (numm.
2058 3877 2462 3956 144—145).

859 3980 959 4046 A0
1025 3983 1196 4045 1245
1256 3982 1547 4047 Jacobus
1608 3983 1951 4070 episcopus
2016 3980 2492 4046 Praenestinus
2553 3975 2927 4042 Guidonem
2974 3978 3339 4043 antistitem
3387 3979 3693 4046 Camera-

643 4103 935 4168 censem,
1000 4091 1075 4150 ut
1136 4107 1399 4151 causam
1466 4084 1548 4151 de
1608 4086 1928 4150 limitibus
1987 4083 2388 4149 dioecesium
2436 4081 2879 4166 Trajectensis
2926 4086 2995 4146 et
3043 4082 3476 4148 Tornacensis
3526 4090 3689 4148 tam-

644 4209 833 4274 quam
880 4189 1126 4255 arbiter
1171 4189 1429 4255 audiret
1477 4189 2033 4276 decerneretque,
2080 4188 2215 4252 suis
2262 4187 2470 4251 literis
2518 4183 2847 4270 delegavit
2891 4186 3098 4267 (num.
3153 4186 3329 4269 157).

860 4293 959 4360 A0
1011 4295 1179 4358 1246
1229 4293 1576 4380 Philippus
1624 4295 1872 4360 electus
1919 4291 2358 4357 Ferrariensis
2398 4309 2515 4376 pro
2549 4288 2839 4353 Henrico
2872 4289 3245 4375 praeposito
3279 4290 3685 4375 Trajectensi

641 4406 706 4462 et
747 4399 1113 4463 Xanctensi
1158 4398 1629 4463 beneficiorum
1678 4401 2099 4462 conservator
2147 4394 2505 4482 deputatus
2552 4398 2655 4458 est
2699 4394 2906 4476 (num.
2964 4395 3135 4477 186).

860 4501 957 4570 ΑΟ
1027 4505 1196 4566 1247
1262 4508 1330 4567 et
1390 4522 1509 4589 per
1569 4502 1819 4589 aliquot
1867 4521 2076 4566 annos
2121 4499 2424 4588 proxime
2473 4503 2823 4584 sequentes
2868 4497 3111 4563 Petrus
3157 4496 3239 4564 de
3285 4498 3566 4587 Caputio
3615 4499 3684 4567 S.

639 4605 901 4693 Georgii
960 4605 1042 4671 ad
1087 4605 1326 4671 Velum
1378 4604 2036 4671 Aureum-diaconus
2083 4603 2452 4671 cardinalis
2500 4608 2574 4667 ut
2618 4603 3009 4689 praecipuus
3055 4603 3397 4669 Wilhelmi
3442 4605 3686 4670 Roma-

640 4730 868 4777 norum
928 4710 1100 4796 regis
1159 4709 1470 4775 adversus
1516 4708 1938 4776 Fredericum
1986 4709 2059 4774 11
2104 4708 2325 4773 fautor
2371 4713 2569 4794 atque
2617 4707 2832 4772 socius
2879 4706 3068 4771 nobis
3108 4707 3248 4792 jam
3293 4708 3602 4773 innotuit.
3628 4709 3686 4791 8)

798 5108 855 5172 1)
890 5106 1082 5157 Mulier
1120 5107 1311 5156 Oudste
1351 5105 1699 5156 Cae-talariam
1734 5103 1859 5169 1283
1900 5103 2246 5154 Oorkondenb.
2279 5118 2380 5152 van
2412 5101 2562 5151 Holl.
2595 5116 2656 5150 en
2689 5099 2912 5150 Zeeloend
2946 5099 2987 5151 1.
3022 5097 3101 5150 77.
3137 5099 3203 5149 n·
3235 5098 3349 5149 121.

797 5187 855 5254 2)
890 5188 1033 5239 Beka
1073 5187 1322 5237 Chronica
1355 5187 1438 5237 52.

796 5268 850 5332 3)
887 5268 1031 5320 Sloet
1070 5268 1413 5319 Oorkondenb.
1445 5283 1544 5317 oon
1582 5267 1734 5317 Gelo-e
1768 5266 1810 5317 1.
1843 5264 1959 5316 405.
1993 5265 2058 5315 n·
2091 5263 2203 5315 400.

795 5349 853 5414 4)
890 5350 1185 5412 Diplomata
1220 5350 1251 5399 d
1272 5349 1319 5399 d.
1355 5348 1488 5399 1226
1522 5349 1737 5399 lanuar.
1763 5345 1961 5397 26-27
1992 5344 2337 5396 Oorlconaenb.
2364 5359 2466 5394 can
2488 5342 2633 5392 Holl.
2657 5357 2718 5391 en
2739 5341 2963 5390 Zoeland
2987 5339 3028 5390 I.
3051 5338 3164 5391 170.
3191 5355 3300 5405 seq.
3325 5339 3389 5390 11⁰
3413 5339 3683 5392 294-295

634 5436 687 5481 et
719 5433 853 5495 apud
888 5431 1044 5493 alios;
1080 5432 1173 5481 cfr.
1208 5429 1524 5479 Vermeulen
1564 5427 1852 5478 Inventam&
1884 5426 1964 5479 67.

796 5512 852 5575 5)
887 5512 993 5563 Cir.
1031 5511 1152 5561 Mon
1188 5509 1658 5574 Korkyesclaieaeniae
1692 5508 1759 5558 ΙΙ.
1796 5521 1831 5560 1.
1868 5508 1949 5558 24.
2285 5506 2342 5569 6)
2378 5504 2693 5556 Vermeulen
2731 5500 3024 5552 quentatis
3059 5500 3139 5554 70.

795 5592 853 5657 7)
887 5591 1032 5643 Sloet
1068 5591 1485 5642 Oorkondenboek
1520 5590 1558 5640 1.
1593 5588 1708 5641 485.
1742 5590 1806 5640 n⁰
1838 5588 1940 5639 479
1973 5595 2027 5640 et
2059 5587 2173 5639 486.
2209 5589 2274 5638 n·
2307 5586 2422 5639 481.

798 5672 854 5739 8)
888 5674 992 5725 Cir.
1028 5688 1187 5738 supra
1223 5673 1426 5722 Introd.
1462 5686 1512 5734 p.
1547 5669 1740 5720 XVIII.
