4450 6684
854 561 939 624 64
2077 558 2539 625 Innocmms
2586 557 2703 624 VI.

850 802 985 847 non
1049 783 1465 847 committant
1525 802 1649 847 nec
1708 780 2103 847 facientibus
2159 779 2484 866 prebeant
2531 780 2890 863 auxilium,
2937 780 3284 846 consilium
3328 781 3435 846 vel
3481 780 3809 865 favorem3
3854 785 3927 846 et

849 888 1022 976 quod
1084 889 1210 977 ipsi
1272 888 1653 956 Gherardus
1714 893 1784 955 et
1845 887 1889 953 J
1893 887 2155 953 ohanna
2217 886 2469 952 ibidem
2531 887 2799 953 realiter
2861 886 2944 953 de
2991 887 3184 953 bonis
3232 908 3461 954 eorum
3506 886 3787 974 propriis
3832 885 3916 951 ad

847 996 1163 1062 honorem
1223 995 1352 1061 Dei
1413 994 1647 1061 dotent
1709 1015 1910 1059 unam
1958 999 2348 1080 perpetuam
2395 993 2828 1082 capellaniam
2873 994 2945 1058 in
2993 994 3229 1060 annuis
3276 998 3346 1059 et
3394 994 3730 1082 perpetuis
3775 993 3924 1059 red·

848 1101 1096 1167 ditibus
1143 1100 1492 1167 duodecim
1537 1101 1934 1165 florenorum
1981 1099 2127 1165 auri
2172 1100 2246 1164 in
2293 1100 2604 1184 ecclesia,
2654 1098 2738 1165 de
2786 1121 2918 1187 qua
2961 1100 3089 1187 ipsi
3135 1100 3529 1184 maluerint,
3578 1120 3697 1187 pro
3740 1120 3921 1188 pres-

848 1209 1082 1297 bytero
1146 1208 1447 1296 ydoneo,
1497 1208 1611 1295 qui
1656 1208 1726 1272 in
1770 1207 1917 1294 ipsa
1963 1206 2245 1272 ecclesia
2293 1211 2600 1272 teneatur
2643 1212 2968 1293 perpetuo
3016 1205 3241 1272 divina
3287 1205 3501 1271 officia
3546 1206 3916 1291 celebrare,

844 1320 913 1381 et
982 1316 1143 1381 alias
1204 1337 1325 1402 pro
1385 1315 1718 1403 premissis
1781 1314 2080 1401 imponas
2127 1314 2224 1379 eis
2272 1313 2714 1401 penitenciam
2762 1315 3122 1380 salutarem
3168 1318 3238 1379 et
3284 1313 3415 1380 alia
3460 1333 3589 1401 que
3643 1312 3726 1379 de
3763 1315 3916 1399 jure

845 1423 1092 1488 fuerint
1152 1421 1600 1508 injungenda3
1665 1427 1734 1487 et
1782 1422 1837 1485 si
1887 1420 2008 1485 tibi
2054 1420 2419 1507 expediens
2467 1421 2807 1504 videatur,
2855 1420 3033 1509 quod
3081 1420 3259 1486 dicta
3305 1419 3716 1508 dispensacio
3762 1441 3917 1486 con·

846 1528 1153 1612 cedatur,
1225 1549 1422 1615 super
1491 1549 1622 1614 quo
1693 1534 1875 1593 tuam
1938 1526 2417 1591 conscienciam
2480 1547 2830 1593 oneramus
2849 1577 2867 1611 ‚
2933 1548 3084 1592 cum
3146 1525 3397 1594 eisdem
3461 1525 3801 1592 Gherardo
3847 1532 3918 1592 et

845 1635 891 1703 J
894 1635 1188 1718 ohanna,
1234 1638 1311 1700 ut
1355 1633 1859 1722 impedimento,
1893 1632 2068 1720 quod
2101 1653 2190 1698 ex
2223 1631 2400 1698 dicta
2431 1634 3006 1720 consanguinitate
3038 1635 3373 1722 provenit,
3411 1653 3545 1698 non
3579 1632 3919 1718 obstante,

844 1741 1333 1806 matrimonium
1386 1740 1668 1805 invicem
1716 1738 1798 1804 de
1846 1758 2017 1803 novo
2065 1738 2273 1804 libere
2322 1739 2709 1805 contrahere
2758 1744 2827 1804 et
2867 1740 2939 1804 in
2973 1759 3084 1822 eo,
3132 1744 3482 1826 postquam
3512 1744 3919 1803 contractum

841 1848 1070 1931 fuerit,
1118 1867 1458 1912 remanere
1506 1846 1687 1910 licite
1721 1845 2017 1926 valeant,
2067 1845 2462 1910 auctoritate
2494 1845 2791 1932 predicta
2821 1844 3170 1934 dispenses
3191 1894 3210 1931 ,
3256 1846 3510 1933 prolem
3542 1850 3913 1932 susceptam

849 1960 918 2021 et
981 1951 1462 2040 suscipiendam
1526 1973 1612 2018 ex
1674 1949 2054 2037 hujusmodi
2111 1951 2529 2016 matrimonio
2575 1953 2940 2039 legitimam
2989 1951 3429 2019 decernendo.
3520 1950 3611 2017 Et
3653 1952 3923 2038 insuper

844 2059 1180 2142 volumus,
1230 2058 1407 2146 quod
1455 2058 1882 2144 supervivens
1925 2077 2012 2122 ex
2045 2056 2140 2121 eis
2173 2056 2423 2142 absque
2455 2076 2571 2143 spe
2603 2058 2896 2143 conjugii
2927 2057 3170 2125 debeat
3198 2063 3520 2146 perpetuo
3553 2040 3913 2123 remanere.

844 2164 999 2231 Dat.
1050 2163 1224 2251 apud
1271 2163 1756 2231 Villamnovam
1803 2161 2275 2228 Avinionensis
2324 2159 2637 2246 diocesis,
2686 2162 2794 2228 ΠΙ
2839 2161 2941 2229 Id.
2988 2163 3150 2250 Maji
3171 2212 3190 2249 ,
3237 2183 3412 2230 anno
3461 2161 3772 2228 secundo.

1258 2300 1385 2361 Rea.
1418 2300 1518 2349 Αυ.
1561 2300 1617 2348 Τ.
1650 2298 1706 2361 6,
1731 2299 1790 2361 s.
1827 2297 1943 2348 477.

991 2443 1049 2508 1)
1084 2443 1390 2510 Legendum
1426 2442 1662 2493 videtur:
1698 2441 2025 2492 Theoderici.

838 2925 1028 2994 1510.
1726 2926 1937 3008 1354,
1985 2924 2157 3007 Maji
2202 2925 2327 3007 24,
2373 2945 2479 3009 ap.
2544 2923 3033 2989 Villamnovam.

1155 3079 1614 3165 Infrascriptis
1659 3079 2029 3161 mandatur,
2079 3085 2154 3143 ut
2203 3078 2483 3143 Henrico
2532 3077 2821 3163 Splinter
2867 3077 3201 3160 conferant
3238 3076 3680 3162 parochialem
3723 3077 3907 3141 eccle-

1067 3189 1230 3250 siam
1291 3186 1368 3250 de
1428 3185 1710 3250 Rieland
1770 3207 1846 3250 ecc
1909 3206 1977 3250 eo
2032 3193 2391 3268 vacantem,
2441 3184 2611 3270 quod
2656 3182 2935 3249 Jacobus
2981 3182 3172 3249 Petri
3217 3183 3542 3249 Johannis
3584 3182 3764 3266 filius
3807 3203 3917 3247 an.

1067 3293 1246 3357 1350
1322 3291 1549 3357 Urbem
1592 3291 1872 3376 jubilaei
1926 3295 2147 3377 qratia
2206 3291 2496 3356 accedens
2558 3290 2739 3374 obiit,
2766 3293 2819 3375 l)
2885 3327 2966 3339 —
3035 3297 3094 3355 et
3158 3290 3236 3355 ab
3281 3289 3556 3376 Huyone
3601 3288 3918 3375 Raynerii

1051 3397 1426 3484 presbytero
1484 3397 1665 3479 Traj.
1716 3397 1904 3461 dioec.
1941 3418 2068 3482 per
2113 3418 2354 3461 annum
2400 3405 2458 3462 et
2504 3398 2684 3462 ultra
2732 3396 3000 3462 indebite
3046 3404 3433 3482 occupatam.

1059 3580 1337 3646 Dilectis
1384 3581 1538 3646 filiis
1587 3629 1603 3646 .
1632 3630 1648 3647 .
1696 3581 1908 3647 sancti
1954 3580 2299 3647 Michaelis
2344 3581 2868 3667 Antwerpiensis
2917 3587 2987 3646 et
3032 3627 3050 3646 .
3077 3629 3094 3646 .
3144 3580 3339 3647 beate
3386 3580 3593 3647 Haris
3626 3578 3912 3646 Middel-

835 3688 1183 3775 burgensis
1247 3688 1739 3754 Cameracensis
1801 3694 1869 3754 et
1933 3688 2377 3774 Trajectensis
2427 3687 2787 3754 diocesium
2836 3688 3394 3753 monasteriorum
3439 3687 3791 3754 abbatibus
3838 3705 3915 3752 ao

841 3794 1134 3862 «Iohanni
1181 3795 1263 3861 de
1310 3795 1563 3861 Brullio
1611 3796 1926 3861 canonico
1973 3795 2380 3861 Tornacensi
2428 3796 2707 3861 salutem
2758 3802 2869 3861 etc.

1063 3902 1540 3969 Laudabilibus
1582 3903 1952 3991 probitatis.
1981 3950 1996 3966 .
2026 3949 2043 3967 .
2072 3951 2088 3967 .
2129 3902 2282 3968 Non
2315 3901 2733 3968 obstantibus
2779 3949 2796 3968 .
2821 3950 2838 3968 .
2869 3949 2886 3968 .
2912 3949 2930 3967 .
2972 3900 3147 3989 quod
3184 3902 3389 3968 altare
3421 3901 3616 3967 beate
3646 3901 3912 3988 Agathe

837 4009 1037 4075 situm
1082 4010 1152 4075 in
1201 4010 1478 4076 ecclesia
1523 4008 1605 4075 de
1653 4009 2144 4096 Reymerswale
2191 4008 2636 4095 TraJectensis
2683 4008 2996 4091 diocesis,
3045 4009 3236 4094 cujus
3282 4008 3565 4093 fructus,
3614 4005 3910 4073 redditus

838 4122 906 4183 et
965 4121 1325 4205 proventus
1388 4114 1763 4202 quindecim
1819 4115 2133 4181 librarum
2178 4115 2662 4180 Turonensium
2709 4136 3060 4204 parvorum
3108 4115 3399 4182 valorem
3446 4134 3738 4179 annuum
3762 4163 3781 4199 ‚
3828 4118 3905 4179 ut

839 4224 1186 4308 asseritur,
1234 4224 1669 4289 communiter
1715 4243 1850 4288 non
1898 4221 2265 4305 excedunt,
2311 4222 2489 4288 idem
2536 4223 2865 4289 Henricus
2905 4223 3198 4288 noscitur
3242 4222 3562 4289 obtinere.
3599 4269 3616 4287 .
3643 4269 3662 4287 .
3691 4270 3707 4287 .
3756 4221 3911 4291 Dat.

836 4330 1011 4420 apud
1057 4331 1541 4398 Villamnovam
1587 4338 1697 4396 etc.
1718 4380 1736 4415 ,
1785 4329 1995 4397 VIIII
2039 4329 2150 4396 Kl.
2199 4329 2246 4397 J
2250 4330 2423 4414 unii,
2470 4351 2644 4396 anno
2694 4329 3015 4397 secundo.

1260 4464 1388 4527 Rey.
1421 4466 1521 4516 Ac.
1567 4466 1621 4514 T.
1654 4463 1750 4530 18,
1772 4466 1835 4529 s.
1870 4462 2013 4514 437³.

987 4608 1046 4672 1)
1094 4606 1342 4658 Clemens
1388 4622 1523 4672 papa
1573 4606 1645 4658 VI
1692 4607 1779 4658 die
1824 4606 1890 4658 25
1938 4609 2072 4674 Aug.
2118 4623 2208 4660 an.
2254 4606 2390 4659 1349
2432 4621 2618 4659 omnes
2668 4608 2919 4660 ecclesias
2954 4607 3284 4673 parochiales
3319 4613 3635 4671 caeteraque
3668 4603 3926 4658 beneficia

827 4704 1275 4757 quorumcunque
1329 4691 1567 4755 proximo
1603 4689 1828 4754 jubilaei
1876 4706 2018 4742 anno
2065 4692 2298 4742 Romam
2347 4692 2806 4758 peregrinantium
2840 4697 2895 4744 et
2930 4693 2987 4743 in
3024 4693 3218 4744 itinere
3251 4690 3621 4743 decedentium
3656 4689 3927 4741 donationi

828 4776 968 4827 sedis
1001 4774 1319 4839 apostolicae
1353 4781 1728 4826 reservaverat.

840 5223 1021 5293 1511.
1719 5224 1936 5309 1354,
1984 5224 2156 5307 Maji
2202 5226 2327 5308 26,
2375 5247 2481 5311 ap.
2543 5225 3035 5292 Villamnovam.

1161 5378 1458 5444 Andreae
1503 5378 1866 5443 Herderinc
1915 5379 2305 5462 indulyetur,
2354 5380 2523 5465 quod
2568 5383 2814 5444 etiamsi
2860 5381 3249 5445 medietatem
3284 5380 3687 5465 parochialis
3731 5380 3913 5447 eccle-

1070 5488 1200 5551 siae
1257 5486 1325 5550 S.
1379 5485 1664 5551 Martini
1706 5488 1777 5550 in
1827 5485 2239 5571 Groninyhen
2282 5486 2544 5571 pacifice
2589 5495 2907 5551 assecutus
2951 5487 3192 5570 fuerit,
3242 5489 3364 5571 jus
3409 5486 3530 5552 sibi
3571 5494 3915 5574 competens

1069 5594 1155 5657 ad
1217 5599 1636 5678 personatum
1704 5592 1978 5676 ejusdem
2046 5593 2333 5657 ecclesiae
2404 5593 2568 5658 licite
2627 5596 2937 5680 prosequi
2998 5594 3248 5674 valeat;
3305 5614 3488 5680 quem
3534 5596 3595 5659 si
3636 5595 3914 5677 evincat,

1072 5701 1456 5764 alterutrum
1502 5697 1861 5781 beneficium
1907 5698 2221 5764 dimittere
2271 5699 2597 5765 tenebitur.
