4450 6684
1850 557 2167 624 Oranus
2210 555 2331 619 VI.
3535 556 3620 619 33

564 787 730 851 sium
774 803 1154 872 parvorum,
1199 803 1320 871 per
1367 781 1642 846 dilectos
1689 778 1855 844 filios
1903 777 2137 844 fratres
2183 775 2614 841 fraternitatis
2660 775 2925 860 majoris
2956 773 3317 840 Kalandrie
3353 775 3617 859 Trajec-

560 892 762 956 tensis
808 889 930 955 tibi
977 889 1285 955 collatam
1337 908 1455 953 seu
1504 886 1901 972 assignatam
1923 932 1940 967 ,
1989 882 2279 948 nosceris
2327 881 2645 947 obtinere.
2674 928 2689 944 .
2720 928 2736 944 .
2769 928 2784 942 .
2857 879 3008 945 Dat.
3058 879 3426 961 Avinione,
3474 880 3617 945 1111

562 997 731 1062 Non.
779 994 1202 1077 Decembris,
1249 1014 1423 1059 anno
1471 1013 1666 1058 nono.

974 1111 1099 1173 Ray.
1134 1112 1231 1161 Ae.
1276 1112 1331 1161 T.
1365 1108 1455 1169 59,
1488 1111 1547 1174 s.
1581 1107 1719 1158 371³.

710 1236 767 1302 1)
802 1235 906 1286 Cir.
943 1250 1105 1300 supra
1140 1249 1289 1286 num.
1325 1233 1475 1285 1094.

1779 1428 2004 1434 ———-
2053 1426 2359 1433 ———---——

561 1652 744 1722 1373.
1519 1655 1731 1736 1350,
1777 1652 2133 1716 Decembris
2179 1653 2255 1733 5,
2302 1651 2667 1715 Avenionis.

872 1807 1165 1872 Johanm·
1194 1814 1346 1872 nato
1378 1805 1650 1870 Henrici
1676 1805 1943 1892 Squelin
1974 1805 2049 1868 de
2072 1804 2412 1886 Helmont,
2443 1804 2665 1869 clerico
2690 1802 2883 1867 Leod.
2919 1803 3105 1867 dioec.
3124 1851 3142 1885 ,
3176 1802 3624 1886 conferendum

781 1919 1141 1979 reservatur
1202 1913 1561 1995 beneficium
1621 1921 1907 1998 spectans
1971 1912 2059 1975 ad
2104 1912 2458 1995 capitulum
2508 1910 2956 1974 Daventriense
3004 1917 3062 1973 et
3107 1930 3248 1973 cum
3293 1930 3451 1973 cura
3497 1911 3585 1973 25
3603 1957 3621 1992 ,

784 2023 917 2085 sine
978 2040 1135 2085 cura
1195 2040 1338 2085 vero
1400 2021 1491 2083 18
1550 2040 1915 2083 marcarum
1979 2020 2231 2104 aryenti
2290 2018 2565 2083 valorem
2629 2038 2912 2081 aunuum
2974 2037 3100 2082 non
3160 2016 3469 2081 excedens.
3537 2053 3620 2064 —

777 2126 1192 2211 Deputantur
1236 2133 1605 2191 executores.

783 2307 1172 2375 Laudabilia
1218 2307 1584 2397 probitatis.
1615 2355 1630 2372 .
1658 2355 1674 2371 .
1710 2355 1725 2372 .
1774 2306 1927 2373 Dat.
1974 2305 2338 2389 Avinione,
2386 2304 2556 2371 Non.
2606 2305 3021 2388 Decembris,
3071 2325 3243 2369 anno
3290 2324 3486 2370 nono.

981 2425 1107 2489 Rey.
1142 2426 1240 2475 dv.
1284 2425 1339 2474 T.
1372 2422 1463 2488 60,
1490 2425 1551 2489 s.
1587 2422 1724 2473 442v.

561 2910 749 2978 1374.
1523 2912 1735 2994 1350,
1783 2910 2136 2975 Decembris
2182 2913 2257 2993 8,
2303 2910 2667 2975 Aveniouis.

872 3066 1109 3131 Jacobo
1139 3065 1216 3130 de
1246 3066 1585 3130 Alrehorst
1624 3066 2031 3130 baccalaureo
2065 3067 2134 3129 in
2165 3064 2427 3128 decretis
2458 3064 2877 3145 conferuntur
2909 3066 3315 3128 canonicatus
3346 3070 3406 3127 et
3423 3083 3623 3147 prae-

787 3171 985 3236 benda
1046 3174 1116 3235 in
1170 3172 1424 3236 ecclesia
1481 3170 1548 3234 S.
1598 3170 1921 3236 Johanuis
1976 3171 2188 3254 Traj.,
2238 3178 2527 3234 vacantes
2560 3192 2686 3255 per
2732 3169 2966 3234 obitum
3016 3170 3333 3235 Everardi
3378 3168 3625 3251 Foer1)

788 3285 844 3341 et
903 3278 1005 3342 die
1064 3280 1108 3341 7
1168 3277 1344 3342 Julii
1389 3298 1494 3342 an.
1544 3279 1722 3341 1349
1768 3278 2169 3362 dispositioni
2212 3277 2377 3340 sedis
2423 3278 2803 3361 apostolicae
2848 3285 3217 3342 reservatae.
3271 3313 3353 3324 —
3401 3276 3625 3361 Depu-

790 3389 1012 3446 tantur
1058 3389 1425 3447 executores.
2290 3392 2293 3395 ’

783 3566 1183 3632 Litterarum
1229 3566 1523 3632 scientia.
1550 3612 1569 3632 .
1597 3614 1612 3631 .
1642 3613 1659 3631 .
1706 3567 1860 3632 Dat.
1907 3566 2239 3632 Avinione
2261 3615 2278 3650 ‚
2327 3566 2428 3631 VI
2472 3564 2572 3630 Id.
2624 3567 3042 3651 Decembris,
3093 3587 3266 3632 anno
3315 3586 3509 3632 nono.

978 3683 1106 3747 Περ.
1139 3685 1238 3736 Ae.
1281 3686 1336 3734 T.
1369 3681 1461 3746 56,
1487 3685 1548 3748 f.
1583 3682 1699 3735 237.

715 3807 772 3873 1)
806 3807 1114 3876 Legendum
1153 3809 1384 3861 videtur:
1423 3809 1572 3860 Foec.

576 4226 747 4297 1375.
1494 4234 1706 4316 1350,
1756 4232 2119 4297 Decembris
2164 4232 2285 4314 14,
2329 4233 2693 4297 Avenionis.

875 4384 1166 4451 Johanm·
1228 4384 1387 4453 Albi
1446 4386 1866 4470 conferuntur
1924 4390 2342 4453 canonicatus
2403 4395 2463 4452 et
2510 4388 2881 4473 praebenda
2942 4392 3009 4452 in
3067 4389 3320 4454 ecclesia
3374 4387 3632 4473 Trajec·

791 4494 979 4575 tensi,
1036 4500 1325 4557 vacantes
1377 4515 1498 4579 per
1559 4493 1793 4558 obitum
1856 4493 2154 4581 Symonis
2215 4494 2292 4559 de
2347 4494 2586 4580 Hoqha
2630 4504 2689 4560 et
2735 4496 2837 4560 die
2880 4498 2969 4560 25
3016 4497 3302 4582 Auqusti
3341 4497 3629 4581 proxime

786 4598 999 4683 elapso
1043 4597 1443 4683 dispositioni
1486 4600 1650 4665 sedis
1695 4601 2073 4685 apostolicae
2121 4607 2495 4665 reservatae.
2548 4638 2630 4650 —-
2679 4601 3096 4686 Deputcmtur
3141 4609 3513 4668 executores.

787 4776 943 4843 Vite
990 4798 1067 4844 ac
1109 4798 1387 4844 morum.
1414 4826 1431 4843 .
1461 4827 1477 4844 .
1508 4826 1525 4844 .
1584 4780 1738 4846 Dat.
1784 4779 2157 4864 Avinicne,
2204 4781 2483 4847 XVIIII
2526 4781 2638 4848 Kl.
2685 4782 3020 4866 Januarii,
3069 4804 3242 4848 anno
3291 4805 3489 4850 nono.

982 4895 1107 4959 Bey.
1141 4896 1241 4947 Δυ.
1284 4899 1335 4947 T.
1373 4895 1466 4962 56,
1491 4899 1553 4962 f.
1583 4895 1696 4948 370.

1782 5114 1938 5121 ——-——
1953 5115 2366 5122 -——-—————

574 5310 756 5384 1376.
1545 5321 1753 5404 1351,
1800 5321 2117 5386 Januarii
2161 5323 2235 5405 3,
2282 5322 2646 5387 Aveuionis.

877 5474 1170 5541 Amoldo
1235 5475 1402 5539 dicto
1463 5475 1696 5562 Ayken
1756 5476 1832 5540 de
1896 5476 2121 5541 Goerle
2193 5479 2489 5541 canonico
2542 5476 2930 5561 Trajectensi
2974 5476 3393 5560 conferuntur
3433 5500 3629 5564 prae-

794 5578 987 5644 benda
1030 5587 1092 5645 et
1135 5582 1635 5667 supplementum
1681 5583 1751 5646 in
1796 5583 2048 5646 ecclesia
2103 5581 2317 5665 Traj„
2367 5584 2662 5647 vacantia
2694 5603 2820 5668 per
2864 5581 3098 5647 obitum
3137 5581 3430 5668 Symonis
3469 5585 3631 5649 dicti

806 5684 1259 5774 Vanderhoqhe
1275 5737 1293 5773 ,
1341 5687 1518 5773 apud
1563 5690 1807 5753 curiam
1852 5688 2157 5774 defuncti.
2210 5684 2293 5737 .-
2344 5689 2761 5790 Deputantur
2806 5696 3173 5755 executores.

793 5820 875 5884 ΙΙ.
3366 5826 3404 5885 5
