4450 6684
887 586 1013 634 xvr
2169 568 2658 636 Iunonum-10.

889 787 1313 873 apostolicam
1358 785 1443 852 ad
1480 787 1593 872 jus
1642 807 1830 852 suum
1877 784 2344 851 vindicandum
2391 784 2767 851 Ludovicus
2813 783 2897 852 de
2932 786 3065 851 Los
3095 789 3199 850 est
3232 782 3642 872 deprecatus.
3699 785 3935 871 Neque

888 890 1158 975 frustra,
1227 912 1382 956 nam
1451 892 1534 956 ab
1605 890 1996 956 Innocentio
2066 910 2238 977 papa
2297 888 2403 953 III
2466 889 2689 956 literas
2750 889 3157 976 impetravit,
3221 909 3496 977 quarum
3543 889 3936 956 auctoritate

885 994 1316 1060 Wilhelmum
1366 997 1671 1060 comitem
1718 993 1800 1059 ad
1849 994 2408 1080 archiepiscopum
2440 993 2894 1060 Trevirensem
2930 993 3203 1059 citatum
3243 1013 3388 1059 esse
3418 992 3699 1080 legimus
3730 994 3936 1077 (num.

889 1100 1022 1182 80).
1117 1099 1433 1165 Attamen
1498 1099 1567 1164 in
1621 1098 1875 1182 judicio
1937 1096 2336 1162 Wilhelmus
2400 1117 2619 1162 comes
2678 1096 2854 1162 inter
2917 1096 3079 1162 alias
3127 1095 3555 1183 exceptiones
3603 1097 3937 1184 opposuit:

892 1202 1086 1288 „quia
1148 1208 1404 1267 mortuo
1466 1200 1851 1267 mandatore
1915 1201 2335 1287 expiraverat
2386 1202 2525 1287 jam
2574 1199 3023 1266 mandatum.’'
3117 1200 3376 1267 Literas
3421 1199 3698 1288 proinde
3743 1201 3941 1266 Inno-

887 1307 1084 1371 centii
1147 1328 1357 1394 papae
1419 1306 1524 1371 111
1585 1306 1807 1393 paullo
1872 1311 2026 1371 ante
2089 1305 2296 1392 ipsius
2354 1310 2630 1370 mortem
2694 1303 2905 1370 editas
2962 1325 3231 1388 censeo,
3279 1325 3481 1391 quum
3530 1326 3570 1370 a
3618 1303 3760 1387 die,
3809 1323 3939 1391 quo

887 1417 1388 1495 emanaverunt,
1451 1410 1533 1475 ad
1599 1410 1984 1493 terminum,
2050 1430 2180 1496 quo
2242 1409 2618 1475 executioni
2666 1414 2823 1473 sunt
2868 1406 3246 1493 mandatae,
3294 1409 3713 1476 intervallum
3760 1430 3941 1475 men·

888 1515 1068 1579 sibus
1117 1513 1374 1580 duobus
1421 1515 1716 1579 tribusve
1764 1514 1975 1599 maJus
2023 1514 2298 1599 cogitari
2345 1513 2458 1578 vix
2504 1514 2732 1601 possit.

1112 1619 1556 1705 Exceptiones
1617 1624 1871 1701 autem,
1935 1639 2097 1704 quas
2160 1617 2559 1683 Wilhelmus
2621 1638 2836 1683 comes
2883 1618 2953 1682 in
2992 1617 3245 1705 judicio
3294 1618 3628 1705 opposuit,
3677 1616 3940 1705 praesul

889 1724 1296 1790 Trevirensis
1359 1724 1725 1805 recusavit3
1773 1723 1918 1809 ejus
1965 1721 2047 1787 ad
2097 1722 2319 1788 sedem
2367 1721 2793 1810 apostolicam
2838 1722 3346 1809 appellationem
3394 1722 3824 1809 contempsit3
3871 1721 3943 1787 in

890 1849 1042 1893 eum
1075 1828 1771 1894 excommunicationis
1805 1828 2077 1914 ejusque
2110 1828 2180 1891 in
2213 1831 2418 1892 terras
2451 1826 2782 1892 interdicti
2815 1827 3177 1892 sententias
3208 1826 3678 1913 promulgavit3
3712 1825 3944 1891 Ottoni

888 1932 960 1998 II
1006 1933 1311 2020 episcopo
1359 1933 1799 2019 TraJectensi,
1862 1937 1936 1996 ut
1984 1930 2439 2018 compositioni
2487 1930 2758 1994 firmiter
2804 1928 3250 1995 observandae
3299 1930 3704 2015 invigilaret,
3760 1949 3943 1995 man·

891 2034 1117 2101 datum
1166 2036 1515 2122 delegavit.
1576 2036 2016 2102 Nihilominus
2059 2035 2274 2100 caveri
2305 2034 2644 2120 hucusque
2680 2053 2813 2098 non
2843 2038 3132 2120 poterat,
3166 2033 3514 2120 quominus
3545 2032 3942 2098 Wilhelmus

892 2139 1251 2205 dominium
1314 2140 1437 2205 sibi
1499 2140 1949 2226 abjudicatum
1996 2139 2297 2204 obtinere
2343 2143 2670 2226 pergeret.
2762 2137 2982 2214 Quare
3031 2136 3371 2203 Ludovico
3416 2137 3654 2203 comite
3700 2138 3942 2203 iterum

891 2249 1161 2333 petente
1209 2244 1484 2310 eandem
1532 2244 2102 2330 compositionem,
2142 2244 2284 2329 jam
2332 2242 2675 2309 duodecim
2723 2242 2912 2306 annis
2950 2247 3105 2307 ante
3137 2242 3418 2325 factam,
3449 2263 3759 2328 expresse
3791 2263 3942 2308 con·

892 2349 1175 2414 firmavit
1234 2348 1570 2414 Honorius
1633 2370 1803 2436 papa
1865 2348 1972 2412 III
2031 2350 2304 2431 (numm.
2369 2350 2451 2412 ⁷3
2498 2353 2569 2414 et
2614 2348 2757 2429 ⁷4);
2807 2367 3000 2434 quem
3050 2367 3276 2412 mense
3323 2345 3561 2412 Martio
3610 2368 3714 2412 an.
3769 2348 3939 2412 1217

893 2452 976 2517 ad
1024 2458 1244 2538 partes
1289 2451 1609 2519 Ludovici
1657 2451 1910 2517 comitis
1959 2452 2223 2538 penitus
2270 2452 2619 2518 inclinasse
2666 2450 3063 2517 documenta
3108 2456 3337 2517 nostra
3381 2451 3694 2538 probant3
3739 2452 3939 2517 immo

895 2558 1097 2622 etiam
1142 2576 1452 2622 censuras
1498 2561 1727 2622 contra
1771 2555 2201 2620 Wilhelmum
2249 2554 2332 2621 de
2378 2555 2736 2623 Hollandia
2780 2557 3054 2642 ejusque
3101 2560 3463 2621 sectatores
3493 2554 3940 2641 promulgatas

896 2660 1204 2726 Summus
1251 2660 1565 2725 Pontifex
1609 2660 1967 2746 apostolico
2016 2659 2428 2725 confirmavit
2472 2659 2833 2726 munimine
2880 2661 3153 2744 (numm.
3207 2661 3290 2725 75
3339 2666 3408 2725 et
3458 2661 3589 2743 76).

1118 2765 1592 2830 Verumtamen
1653 2763 1976 2829 industria
2037 2785 2156 2830 sua
2209 2763 2604 2830 Wilhelmus
2665 2785 2802 2830 rem
2864 2785 3022 2829 mox
3068 2764 3196 2829 alio
3246 2764 3598 2830 convertit:
3648 2765 3718 2830 in
3764 2763 3945 2829 curia

893 2868 1233 2954 pontificia
1291 2870 1433 2954 ejus
1493 2874 1874 2954 procurator
1936 2868 2025 2933 H.
2088 2867 2309 2933 denuo
2374 2869 2555 2933 litem
2604 2874 2824 2934 movet
2870 2875 3100 2934 contra
3146 2868 3226 2934 G.
3275 2873 3764 2955 procuratorem
3810 2868 3944 2934 Lu·

897 2973 1140 3057 dovici3
1188 2974 1467 3061 primum
1517 2971 1782 3059 quidem
1827 2972 1895 3036 in
1944 2973 2142 3058 hujus
2189 2972 2478 3039 favorem
2516 2971 2853 3057 judicatur
2898 2975 3104 3058 (num.
3155 2975 3307 3057 78);
3356 2972 3472 3038 sed
3503 2993 3729 3038 mense
3763 2971 3942 3040 Julio

897 3077 978 3142 ad
1024 3078 1407 3143 instantiam
1452 3077 1822 3161 Wilhelmi,
1872 3078 1982 3164 qui
2032 3077 2297 3142 interim
2344 3077 2447 3160 (ut
2485 3077 2707 3165 Papae
2740 3076 3270 3143 benevolentiam
3305 3078 3668 3163 captaretP)
3716 3076 3944 3144 Crucis

896 3181 1142 3248 fecerat
1200 3187 1460 3265 votum,
1525 3202 1722 3247 causa
1784 3180 1867 3247 de
1930 3201 2102 3247 novo
2160 3181 2489 3248 audienda
2549 3187 2619 3247 et
2671 3180 3032 3267 judicanda
3078 3181 3506 3247 committitur
3552 3181 3945 3269 quibusdam

895 3287 1204 3372 praelatis
1266 3285 1798 3371 Trajectensibus
1862 3288 2069 3369 (num.
2136 3286 2287 3371 80);
2349 3307 2575 3351 mense
2635 3287 2940 3371 Augusto
3007 3285 3339 3351 sententia
3399 3284 3483 3350 ad
3530 3291 3662 3352 tres
3709 3287 3943 3351 saltem

896 3412 1154 3456 menses
1217 3390 1516 3456 differtur
1577 3392 1781 3473 (num.
1851 3391 2001 3474 81);
2062 3390 2326 3454 interim
2383 3390 2604 3456 favore
2651 3390 2986 3477 pontificio
3034 3388 3432 3454 Wilhelmus
3477 3389 3742 3473 fruitur,
3790 3412 3943 3457 nam

894 3496 1268 3560 vicesimam
1315 3499 1754 3582 proventuum
1803 3494 2390 3559 ecclesiasticorum
2438 3516 2556 3559 suo
2601 3495 2672 3558 in
2713 3492 3003 3558 dominio
3035 3491 3434 3579 exigendam
3465 3493 3548 3559 ad
3581 3493 3942 3561 subsidium

895 3601 1137 3666 Terrae
1201 3598 1482 3664 Sanctae
1548 3597 1805 3662 obtinet
1867 3599 2072 3682 (num.
2126 3600 2271 3682 8⁷);
2321 3598 2425 3664 die
2473 3599 2558 3665 29
2606 3599 2766 3684 Maji
2813 3619 2919 3663 an.
2975 3600 3147 3662 1218
3198 3599 3267 3662 in
3314 3598 3584 3665 Terram
3633 3599 3941 3667 Sanctam

894 3704 1334 3792 profecturus,
1374 3702 1512 3786 jam
1562 3706 1789 3785 antea,
1839 3702 1893 3766 si
1940 3723 2111 3788 quae
2142 3703 2311 3769 forte
2342 3708 2491 3789 post
2521 3704 2648 3769 iter
2677 3703 3226 3790 peregrinationis
3261 3708 3592 3790 arreptum
3623 3705 3693 3768 in
3724 3705 3938 3790 ipsum

896 3806 1309 3896 promulgata
1368 3807 1538 3872 foret
1597 3808 2294 3873 excommunicationis
2356 3809 2730 3891 sententia,
2782 3807 3146 3871 absolvitur
3206 3808 3412 3891 (num.
3480 3808 3624 3892 88);
3674 3807 3940 3875 tandem

897 3911 1129 3979 eodem
1177 3931 1400 3976 mense
1438 3910 1776 3996 judicibus
1822 3912 2002 3998 prius
2049 3909 2380 3998 deputatis
2427 3910 2810 3994 mandatur,
2859 3918 2934 3975 ut
2964 3910 3118 3976 huic
3153 3933 3387 3977 causae
3421 3912 3685 3977 omnino
3719 3933 3941 4000 super-

895 4017 1171 4083 sedeant
1214 4036 1421 4102 usque
1469 4014 1552 4080 ad
1599 4015 1880 4081 reditum
1931 4016 2274 4101 utriusque
2321 4015 2562 4079 aemuli
2609 4018 2880 4099 (numm.
2931 4018 3017 4081 89
3067 4022 3136 4081 et
3183 4017 3319 4100 90).

1118 4120 1483 4186 Plurimum
1531 4140 1686 4206 ergo
1735 4119 1908 4206 apud
1956 4120 2202 4184 curiam
2249 4119 2548 4206 papalem
2595 4119 2990 4184 Wilhelmus
3039 4139 3257 4185 comes
3303 4118 3582 4206 profecit
3626 4142 3942 4209 suamque

892 4248 1151 4292 causam
1220 4226 1290 4289 in
1360 4225 1593 4289 melius
1664 4224 1880 4290 vertit.
1974 4222 2315 4288 Audacem
2381 4244 2534 4288 vero
2597 4222 2862 4288 fortuna
2922 4224 3368 4309 maximopere
3436 4223 3692 4311 adjuvit
3736 4226 3938 4312 ipsius

892 4330 1221 4395 aemulum
1282 4332 1556 4414 repente
1617 4326 2057 4410 sublevandO,
2123 4348 2274 4392 nam
2338 4326 2443 4392 die
2508 4329 2592 4392 29
2655 4326 2818 4392 Julii
2880 4325 3177 4413 ejusdem
3231 4327 3388 4392 anni
3435 4327 3811 4395 Ludovicus
3857 4329 3938 4396 de

890 4435 1023 4499 Los
1072 4432 1291 4498 subita
1336 4436 1544 4496 morte
1592 4435 1928 4518 correptus
1976 4436 2097 4496 est.

1116 4537 1325 4602 Totus
1367 4537 1566 4621 hujus
1614 4555 1848 4601 causae
1896 4534 2359 4600 celeberrimae
2391 4554 2730 4622 processus
2757 4535 2810 4619 ¹)
2856 4541 3259 4620 nostrorum,
3293 4556 3464 4622 quae
3496 4556 3583 4602 ex
3613 4536 3937 4623 Registris

887 4641 1232 4706 Vaticanis
1293 4639 1841 4727 deprompsimus,
1889 4638 2289 4705 adminiculo
2339 4640 2768 4727 diplomatum
2812 4641 2953 4725 J‘am
3001 4640 3283 4727 amplius
3330 4639 3696 4706 illustratur
3741 4647 3937 4728 atque

890 4744 1143 4810 facilius
1191 4744 1606 4832 perspicitur.

481 4860 673 4910 Summi
697 4860 861 4909 Ponti·
1119 4847 1531 4913 Procedente
1579 4867 1747 4912 saec.
1794 4846 1971 4912 XIII
2015 4847 2372 4913 Pontifices
2417 4848 2754 4916 Romanos
2799 4849 2995 4915 rebus
3046 4848 3297 4934 patriae
3345 4854 3608 4915 nostrae
3641 4849 3937 4915 civilibus

479 4927 877 5113 Z:
893 4951 2016 5122 {3232353351‘1222321335322
2031 4953 2527 5121 imezvfflfflsszss
2556 4954 2922 5122 Evam
2977 4951 3934 5122 “222231333133322‘3232

477 5080 511 5112 n
702 5079 793 5113 cm
820 5080 857 5111 1·
1266 5079 1284 5120 1
1437 5103 1453 5121 .
2094 5079 2133 5121 a
2386 5079 2420 5123 c
2577 5079 2672 5123 0s1
2705 5079 2726 5121 1

478 5131 857 5249 {ffinoejffoem'
891 5161 1237 5247 episcopus
1268 5159 1709 5244 Trajectensis
1749 5164 1817 5224 et
1846 5078 2242 5225 wilheqngm
2274 5160 2308 5225 I
2338 5079 2572 5226 come?
2586 5078 3096 5227 Hollandia’eqde
3130 5157 3530 5246 quibusdam
3560 5157 3931 5223 hominibus

886 5266 955 5330 in
1003 5264 1215 5330 Frisia
1254 5284 1360 5329 an.
1400 5265 1570 5328 1204
1602 5264 1894 5329 inierunt
1924 5264 1978 5346 2)
2025 5266 2230 5347 (num.
2270 5266 2456 5349 104);
2489 5264 2915 5330 Innocentius
2952 5284 3124 5351 papa
3154 5263 3253 5329 IV
3290 5284 3396 5327 an.
3437 5263 3608 5327 1250
3641 5268 3931 5349 pactum,

888 5369 1060 5434 inter
1121 5367 1553 5434 Wilhelmum
1615 5368 1688 5433 II
1748 5368 2050 5433 comitem
2116 5369 2390 5455 ejusque
2449 5369 2713 5434 fratrem
2776 5367 2859 5432 de
2919 5365 3234 5432 Zelandia
3304 5387 3515 5454 nuper
3569 5366 3935 5432 confectum

1054 5636 1110 5699 1)
1148 5636 1222 5686 De
1257 5651 1362 5700 quo
1397 5636 1488 5687 cfr.
1526 5634 1676 5684 Kluit
1710 5633 1745 5683 1.
1779 5632 1814 5683 1.
1849 5630 2131 5683 490-493.

1053 5717 1111 5782 2)
1146 5716 1251 5767 Csr.
1286 5716 1436 5767 Kluit
1469 5717 1502 5766 1.
1538 5716 1573 5767 1.
1608 5714 1876 5765 Excursus
1912 5713 2037 5763 VIII
2073 5714 2160 5777 (de
2195 5713 2496 5764 conditione
2532 5712 2846 5779 Oostergoae
2879 5718 2933 5763 et
2969 5711 3330 5779 Westergoae)
3364 5710 3643 5764 409-410.
