4450 6684
1771 542 1993 607 Innnx
2039 541 2531 607 Pnasomauu.
3017 602 3029 611 ,
3556 539 3684 603 391

612 762 977 823 Heurieus
1019 762 1094 821 de
1135 759 1345 821 Gelria
1385 780 1481 839 ep.
1522 761 1707 821 Leod.
1750 761 1887 838 297,
1917 761 2064 838 303,

697 872 843 948 304,
888 872 1033 948 306,
1075 872 1223 947 307,
1271 853 1394 930 Int.
1435 870 1644 947 an,
1685 870 1855 931 LXV
1896 889 2022 949 seq.

617 1015 690 1026 —
736 983 923 1042 abbas
963 980 1287 1041 Fuldeusis
1329 981 1467 1040 254.

615 1125 694 1138 -
737 1091 813 1151 de
854 1091 1272 1169 Dyepenheim
1313 1091 1388 1150 de
1428 1089 1760 1150 Daveutria
1786 1089 2061 1150 notarius

695 1201 809 1259 271
830 1244 846 1277 ,
888 1202 1023 1259 277.

618 1344 692 1354 -
737 1309 812 1369 de
854 1310 990 1387 Ray
1033 1311 1218 1369 abbas
1254 1308 1608 1387 Campensis
1636 1308 1843 1369 Colou.
1873 1308 2060 1369 dioeo.

698 1420 834 1478 277.

618 1561 691 1571 -
741 1527 1113 1606 Opteukelre
1153 1528 1425 1587 notarius
1468 1529 1604 1586 277.

617 1670 691 1680 -
732 1637 805 1695 de
833 1636 1200 1714 Vinstingen
1227 1635 1493 1713 archiep.
1525 1634 1903 1695 Trevireusis
1923 1635 2059 1693 313.

617 1779 691 1789 —
736 1745 811 1804 de
851 1745 1055 1804 Leoha
1096 1743 1348 1820 (Leeka)
1389 1743 1563 1803 miles
1607 1744 1745 1802 347.

619 1888 693 1898 -
737 1853 842 1913 des
882 1853 1050 1913 Muta
1092 1871 1187 1931 ep.
1228 1852 1587 1912 Morinensis
1630 1853 1776 1928 349,
1820 1853 1956 1911 352.

618 1995 695 2008 --
752 1981 956 2041 praep.
1013 1962 1407 2038 xanctensis,
1438 1963 1480 2037 ¹)
1537 1962 1691 2021 thes.
1733 1962 1791 2020 b.
1831 1961 2060 2021 Mariae

698 2071 890 2148 Traj.,
946 2072 1160 2149 oapell.
1218 2070 1452 2150 papalis
1505 2072 1654 2146 368,
1697 2071 1816 2129 Int.
1859 2070 2056 2146 LXX,

694 2180 1046 2239 LXXVIII.
1562 2234 1568 2241 .

616 2323 689 2333 —
748 2289 823 2349 de
875 2288 1299 2349 Amersfoerde
1339 2290 1525 2348 abbas
1567 2288 1627 2349 S.
1670 2288 1848 2347 Pauli
1892 2289 2055 2366 Traj.

698 2400 832 2457 376.

615 2539 696 2549 -
739 2525 934 2566 comes
975 2506 1050 2566 de
1091 2505 1386 2566 Waldeek
1428 2506 1565 2565 392.

618 2647 690 2657 -
734 2614 807 2673 de
850 2614 1143 2674 Sutveuia
1184 2615 1325 2674 cler.
1370 2615 1515 2689 413,
1557 2614 1679 2675 lut.
1721 2615 1895 2674 LIII.

618 2756 690 2767 —
734 2728 914 2782 uatus
956 2723 1193 2782 comitis
1235 2723 1590 2783 Harmoniae
1631 2725 1767 2783 434.

619 2866 690 2875 —
737 2831 979 2891 Gelriae
1019 2850 1151 2891 ean.
1194 2834 1252 2891 b.
1293 2833 1521 2891 Mariae
1565 2832 1728 2909 Traj.
1772 2833 1910 2891 471.

618 2975 689 2985 -
754 2940 827 3000 de
888 2941 1121 3000 Anhalt
1189 2940 1449 3019 archiep.
1519 2941 2057 3019 Magdeburgeusis

695 3051 830 3109 474.

618 3193 688 3204 -
733 3160 919 3218 abbas
959 3158 1407 3236 Egmuudensis
1450 3160 1588 3218 506.

616 3300 689 3311 —
747 3267 1042 3327 Deuekini
1097 3267 1171 3326 de
1226 3267 1529 3326 Buderioh
1583 3285 1713 3327 can.
1771 3267 1831 3327 8.
1891 3266 2055 3327 Salv.

694 3377 830 3435 511.

616 3519 689 3528 —
734 3485 930 3545 Dolon
969 3503 1100 3544 cau.
1146 3485 1311 3561 Traj.
1355 3485 1491 3544 532.

615 3627 688 3636 -
733 3593 807 3652 de
848 3594 1098 3653 Colonia
1139 3611 1271 3653 ean.
1317 3592 1377 3652 S.
1421 3592 1583 3652 Salv.
1629 3593 1793 3669 Traj.
1839 3593 1975 3652 532.

614 3734 688 3745 —
733 3701 808 3760 de
849 3701 1087 3761 Vienna
1130 3702 1358 3760 electus
1398 3702 1688 3760 Metensis
1731 3703 1866 3761 547.

615 3843 687 3854 -
731 3810 806 3869 de
829 3809 1173 3887 Spanheym
1196 3828 1401 3887 praep.
1423 3810 1481 3868 b.
1504 3809 1732 3869 Mariae
1753 3810 2056 3887 Aquensis

694 3918 829 3978 552.

613 4061 687 4071 —
733 4028 918 4086 abbas
961 4026 1021 4086 S.
1064 4027 1243 4086 Pauli
1285 4027 1449 4104 Traj.
1496 4027 1639 4103 565,
1686 4030 1834 4105 607,
1879 4029 2015 4087 660.

613 4168 687 4179 -
734 4136 807 4195 de
845 4135 1077 4195 Mireeh
1117 4136 1292 4195 miles
1335 4137 1470 4195 591.

613 4277 687 4288 -
732 4244 806 4303 de
850 4242 1069 4304 Sancto
1111 4245 1444 4304 Maximino
1488 4245 1623 4303 593.

614 4385 687 4396 —
733 4353 807 4412 de
837 4354 1106 4431 Teghele
1134 4372 1338 4432 praep.
1369 4355 1427 4413 b.
1457 4354 1685 4413 Mariae
1715 4354 1880 4430 Traj.
1912 4356 2057 4430 613,

691 4464 811 4522 Int.
853 4465 1030 4524 LIII.

610 4604 692 4616 —
731 4572 805 4631 de
847 4572 1015 4650 Boye
1056 4591 1186 4632 ean.
1230 4573 1380 4632 Dav.
1412 4574 1550 4649 637,
1580 4574 1727 4649 661,
1761 4574 1905 4649 772,
1936 4573 2056 4632 Int.

695 4681 892 4741 LVII.

615 4822 688 4833 —
734 4789 808 4848 de
849 4790 1238 4850 Loenresloot
1278 4790 1404 4849 dee.
1452 4789 1511 4849 S.
1545 4789 1684 4849 Joh.
1718 4787 1881 4866 Traj.
1912 4791 2057 4866 660,

697 4898 870 4957 1515.

616 5038 691 5049 -
737 5006 809 5065 de
852 5007 1241 5066 Loenresloet
1282 5007 1495 5066 domio.
1543 5008 1717 5066 1637.

617 5147 688 5157 -
733 5114 808 5173 de
848 5114 1120 5174 Wisohel
1163 5133 1293 5175 can.
1323 5115 1758 5174 Wisohelensis
1787 5119 1849 5173 et
1876 5114 2057 5191 Dav„

695 5227 894 5282 rector
935 5224 1080 5283 ecel.
1125 5224 1187 5282 in
1229 5223 1448 5283 Didam
1489 5225 1636 5300 660,
1681 5224 1817 5282 670.

617 5362 692 5375 -
736 5331 810 5389 de
851 5331 1137 5390 Butzelar
1178 5350 1310 5391 ean.
1353 5331 1414 5391 S.
1456 5332 1685 5390 Mariae
1727 5330 1891 5408 Traj.
1925 5333 2059 5391 673.

710 5670 768 5736 1)
805 5671 989 5721 Idem?

2243 759 2613 820 Hem-icus
2655 758 2799 821 Bols
2837 776 2969 819 ean.
3016 758 3077 819 S.
3121 757 3260 818 Joh.
3307 757 3471 834 Traj.
3510 758 3648 818 675.

2245 902 2320 914 -
2377 873 2559 928 natus
2612 867 2923 927 Frederiei
2977 868 3133 928 dom.
3188 867 3263 928 de
3312 866 3472 928 Bare
3512 872 3575 928 et
3614 868 3692 927 de

2324 977 2627 1054 Oeehteu,
2669 996 2798 1038 ean.
2845 977 2905 1037 S.
2950 977 3111 1037 Salv.
3155 977 3319 1054 Traj.
3363 978 3500 1036 685.

2244 1121 2318 1131 —
2381 1086 2580 1146 dietus
2635 1087 2710 1146 de
2765 1086 3056 1147 Oarshem
3100 1086 3375 1161 (Carsen,
3426 1088 3689 1162 Karseu)

2322 1197 2553 1274 presb„
2598 1215 2727 1256 ean.
2770 1195 2829 1255 S.
2876 1195 3039 1256 Salv.
3071 1196 3233 1273 Traj.
3251 1240 3268 1273 ,
3309 1196 3439 1257 dee.
3468 1195 3690 1257 Olden-

2327 1304 2585 1364 zaleusis
2626 1304 2776 1381 693,
2822 1307 3002 1381 1362,
3050 1306 3223 1365 1366.

2245 1445 2319 1456 -
2382 1412 2581 1474 dietus
2638 1413 2712 1473 de
2759 1414 3019 1473 Brameu
3062 1433 3190 1474 ean.
3237 1414 3296 1473 8.
3339 1415 3481 1476 Joh.
3524 1416 3687 1494 Traj.

2322 1521 2460 1582 694.

2245 1663 2318 1673 -
2384 1630 2601 1690 Jaeobi
2662 1631 2979 1692 Burwisoh
3043 1632 3424 1708 (Bierwisoh)
3489 1635 3689 1711 subd„

2322 1756 2453 1799 oan.
2497 1739 2556 1799 S.
2605 1740 2775 1799 Petri
2818 1740 3015 1817 Traj.,
3058 1746 3256 1802 rector
3299 1743 3446 1802 ecel.
3481 1744 3692 1804 Novae

2320 1846 2607 1907 Civitatis
2631 1849 3100 1927 Zutphanieusis
3122 1856 3183 1910 et
3204 1851 3278 1910 de
3297 1850 3691 1930 Wadenoyen

2320 1957 2464 2032 701,
2512 1958 2684 2016 1673.

2241 2097 2315 2107 -
2362 2063 2437 2123 de
2481 2064 2863 2126 Ootmarsum
2906 2067 3048 2127 oler.
3085 2068 3281 2127 benef.
3310 2088 3348 2128 a
3376 2087 3506 2148 oap.
3539 2069 3598 2129 8.
3629 2068 3690 2130 S.

2330 2176 2760 2254 Apostolorum
2800 2176 3006 2237 Oolon.
3053 2178 3189 2237 758.

2243 2317 2325 2329 -
2364 2290 2546 2344 natus
2588 2284 2901 2344 Godefridi
2944 2284 3093 2345 dieti
3123 2286 3519 2365 Theugnagel
3558 2306 3704 2375 eam

2326 2392 2385 2453 S.
2431 2392 2594 2453 Salv.
2640 2393 2804 2471 Traj.
2850 2396 2985 2454 777.

2242 2538 2316 2548 -
2375 2504 2620 2564 Moliart
2674 2522 2804 2565 ean.
2862 2505 3319 2583 Bommeleusis,
3372 2506 3585 2567 deinde
3628 2507 3687 2567 S.

2321 2613 2492 2671 Petri
2537 2613 2733 2689 Traj.,
2773 2614 2967 2673 benef.
3012 2633 3049 2673 a
3077 2633 3207 2693 cap.
3240 2620 3302 2674 et
3330 2634 3459 2675 ean.
3494 2616 3689 2692 Traj.,

2325 2740 2531 2799 praep.
2588 2722 3021 2797 Embrioeusis,
3074 2724 3201 2784 deo.
3247 2724 3288 2782 J
3291 2724 3387 2789 oh.
3433 2725 3593 2802 Traj.
3610 2727 3688 2802 (Ρ)

2325 2833 2468 2907 778,
2513 2833 2661 2906 917,
2708 2833 2888 2907 1104,
2937 2833 3119 2906 1122,
3167 2835 3342 2893 1474.

2276 2973 2318 2983 -
2377 2940 2450 3000 de
2506 2941 2748 3001 Juliaoo
2802 2942 3016 3018 capell.
3061 2944 3324 3020 papalis,
3379 2962 3583 3023 praep.
3631 2946 3688 3004 b.

2322 3049 2550 3108 Mariae
2584 3049 2660 3109 ad
2692 3049 2932 3110 Gradus
2959 3050 3193 3125 Colon.,
3223 3070 3352 3113 ean.
3384 3057 3445 3112 et
3475 3053 3692 3113 deiude

2321 3159 2447 3218 deo.
2507 3159 2671 3235 Traj.
2733 3161 2877 3236 783,
2936 3162 3081 3237 784,
3124 3163 3270 3237 801,
3313 3163 3458 3239 803,
3506 3165 3689 3239 1104,

2322 3267 2444 3327 Iut.
2487 3267 2792 3345 LXVIII,
2832 3270 3081 3329 LXXV.

2241 3410 2315 3420 —
2375 3376 2450 3436 de
2490 3377 2772 3436 Mierlaer
2815 3395 2975 3454 eam,
3018 3378 3230 3438 deinde
3271 3398 3477 3458 praep.
3522 3381 3686 3457 Traj.

2318 3486 2465 3562 801,
2499 3487 2646 3562 802,
2677 3487 2821 3562 952,
2855 3488 3039 3563 1116,
3072 3488 3255 3563 1425,
3289 3489 3470 3565 1512,
3501 3491 3689 3565 2013,

2318 3593 2440 3653 Int.
2483 3594 2622 3670 XL,
2664 3594 2912 3654 LXXV.

2236 3735 2318 3745 —
2371 3702 2549 3762 Louii
2607 3702 2682 3761 de
2737 3700 3164 3780 Genderingen
3218 3704 3359 3763 cler.
3414 3705 3611 3764 benef.
3653 3725 3692 3765 a

2325 3829 2454 3887 oap.
2502 3809 2560 3868 S.
2603 3810 2832 3870 Mariae
2875 3810 3038 3887 Traj.
3082 3813 3217 3869 824.

2239 3951 2312 3962 -
2359 3919 2433 3978 de
2474 3918 2712 3996 Weyda
2746 3937 2876 3978 cau.
2908 3918 2967 3977 8.
2997 3918 3444 3980 Bartholomaei
3473 3922 3684 3998 Leod.,

2319 4026 2533 4087 deinde
2604 4028 2769 4104 Traj.
2838 4032 2901 4087 et
2969 4028 3191 4087 ibidem
3260 4028 3416 4106 deo„
3479 4049 3687 4108 praep.

2321 4135 2707 4195 Westfrisiae
2777 4138 2925 4213 868,
2998 4138 3178 4213 1234,
3253 4138 3435 4215 1297,
3501 4140 3685 4216 1298,

2323 4245 2506 4321 1300,
2553 4246 2725 4304 1464.

2238 4387 2321 4396 -
2362 4353 2609 4412 Blavier
2652 4371 2781 4412 can.
2828 4352 3018 4429 Traj„
3069 4352 3282 4413 deinde
3325 4354 3384 4414 S.
3428 4355 3692 4416 Bartho-

2319 4460 2534 4521 lomaei
2573 4461 2755 4521 Leod.
2799 4462 2937 4520 868.

2239 4605 2322 4616 —
2379 4572 2454 4631 de
2512 4570 2757 4631 Jutfaas
2819 4588 3026 4648 praep.
3082 4570 3409 4649 Elsteusis,
3473 4572 3690 4632 deinde

2324 4681 2452 4740 dee.
2521 4685 2583 4739 et
2648 4697 2778 4739 can.
2844 4680 3004 4756 Traj.
3072 4681 3221 4756 870,
3283 4681 3432 4757 871,
3503 4682 3688 4758 1295,

2324 4790 2499 4849 1297.

2237 4931 2319 4941 -
2360 4897 2561 4958 Ooeke
2602 4916 2730 4957 ean.
2780 4896 2838 4956 8.
2884 4896 3047 4957 Salv.
3092 4898 3256 4974 Traj.
3300 4899 3437 4958 889.

2238 5040 2320 5050 -
2359 5007 2530 5066 Maza
2571 5007 2890 5084 acolythus
2934 5007 3068 5065 913.

2240 5148 2322 5157 -
2377 5114 2621 5174 Fustini
2691 5114 3040 5191 (Vustinol’)
3109 5133 3238 5174 ean.
3309 5114 3473 5191 Traj.
3539 5115 3683 5189 996,

2327 5225 2509 5300 1113,
2557 5224 2738 5298 1712,
2786 5224 2967 5299 1714,
3011 5224 3186 5282 1715.

2249 5365 2321 5375 -
2364 5330 2613 5391 Henrioi
2636 5332 2881 5409 Dapper
2908 5331 2983 5391 de
3005 5331 3172 5391 Delft
3196 5330 3484 5392 scholaris
3513 5332 3686 5390 1017.

3369 5778 3444 5836 57
