4450 6684
824 495 959 559 344
2090 492 2316 559 Isnnx
2365 494 2730 561 Locostm.

822 715 1267 777 Alnisiensis
1310 714 1566 776 eeclesia
1606 713 2054 775 xanctonensis
2082 713 2275 775 dioeo.

908 831 1097 905 2060,
1140 824 1557 888 2090-2092.

821 937 1242 1002 Alostensis
1283 936 1608 997 comitatus
1653 934 1791 994 980.

822 1049 1108 1128 Alphen
1150 1046 1407 1108 ecelesia
1448 1043 1813 1123 paroehialis
1846 1043 2055 1105 Colon.
2086 1042 2276 1103 diooo.

910 1160 1081 1220 1259.

824 1269 1210 1330 Alrehorst
1252 1285 1311 1326 v.
1355 1264 1625 1324 Jacobus
1667 1262 1758 1323 de.

822 1379 1090 1438 Altena
1130 1394 1329 1437 eomes
1371 1374 1445 1433 de
1488 1375 1596 1449 47,
1639 1392 1699 1432 v.
1731 1372 2139 1432 Theodericus
2180 1371 2275 1432 de.

823 1486 1250 1548 Altenensis
1292 1483 1546 1544 eeclesia
1588 1482 1916 1543 saecularis
1959 1483 2095 1542 841.

824 1598 1105 1658 Altinis
1167 1615 1227 1656 v.
1282 1594 1640 1672 Ludolphus
1697 1593 1802 1669 de,
1868 1592 2278 1654 Theodericus

904 1706 1146 1767 Alberti
1189 1705 1282 1764 de.

824 1817 1012 1875 Alva
1050 1812 1481 1874 monasterium
1508 1812 1610 1889 de,
1641 1811 1896 1873 cistere.
1926 1810 2053 1872 ord.
2084 1811 2270 1872 Leod.

907 1925 1095 1985 dioeo.
1140 1925 1277 1983 607.

824 2034 1248 2095 Amannatis
1288 2053 1346 2092 v.
1388 2032 1663 2092 Andreas
1705 2031 1875 2092 Nesii
1917 2030 2009 2091 de.

824 2144 1275 2204 Ambrevilla
1316 2162 1374 2202 ν.
1417 2141 1727 2203 «Iohannes
1772 2141 1864 2201 de.

826 2253 1121 2315 Ameide
1161 2250 1434 2313 dominus
1475 2251 1551 2310 de
1579 2253 1767 2328 2084,
1799 2251 1989 2326 2146,
2032 2269 2090 2309 v.
2119 2248 2279 2308 wil-

908 2363 1146 2423 helmus
1189 2362 1389 2423 dietus
1428 2361 1698 2438 Heeloop
1742 2360 1835 2420 de.

828 2472 1330 2551 Ameronghen
1371 2491 1431 2531 v.
1473 2470 1784 2531 «Iohannes
1826 2469 1919 2529 de.

826 2581 1320 2642 Amersfordia
1373 2579 1632 2641 ecelesia
1684 2578 1748 2641 8.
1788 2578 2039 2657 Georgii
2085 2577 2275 2655 1532,

912 2693 1096 2768 1817,
1143 2692 1328 2768 1959,
1371 2710 1430 2751 v.
1471 2690 1774 2750 Henricus
1815 2689 1920 2766 de,
1965 2688 2278 2749 Johsnnes

910 2800 1296 2861 Goetsohsloi
1337 2800 1441 2877 de,
1484 2799 1850 2859 wilhelmus
1895 2798 1987 2859 de.

827 2910 1145 2989 Ameyda
1184 2929 1243 2970 v.
1285 2908 1561 2969 Ameide.

824 3019 1135 3096 Amgien
1176 3037 1234 3078 v.
1275 3017 1499 3096 Angia.

829 3129 1149 3188 Ammers

830 3236 1261 3298 Amme'rstol

830 3346 1109 3409 Amstel
1150 3365 1209 3407 v.
1254 3343 1635 3405 Giselbertus
1678 3342 1769 3402 de.

830 3453 1421 3515 Amsterdammis
1462 3472 1520 3511 v.
1566 3451 1870 3513 «Iohannis
1911 3451 2004 3511 de.

831 3564 1260 3642 Anagninus
1301 3562 1625 3623 eanonicus
1670 3563 1803 3621 167.

831 3674 988 3735 And
1000 3673 1062 3734 el
1104 3692 1162 3733 v.
1202 3672 1588 3733 Giselbertus
1632 3670 1724 3730 de.

834 3782 1158 3842 Aneners
1200 3802 1257 3840 ν.
1302 3781 1596 3840 Ammers.

833 3891 1210 3952 Anestelle
1251 3910 1309 3951 v.
1351 3889 1605 3950 Amstel.

832 4001 1167 4078 Angeren
1210 3998 1576 4078 paroehialis
1618 3996 1876 4058 ecelesia
1921 3999 2096 4059 1132.

831 4109 1155 4187 Angerlo
1218 4108 1474 4170 ecclesis
1534 4108 1903 4187 paroehialis
1968 4108 2155 4186 1638,
2226 4128 2284 4171 v.

916 4217 1248 4296 Lutgardis
1290 4219 1382 4277 de.

835 4326 1072 4406 Angia
1125 4326 1400 4388 dominus
1456 4326 1531 4386 de
1574 4325 1723 4402 885,
1773 4344 1833 4386 v.
1878 4323 2288 4405 Engelbertus

920 4436 1024 4513 de,
1067 4435 1268 4497 Guido
1308 4435 1401 4495 de.

837 4546 1163 4624 Angiaeo
1203 4565 1260 4606 v.
1305 4543 1505 4605 Guido
1546 4544 1649 4622 de,
1693 4545 1960 4607 Jeoobus
2002 4546 2100 4606 de.

834 4651 1240 4732 Angiouria
1281 4673 1340 4713 v·
1383 4652 1695 4713 «Iohannes
1737 4652 1830 4713 de.

838 4763 1108 4841 Anglia
1148 4764 1260 4839 80,
1302 4762 1423 4822 Int.
1460 4762 1585 4839 VI3
1626 4781 1741 4822 rex
1780 4765 1928 4842 689,
1968 4765 2114 4844 725,
2154 4767 2292 4848 727,

925 4871 1073 4948 738,
1109 4871 1259 4948 965,
1289 4872 1438 4948 979,
1471 4872 1652 4950 1050,
1688 4873 1809 4933 Int.
1840 4874 2066 4954 XVII,
2094 4876 2293 4937 XXII

1276 3143 1607 3305 }eoelesia
1646 3180 2013 3258 paroehialis
2060 3180 2236 3240 1271.

924 4998 1080 5058 seq.,
1120 4980 1378 5058 ΧΧΙΧ,
1423 4981 1637 5060 regins
1680 4984 1828 5060 727,
1873 4986 2008 5045 738.

837 5088 1112 5149 Anhalt
1156 5107 1214 5150 v.
1253 5090 1556 5152 Hem-iens
1599 5092 1693 5152 de.

841 5197 1120 5257 Aniene
1159 5200 1591 5261 monasterium
1626 5202 2073 5281 Magalonensis
2103 5206 2294 5267 dioee.

927 5307 1106 5368 2085.

843 5417 1262 5479 Anioiensis
1304 5420 1624 5499 episeopus
1665 5423 1842 5483 2020.

843 5526 954 5584 An
957 5526 1107 5602 jum
1168 5529 1596 5589 monasterium
1659 5531 1785 5591 ord.
1844 5530 1907 5593 8.
1962 5531 2297 5611 Augustini

932 5635 1109 5698 1799.

2458 718 2958 784 Antioehenus
2999 716 3449 794 patriarchatus
3495 717 3670 775 1637.

2457 831 2757 894 Antonii
2817 828 3252 889 monasterium
3314 825 3403 903 8.,
3466 825 3593 886 ord.
3656 824 3716 885 8.
3774 825 3900 884 Au·

2539 941 2773 1021 gustini
2801 937 3164 999 Viennensis
3192 936 3379 996 dioee.
3412 935 3604 1011 2125;
3631 933 3904 994 baillivis

2543 1049 2636 1128 8.,
2678 1049 2742 1108 in
2783 1047 3074 1107 Flandrie
3119 1045 3297 1104 2125.

2458 1158 2880 1237 Antwerpie
2906 1154 3335 1217 monasterium
3352 1153 3758 1213 Prasmonstr.
3775 1150 3904 1212 ord.

2541 1271 2847 1333 Gamerae.
2904 1266 3093 1326 dioeo.
3153 1265 3301 1340 129,
3360 1264 3505 1335 136,
3562 1263 3713 1338 270,
3753 1261 3904 1336 575,

2542 1380 2691 1456 9493
2747 1377 2872 1439 ord.
2930 1374 3426 1435 praedicatorum
3480 1371 3632 1447 2093
3689 1369 3748 1430 e.
3796 1367 3906 1429 m·
3987 1346 3994 1355 '

2540 1488 2769 1550 ohselis
2811 1487 2962 1561 238,
3004 1485 3154 1560 288,
3196 1484 3346 1560 328,
3379 1482 3529 1557 426,
3566 1480 3719 1556 624,
3757 1479 3906 1554 680,

2544 1598 2731 1674 1510,
2786 1596 2970 1670 1601,
3018 1594 3205 1670 1667,
3251 1591 3437 1667 1686,
3486 1591 3674 1666 1876,
3715 1588 3906 1663 2148,

2541 1706 2799 1768 eeclesia
2850 1706 2910 1765 b.
2965 1704 3193 1762 Mariae
3248 1701 3397 1777 426,
3453 1698 3595 1776 577,
3643 1699 3795 1775 578,
3848 1716 3905 1758 v.

2540 1817 2831 1878 Nicolaus
2870 1813 3143 1874 Danielis
3185 1812 3278 1871 de.

2459 1927 2872 2006 Apeldoorn
2915 1943 2972 1984 v.
3009 1922 3311 1983 Henricus
3339 1918 3591 1980 Henrici
3620 1917 3904 1978 Seholten

2541 2036 2634 2096 de.

2459 2142 2891 2224 Apelewode
2930 2161 2988 2201 v.
3034 2140 3351 2201 Swederus
3392 2138 3484 2198 de.

2460 2254 2695 2334 Appel
2739 2254 2836 2313 37.

2460 2362 2891 2442 Appetonda
2931 2380 2988 2421 v.
3031 2356 3337 2419 Abeoude.

2461 2470 2915 2552 Apridemile
2955 2467 3217 2530 offioium
3256 2467 3332 2526 de
3372 2464 3511 2525 515.

2462 2582 2824 2661 Aquensis
2864 2579 3123 2640 eoelesis
3161 2579 3220 2638 b.
3247 2575 3476 2636 Mariae
3503 2573 3687 2634 Leod-
3716 2573 3905 2634 dioec.

2541 2693 2688 2769 210,
2718 2693 2863 2767 213,
2894 2689 3039 2765 552,
3073 2687 3261 2765 1132,
3291 2686 3475 2762 1655,
3507 2685 3694 2760 1721,
3725 2683 3905 2757 1910,

2541 2802 2727 2878 2086,
2757 2801 2944 2875 2156,
2972 2795 3227 2858 eeolesia
3252 2795 3326 2856 fr.
3354 2794 3584 2856 ordinis
3609 2791 3906 2853 Minorum

2545 2913 2732 2988 1847,
2772 2910 2943 2970 urbis
2984 2908 3150 2969 oives
3191 2907 3327 2967 230.

2461 3019 2988 3100 Aquilegensis
3028 3015 3379 3097 patriarche
3424 3012 3559 3073 105.

2466 3130 2880 3208 Aragonum
2919 3145 3031 3187 rex
3078 3127 3254 3186 1516.

2464 3239 2768 3301 Arohem
2810 3238 3003 3298 ourtis
3046 3235 3222 3296 2075.

2465 3348 2900 3426 Ardenburg
2939 3345 3407 3424 (Ardemburoh)
3437 3342 3692 3403 Tornso.
3721 3339 3907 3401 dioec.

2546 3455 2848 3536 hospitale
2888 3456 3264 3534 leprosorum
3301 3454 3452 3530 380,
3506 3451 3630 3511 Int.
3671 3448 3907 3509 XLIII.

2465 3567 2614 3628 Are
2661 3587 2712 3627 v.
2756 3565 3165 3627 Theodericus
3205 3564 3298 3624 de.

2466 3675 2929 3737 Arelatensis
2969 3674 3462 3751 arehiepisoopus
3501 3673 3660 3750 App.
3705 3671 3787 3730 11.

2466 3786 2705 3846 Arena
2735 3804 2792 3846 v.
2822 3784 3124 3846 Henrieus
3153 3783 3257 3860 de,
3286 3782 3594 3843 Johunnes
3623 3782 3729 3858 de,
3756 3779 3911 3839 Wil-

2544 3896 2782 3956 helmus
2823 3894 3022 3954 dietus
3058 3892 3255 3953 Hovel
3297 3892 3390 3952 de.

2466 4003 3040 4065 Arenaoomitis
3080 4002 3232 4062 villa
3275 4003 3458 4078 1987,
3514 4021 3574 4062 v.
3616 4002 3667 4061 ’s
3688 3999 3914 4061 Grave·

2548 4114 2750 4174 sande.

2469 4221 3019 4301 Argolioensis
3062 4219 3378 4299 episeopus
3420 4218 3558 4279 298.

2469 4331 2833 4393 Ariensis
2894 4330 3151 4392 eeclesia
3211 4329 3271 4390 8.
3334 4329 3505 4390 Petri
3559 4326 3913 4390 florinensis

2551 4440 2741 4501 dioee.
2787 4441 2961 4500 1602.

2473 4549 2715 4609 Arkel
2743 4550 2891 4625 272,
2920 4549 3194 4609 dominus
3221 4548 3294 4608 de
3318 4548 3502 4625 1252,
3523 4547 3710 4624 2106,
3731 4547 3915 4620 2108,

2553 4658 2921 4738 paroehialis
2948 4658 3206 4719 eeclesia
3234 4657 3422 4734 2251,
3459 4675 3517 4717 v.
3545 4657 3618 4716 B.
3647 4656 3753 4734 de,
3779 4655 3917 4716 Flo·

2556 4769 2791 4829 rentius
2832 4769 2939 4846 de,
2981 4767 3292 4829 «Iohannes
3334 4766 3427 4827 de.

2480 4877 3007 4938 Armaohsnus
3048 4876 3537 4955 arehiepiscopus
3579 4876 3716 4936 222.

2477 4986 2808 5046 Arnhem
2849 4985 3107 5046 eeclesia
3144 4985 3483 5064 collegialis
3523 4985 3596 5046 Β.
3637 4983 3919 5044 Walbur-

2560 5096 2687 5174 gis,
2729 5096 3112 5175 praepositus
3153 5095 3253 5155 vel
3286 5095 3747 5155 archidiaconus
3773 5093 3918 5169 552,

2563 5205 2711 5282 782,
2774 5206 2924 5283 869,
2990 5206 3176 5282 1068,
3240 5204 3426 5281 1192,
3487 5205 3675 5281 1314,
3736 5202 3917 5277 1618,

2569 5316 2754 5392 1627,
2813 5316 3001 5392 1741,
3045 5316 3233 5392 1745,
3275 5315 3460 5391 1780,
3506 5315 3693 5391 1814,
3737 5312 3919 5387 1983,

2564 5424 2753 5502 2004,
2804 5426 2993 5501 2006,
3034 5425 3226 5502 2030,
3268 5425 3457 5501 2048,
3500 5422 3692 5499 2155,
3733 5421 3919 5497 2218,

2564 5534 2743 5610 2247,
2773 5535 2965 5611 2253,
2994 5534 3184 5611 2254,
3213 5533 3404 5610 2262,
3432 5533 3554 5592 Int.
3583 5531 3741 5591 LIII
3768 5549 3919 5608 seq.‚

2561 5642 2806 5721 LXIX3
2861 5644 3125 5704 deoanus
3185 5643 3370 5720 1132,
3416 5641 3605 5718 1543,
3652 5639 3921 5701 eanonioi
