4450 6684
1958 548 2443 615 Iu‘rnonnc‘rro.
3489 562 3728 609 xxxm

654 766 972 854 capitulis
1042 764 1429 830 discorditer
1495 763 1751 851 prolata
1816 764 2084 828 minime
2154 763 2544 849 respiceret,
2614 768 2797 828 motu
2866 765 3127 850 proprio
3197 761 3569 829 Arnoldum
3641 763 3724 828 de

672 869 903 935 Hoorn
950 868 1327 956 episcopum
1370 866 1683 953 praefecit
1729 868 1937 951 (num.
1986 868 2212 950 2012).

895 973 1157 1039 anteri
1221 971 1513 1059 episcopi
1574 971 2069 1056 TraJectenses,
2132 992 2296 1056 quos
2361 971 2444 1036 ab
2508 992 2612 1036 an.
2668 972 3106 1036 1301-1378
3155 990 3288 1036 non
3336 992 3376 1036 a
3421 972 3725 1037 Romano

668 1076 994 1143 Pontifice
1040 1076 1446 1159 nominatos,
1498 1074 1612 1141 sed
1661 1074 1744 1140 ab
1790 1074 1950 1161 ipsis
1983 1074 2286 1161 capitulis
2318 1075 2630 1140 canonice
2663 1076 2907 1140 electos
2938 1076 3273 1158 novimus,
3321 1083 3474 1141 sunt
3508 1074 3725 1141 Guido

654 1179 755 1247 de
801 1180 1186 1262 Hannonia,
1232 1178 1622 1245 Fredericus
1669 1177 1752 1243 de
1799 1177 2063 1264 Syrick,
2110 1177 2401 1244 Jacobus
2448 1177 2530 1242 de
2578 1177 2974 1244 Outshoorn.
3042 1178 3457 1266 Quapropter
3503 1186 3726 1245 tamen

671 1285 903 1350 horum
967 1283 1357 1349 electionem
1426 1282 1689 1347 omnino
1735 1281 2010 1347 liberam
2056 1281 2259 1346 fuisse
2305 1281 2666 1347 secundum
2714 1283 3060 1346 canonicas
3108 1284 3478 1350 sanctiones
3526 1305 3720 1349 nemo

673 1393 880 1476 putet.
976 1386 1324 1452 Enimvero
1388 1392 1521 1451 tam
1585 1385 1957 1451 Guidonem
2028 1384 2111 1451 de
2172 1385 2531 1450 Hannonia
2593 1405 2783 1471 quam
2849 1385 3270 1451 Fredericum
3318 1386 3400 1453 de
3450 1387 3722 1475 Syrick,

654 1490 846 1578 ‚apud
909 1490 1255 1556 canonicos
1320 1489 1779 1575 Trajectenses
1842 1488 2275 1571 sollicitante,
2339 1489 2699 1575 instigante
2756 1509 2878 1554 nec
2926 1490 3126 1554 etiam
3171 1492 3365 1555 minis
3411 1498 3721 1578 parcente

673 1593 1066 1660 Hollandiae
1113 1595 1351 1659 comite
1398 1600 1558 1659 tunc
1604 1592 2098 1680 opulentissimo
2122 1640 2139 1675 ,
2188 1591 2434 1657 electos
2480 1592 2681 1658 fuisse
2728 1599 3006 1658 constat.
3037 1594 3087 1677 l)
3160 1595 3365 1661 Porro
3414 1595 3591 1682 quod
3637 1595 3718 1661 ad

654 1698 993 1765 ..Iacobum
1040 1696 1123 1762 de
1171 1697 1549 1763 Outshoorn
1595 1697 1866 1778 attinet,
1914 1695 2111 1781 hujus
2157 1695 2422 1781 quidem
2472 1696 2861 1761 electionem
2907 1698 3224 1784 impedire
3273 1701 3429 1764 totis
3477 1700 3723 1765 viribus

672 1809 946 1868 conatus
991 1807 1093 1866 est
1139 1801 1533 1866 Wilhelmus
1580 1799 1975 1865 Hollandiae
2015 1819 2233 1865 comes
2273 1798 2398 1864 III.
2465 1799 2610 1875 Quo
2643 1801 2986 1867 conamine
3020 1803 3091 1868 in
3120 1804 3376 1869 irritum
3408 1803 3719 1888 cadente,

654 1905 959 1971 -Jacobns
1005 1904 1088 1969 de
1136 1905 1582 1988 Outshoorne,
1647 1905 1760 1992 qui
1807 1903 1912 1969 die
1959 1905 2042 1968 27
2099 1904 2263 1970 Julii
2310 1925 2413 1968 an.
2471 1907 2641 1969 1322
2690 1904 2943 1972 electus
2989 1907 3238 1990 fuerat,
3288 1930 3513 1974 mense
3562 1909 3724 1997 Sep·

672 2009 909 2075 tembri
977 2009 1277 2095 proximo
1349 2015 1621 2096 repente
1691 2008 2012 2092 decessit,
2091 2029 2263 2089 „non
2327 2010 2467 2074 sine
2530 2017 2757 2096 aperta
2811 2012 3180 2097 suspicione
3229 2014 3498 2097 veneni,
3546 2013 3719 2100 quod

674 2135 791 2200 per
857 2113 1262 2179 adversarios
1333 2114 1499 2178 clam
1562 2111 1788 2178 datum
1836 2113 2101 2197 volunt,
2151 2113 2266 2177 ubi
2315 2114 2491 2178 illius
2536 2117 3013 2200 promotionem
3061 2118 3315 2182 ratione
3365 2125 3481 2183 ant
3527 2121 3722 2184 armis

672 2218 987 2307 impedire
1049 2215 1547 2305 nequiverant.”
1573 2217 1629 2301 2)
1721 2216 1844 2282 Oui
1907 2237 2061 2302 ergo
2108 2216 2478 2301 videbitur,
2552 2218 2797 2285 liberae
2845 2220 3297 2308 episcoporum
3344 2222 3722 2309 Trajecten-

672 2323 841 2387 sium
886 2322 1231 2405 electioni,
1279 2343 1320 2386 a
1366 2322 1656 2407 quinque
1705 2320 2007 2406 capitulis
2054 2320 2538 2406 procurandae,
2597 2328 2940 2410 tantopere
2989 2324 3336 2410 derogasse
3383 2327 3718 2393 Romanos

675 2426 1059 2509 Pontifices,
1108 2446 1185 2490 eo
1235 2424 1407 2511 quod
1457 2445 1625 2490 saec.
1667 2424 1834 2490 XIV
1875 2424 2204 2488 antistites
2239 2432 2496 2490 nostros
2531 2448 2834 2514 suprema
2866 2449 2984 2492 sua
3015 2430 3408 2496 auctoritate
3442 2432 3719 2498 subinde

677 2530 1197 2596 nominaverint?

895 2634 1200 2722 Episcopi
1271 2634 1695 2717 electionem,
1766 2634 2185 2720 quantumvis
2259 2634 2571 2698 canonice
2640 2635 3032 2701 celebratam
3056 2685 3074 2720 ,
3133 2638 3499 2704 confirmari
3554 2642 3723 2705 anti·
3787 2633 3876 2683 ³¹²⁸
3911 2634 4078 2713 coufir-

666 2738 895 2825 quitus
955 2758 1223 2803 necesse
1272 2743 1413 2802 erat
1456 2758 1574 2824 per
1620 2738 2135 2825 metropolitam,
2188 2734 2303 2801 sed
2351 2737 2727 2822 huJ'usmodi
2773 2739 3180 2806 confirmatio
3229 2747 3488 2828 postea,
3536 2765 3720 2829 prae·
3788 2702 4066 2835 opfflffim

654 2843 865 2929 >cipue
913 2848 1207 2929 tempore
1252 2842 1734 2923 Avenionensi,
1783 2862 1900 2928 per
1944 2842 2159 2927 ipsum
2206 2838 2544 2906 dominnm
2586 2842 2838 2929 Papam
2886 2843 3027 2908 fieri
3073 2845 3346 2911 solebat.
3372 2847 3428 2929 3)
3500 2848 3606 2912 Ita
3649 2848 3720 2912 in
3761 2838 4098 2889 noo-eloctum.

674 2947 966 3013 Bullario
1028 2953 1250 3012 nostro
1314 2946 1838 3034 archiepiscopus
1901 2944 2315 3010 coloniensis
2378 2945 2620 3031 legitur
2682 2946 3098 3013 confirmasse
3162 2949 3550 3015 electionem
3611 2951 3723 3017 Jo-

676 3050 911 3116 hannis
980 3051 1062 3117 de
1134 3052 1389 3117 Nassau
1458 3052 1663 3136 (num.
1731 3051 1889 3133 376)
1952 3055 2150 3135 atque
2211 3049 2444 3116 Jacobi
2510 3050 2591 3116 de
2640 3051 3016 3117 Outshoorn
3063 3054 3269 3135 (num.
3321 3056 3499 3138 610).
3600 3055 3729 3129 Qui

676 3156 951 3241 proinde
1020 3158 1196 3221 inter
1262 3154 1591 3241 legitimos
1655 3156 1994 3241 episcopos
2061 3153 2519 3238 'trajectenses
2566 3154 2954 3219 recensendi
3000 3161 3190 3239 sunt,
3240 3158 3496 3222 etiamsi
3543 3158 3726 3223 nulla

680 3281 967 3350 unquam
1015 3260 1205 3327 Sedis
1249 3259 1673 3346 Apostolicae
1721 3259 2074 3324 subsecuta
2121 3257 2246 3322 fuit
2279 3257 2684 3345 approbatio.
2756 3257 3182 3324 Confirmavit
3212 3260 3354 3346 ipse
3386 3262 3727 3328 Romanus

676 3365 995 3433 Pontifex
1042 3365 1428 3431 electionem
1477 3362 1809 3430 Frederici
1856 3362 1940 3429 de
1989 3362 2258 3449 Syrick,
2309 3365 2551 3451 quippe
2598 3383 2767 3449 quae
2814 3363 3146 3428 celebrata
3184 3385 3318 3429 non
3349 3366 3547 3431 fuerit
3577 3387 3725 3432 cum

658 3469 1055 3536 —omnimoda
1100 3470 1557 3534 canonicorum
1604 3468 2039 3533 unanimitate
2085 3470 2291 3554 (num.
2343 3468 2522 3550 552).

902 3575 1154 3640 Notatu
1200 3575 1306 3639 hic
1352 3573 1625 3658 indigna
1667 3573 1935 3638 minime
1984 3571 2247 3637 videtur
2293 3570 2695 3636 (Jonstitutio
2734 3570 3057 3635 Bonifacii
3095 3591 3304 3658 papae
3349 3572 3549 3655 VIII,
3599 3596 3729 3661 qua

682 3679 1051 3767 praecepit,
1114 3684 1190 3743 ut
1242 3677 1570 3765 „episcopi
1617 3685 1684 3742 et
1731 3677 1841 3741 alii
1890 3676 2164 3765 praelati
2213 3674 2581 3761 superiores
2623 3720 2642 3738 .
2675 3722 2690 3738 .
2726 3722 2742 3738 .
2770 3721 2786 3738 .
2837 3675 2949 3761 qui
2995 3674 3170 3761 apud
3217 3674 3459 3741 dictam
3507 3678 3731 3743 sedem

683 3789 1149 3870 promoventur
1208 3787 1324 3847 ant
1387 3780 1933 3864 confirmationis,
1998 3780 2508 3845 consecrationis
2571 3778 2675 3843 vel
2738 3777 3216 3843 benedictionis
3276 3801 3515 3845 munus
3569 3783 3729 3848 reci-

680 3888 908 3973 piunt,
981 3886 1064 3951 ad
1139 3885 1514 3951 commissas
1584 3885 1677 3949 eis
1747 3885 2054 3949 ecclesias
2126 3895 2193 3948 et
2264 3883 2659 3947 monasteria
2719 3883 2966 3968 absque
3033 3881 3248 3948 dictae
3306 3884 3480 3950 sedis
3524 3886 3732 3951 literis

686 3989 1059 4077 hujusmodi
1127 4012 1353 4056 eorum
1422 3989 1936 4076 promotionem,
2000 3988 2589 4068 confirmationem,
2655 3987 3213 4052 consecrationem
3263 4009 3379 4053 seu
3427 3985 3734 4056 benedic·

686 4095 933 4160 tionem
1006 4094 1498 4160 continentibus
1560 4091 1870 4158 accedere
1934 4092 2038 4158 vel
2097 4091 2416 4156 bonorum
2464 4091 3049 4157 ecclesiasticorum
3097 4089 3728 4160 administrationem

690 4199 1027 4287 accipere”
1090 4220 1222 4264 non
1278 4198 1571 4263 valerent
1617 4197 1738 4261 sub
1786 4217 2001 4283 poena
2046 4196 2492 4284 suspensionis
2539 4216 2579 4259 a
2625 4196 2943 4261 beneficio
2991 4196 3404 4263 incurrenda.
3438 4201 3494 4280 4)
3588 4199 3735 4264 Hoc

692 4302 827 4367 fere
874 4303 1067 4368 modo
1113 4303 1423 4367 Nicolaus
1469 4323 1640 4389 papa
1686 4301 1782 4365 IV
1831 4321 1936 4364 an.
1992 4302 2156 4364 1291
2211 4301 2525 4385 speciales
2572 4299 2653 4364 ad
2703 4300 3076 4367 Johannem
3125 4299 3207 4366 de
3247 4301 3479 4388 Syrick
3525 4324 3737 4389 nuper

680 4407 1098 4472 nominatum
1165 4406 1519 4471 destinavit
1579 4407 1834 4486 literas,
1901 4403 2138 4490 quibus
2192 4405 2620 4490 promotionis
2668 4411 2735 4469 et
2782 4406 3288 4470 consecrationis
3325 4407 3467 4492 jam
3515 4427 3737 4492 perac-

694 4515 905 4575 tarum
953 4531 1266 4598 expressa
1310 4509 1385 4573 fit
1432 4508 1677 4574 mentio
1724 4510 1930 4591 (num.
1982 4508 2162 4590 391).
2233 4509 2340 4575 Ita
2385 4530 2648 4595 quoqne
2693 4509 3070 4574 Bonifacius
3118 4532 3290 4597 papa
3335 4510 3506 4577 VIII
3551 4511 3737 4577 brevi

694 4621 843 4699 post
887 4614 1132 4679 bullam
1179 4612 1645 4678 nominationis
1692 4610 1935 4676 editam
1984 4630 2277 4677 seorsum
2326 4613 2584 4698 scripsit
2631 4612 2988 4678 Wilhelmo
3026 4614 3371 4679 Bertholdi
3406 4621 3737 4701 tamquam

672 4717 1000 4804 -episcopo
1062 4723 1441 4782 consecrato
1503 4717 1707 4799 (num.
1776 4715 1954 4798 419).
2050 4713 2365 4780 Similiter
2425 4715 2764 4781 Johannes
2811 4737 2982 4803 papa
3030 4717 3237 4783 XXII
3284 4719 3521 4804 quibus
3569 4719 3737 4785 elec·

697 4820 941 4886 tionem
1002 4819 1335 4886 Frederici
1396 4818 1479 4885 de
1527 4817 1758 4905 Syrick
1805 4816 2146 4882 confirmat
2188 4815 2398 4885 literis
2447 4820 3005 4886 consecrationem
3044 4822 3186 4906 jam
3233 4828 3563 4907 peractam
3611 4823 3736 4888 rite

673 4930 1157 4990 -commemorat
1204 4926 1409 5007 (num.
1459 4924 1651 5006 552),
1701 4928 1900 5008 atque
1946 4921 2030 4986 ad
2077 4921 2451 4989 Johannem
2500 4922 2583 4987 de
2630 4923 2851 5007 Diest,
2902 4924 3015 5010 qui
3060 4946 3267 5011 usque
3303 4924 3386 4990 ad
3420 4947 3524 4990 an.
3564 4928 3736 4991 1324

863 5263 918 5327 1)
958 5263 1096 5313 Beka
1135 5260 1385 5311 Chronica
1418 5260 1517 5311 105
1549 5265 1605 5310 et
1637 5257 1762 5322 111;
1797 5257 2099 5310 Matthaeus
2130 5259 2207 5309 l.l.
2241 5258 2359 5309 343.

863 5343 919 5407 2)
956 5343 1037 5394 Ita
1071 5342 1156 5393 W.
1192 5341 1336 5392 Beda
1369 5339 1614 5390 Historia
1646 5338 1762 5390 239.

864 5424 920 5489 3)
955 5423 1061 5475 Csr.
1104 5422 1484 5473 Thomassinus
1529 5422 1685 5470 Petu
1718 5423 1769 5469 et
1802 5436 1932 5470 nova
1964 5420 2223 5471 Εωζοείαο
2255 5419 2529 5486 disciplina
2562 5421 2649 5471 II.
2683 5419 2785 5472 4⁴0
2817 5435 2951 5486 seq.;
3009 5421 3068 5474 Ρ.
3106 5421 3396 5474 Hinschius
3432 5420 3624 5487 Sydon·
3656 5422 3744 5472 des

678 5505 1042 5556 *katholicam
1080 5502 1466 5553 Kirclameclts
1501 5501 1568 5552 11.
1603 5500 1630 5551 1
1670 5515 1779 5566 seq.

865 5585 921 5649 4)
961 5585 1153 5649 Gor-pus
1171 5585 1286 5649 jur.
1320 5599 1433 5633 can.
1466 5582 1674 5633 Extrav.
1711 5596 1903 5632 comm.
1936 5581 2049 5633 Lib.
2086 5581 2127 5632 1.
2159 5580 2261 5632 Tit.
2288 5581 2382 5632 111.
2416 5596 2529 5647 cap.
2553 5582 2612 5646 13
2650 5582 2705 5633 F.
2731 5582 2905 5634 Kober
2926 5584 3025 5634 Die
3048 5582 3351 5650 Suspendant
3373 5583 3465 5634 der
3492 5582 3740 5633 ferchen-

674 5667 870 5717 -ὀᾶωον
903 5665 1204 5730 (Tubingen
1238 5661 1394 5727 1862)
1428 5661 1546 5715 346.
