4450 6684
3363 1 3542 62 212.)
3587 52 3605 72 ,
3662 0 3812 57 (θη
3951 3 4000 56 π·

1807 474 2141 540 ΠΒΒΔΝοε
2190 474 2278 539 V.
3457 472 3579 538 121

1500 691 1926 760 URBANIJS
1973 693 2031 759 v
2078 695 2606 779 (1362—1370.)

510 878 954 950 1701—1705.
1472 881 1679 963 1362,
1730 880 2102 945 Novembris
2148 884 2223 964 8,
2272 882 2639 945 Avenionis.

830 1035 916 1100 A.
992 1032 1385 1098 Ghiselberto
1431 1032 1507 1097 de
1553 1032 1696 1098 Zile
1726 1036 2022 1099 canonico
2053 1036 2341 1099 ecclesiae
2379 1034 2561 1118 Traj.
2594 1036 3015 1119 confirmatur
3044 1037 3578 1122 supplementum,

739 1141 911 1229 quod
971 1143 1123 1206 olim
1184 1143 1254 1205 in
1313 1140 1526 1204 eadem
1581 1141 1835 1204 ecclesia
1891 1162 2124 1205 vacans
2160 1163 2285 1226 per
2336 1141 2595 1206 liberam
2640 1146 3125 1228 resiqnationem
3174 1143 3457 1210 Goswini
3501 1144 3581 1209 de

733 1247 942 1313 Meers
986 1246 1395 1312 Innocentius
1429 1267 1614 1332 papa
1674 1245 1780 1310 VI
1819 1246 1920 1310 die
1965 1249 2053 1312 13
2099 1248 2358 1333 Aprilis
2406 1268 2511 1313 an.
2566 1250 2741 1313 1362
2786 1252 2915 1334 ipsi
2958 1251 3332 1316 contulerat.
3360 1251 3416 1335 1)

823 1354 902 1419 B.
977 1353 1267 1437 Officiali
1341 1352 1695 1418 Tutellensi
1762 1354 2141 1436 mandatur,
2215 1361 2289 1419 ut
2359 1354 2558 1420 Petro
2627 1355 2840 1420 Bocho
2908 1358 3131 1421 clerico
3194 1356 3581 1423 Lemovicen.

736 1461 926 1526 dioec.
946 1509 964 1543 ,
1023 1463 1093 1524 in
1142 1458 1376 1544 leqibus
1420 1460 1730 1542 studenti,
1779 1462 2217 1525 canonicatum
2264 1461 2555 1543 conferat
2599 1469 2659 1526 et
2692 1463 3124 1547 praebendam
3169 1465 3457 1530 ecclesiae
3504 1464 3571 1531 S.

733 1567 1057 1633 Johannis
1109 1566 1325 1650 Traj.,
1372 1566 1448 1630 de
1494 1566 1723 1651 quibus
1768 1567 1920 1632 olim
1955 1589 2080 1652 per
2126 1567 2362 1632 obitum
2410 1568 2598 1633 Petri
2642 1569 2718 1633 de
2765 1569 3299 1636 Sanctomichaele
3345 1591 3573 1636 vacan-

736 1676 900 1741 tibus
944 1674 1354 1740 Innocentius
1390 1694 1573 1759 papa
1637 1673 1741 1737 VI
1779 1674 1882 1738 die
1928 1677 2018 1739 29
2065 1673 2428 1739 Decembris
2475 1697 2580 1739 an.
2629 1677 2840 1760 1360,
2893 1678 3095 1742 literis
3139 1685 3346 1744 tamen
3385 1699 3581 1765 super

735 1781 848 1845 hoc
890 1800 1018 1845 non
1063 1779 1390 1863 confectis,
1440 1779 1635 1843 eidem
1670 1781 2004 1864 provideri
2046 1780 2306 1862 fecerat.

824 1887 898 1954 O.
974 1886 1191 1951 Ottoni
1248 1886 1324 1950 cle
1383 1886 1666 1951 Bramen
1727 1887 2148 1970 confirmatur
2207 1889 2585 1970 reservatio,
2649 1890 2775 1972 ipsi
2834 1888 2912 1952 ab
2974 1887 3349 1955 Innocentio
3396 1911 3583 1977 papa

748 1993 878 2078 VI,
944 1996 1147 2060 literis
1210 2001 1416 2059 tamen
1460 2015 1653 2079 super
1699 1994 1812 2059 hoc
1857 2015 1983 2058 non
2030 1995 2364 2078 confectis,
2421 1993 2522 2057 die
2567 1996 2605 2058 1
2657 1994 2844 2060 Febr.
2892 2016 2998 2060 an.
3047 1997 3220 2060 1361
3270 1998 3453 2080 facta
3497 1998 3577 2063 de

737 2102 990 2166 ecclesia
1022 2099 1395 2185 parochiali
1439 2101 1506 2164 S.
1559 2101 1906 2166 Gertrudis
1962 2101 2353 2184 Trajectensi
2371 2151 2387 2184 ,
2446 2103 2536 2165 15
2579 2121 2942 2166 marcarum
2990 2105 3241 2188 arqenti
3286 2125 3575 2170 annuum

735 2207 993 2286 habente
1036 2209 1313 2271 valorem
1359 2215 1418 2272 et
1463 2216 1803 2291 vacatura,
1854 2211 2332 2293 quamprimum
2377 2207 2748 2272 Willermus
2786 2209 2862 2272 de
2894 2207 3035 2274 Zile
3065 2211 3570 2295 supplementum

732 2318 802 2379 in
846 2316 1100 2379 ecclesia
1155 2314 1334 2398 Traj.
1384 2314 1746 2380 obtinuerit.

822 2422 905 2487 D.
985 2421 1358 2486 Theoderico
1405 2422 1506 2487 Po
1520 2423 1689 2507 lleyn
1750 2422 2169 2505 confirmatur
2202 2429 2523 2506 perpetua
2566 2422 2927 2506 capellania
2973 2425 3041 2487 in
3087 2424 3341 2489 ecclesia
3375 2445 3580 2510 paro·

736 2529 933 2594 chiali
1001 2529 1054 2594 b.
1118 2528 1376 2594 Mariae
1425 2531 1726 2614 partium
1804 2528 2212 2592 Walachriae
2237 2528 2291 2611 2)
2341 2550 2549 2614 prope
2615 2528 3063 2594 Middelburch
3085 2579 3102 2614 ‚
3169 2552 3363 2616 quam
3426 2532 3581 2597 olim

731 2656 870 2700 cum
916 2636 1212 2702 Johanne
1257 2637 1332 2701 de
1374 2636 1615 2701 Callier
1652 2657 1780 2720 pro
1811 2637 2056 2700 vicaria
2087 2637 2375 2700 ecclesiae
2408 2636 2474 2701 S.
2508 2636 2830 2702 Johannis
2860 2636 3050 2721 Tfflj·
3071 2638 3575 2724 permutandam

724 2746 987 2828 putavit
1044 2752 1103 2808 et
1162 2743 1572 2808 Innocentius
1628 2763 1808 2828 papa
1883 2742 1979 2807 VI
2042 2743 2144 2807 die
2202 2745 2247 2806 7
2291 2741 2464 2825 Maji
2507 2765 2612 2808 an.
2660 2745 2839 2808 1362
2883 2748 3140 2810 oraculo
3186 2746 3361 2810 vivae
3403 2746 3574 2810 vocis

729 2851 856 2935 ipsi
899 2852 1272 2916 contulerat.

819 2956 895 3021 E.
965 2956 1257 3022 Johanni
1300 2956 1376 3021 de
1425 2956 1670 3021 Gallier
1715 2958 2013 3022 similiter
2058 2956 2480 3038 confirmatur
2512 2964 2829 3042 perpetua
2873 2959 3120 3023 vicaria
3163 2960 3452 3025 ecclesiae
3499 2958 3574 3024 S.

728 3061 1047 3128 Johannis
1102 3062 1281 3146 Traj.
1334 3099 1417 3111 —
1466 3061 1605 3128 Pro
1649 3064 1922 3148 sinqulis
1969 3062 2366 3149 deputantur
2411 3071 2780 3128 executores.

727 3248 1008 3314 Recioni
1052 3249 1372 3335 congruit.
1406 3295 1423 3313 .
1453 3297 1467 3313 .
1495 3255 1537 3313 .'
1561 3249 1716 3315 Det.
1766 3249 2139 3333 Avinione‚
2177 3248 2289 3315 ·V1
2332 3247 2434 3313 Id.
2479 3246 2910 3332 Novembris,
2959 3268 3132 3313 anno
3183 3249 3416 3336 primo.

922 3363 1048 3428 Ray.
1092 3367 1190 3415 Ae.
1246 3364 1443 3416 Urbani
1479 3382 1654 3431 papae
1715 3366 1773 3430 V,
1824 3366 2015 3416 scilicet
2059 3368 2103 3417 A
2161 3368 2296 3417 Tam.
2330 3364 2389 3430 3,
2427 3368 2486 3431 s.
2523 3364 2613 3431 86;
2662 3364 2789 3429 Bs.
2821 3362 2973 3430 587v3
3020 3364 3145 3430 Cs.
3179 3364 3307 3430 5883
3352 3365 3396 3415 D
3441 3366 3496 3416 T.
3531 3364 3591 3429 4,

842 3451 906 3514 s.
939 3447 1031 3513 11;
1066 3449 1107 3498 E
1128 3451 1190 3514 s.
1223 3448 1330 3499 12¹¹.

654 3571 713 3637 1)
747 3571 853 3624 Csr.
888 3587 1053 3638 supra
1086 3588 1236 3624 uum.
1270 3572 1422 3625 1688.
1623 3573 1679 3638 ⁸2)
1714 3573 1885 3625 Codex
1921 3573 2109 3625 habet:
2145 3573 2454 3625 Waloctrie.

498 3992 696 4062 1706.
1424 3997 1636 4080 1362,
1685 3996 2056 4061 Novembris
2103 3998 2228 4079 19,
2272 3996 2639 4060 Avenionis.

815 4147 1110 4216 Johanni
1167 4150 1490 4217 Hobbonis
1548 4153 1790 4216 intuitu
1837 4148 2139 4236 Huqonis
2188 4148 2257 4213 S.
2303 4147 2561 4212 Mariae
2606 4150 2675 4210 in
2719 4146 2991 4211 Porticu
3036 4146 3291 4212 diaconi
3338 4147 3570 4214 Cardi-

721 4257 921 4340 nalis,
956 4277 1087 4342 pro
1131 4264 1386 4322 cantore
1429 4277 1583 4321 suae
1627 4256 1908 4341 capellae
1953 4256 2406 4340 supplicantis,
2455 4253 2785 4335 confertur
2822 4255 3228 4318 canonicatus
3268 4261 3329 4319 et
3363 4273 3564 4319 reser-

721 4369 913 4427 vatur
953 4361 1323 4447 praebenda
1367 4382 1508 4427 cum
1554 4361 1986 4447 supplemento
2032 4362 2103 4424 in
2149 4360 2406 4423 ecclesia
2452 4357 2520 4422 S.
2569 4357 2926 4424 Salvatoris
2981 4357 3163 4442 Traj.
3214 4394 3298 4407 —
3346 4358 3567 4445 Depu-

727 4474 949 4534 tantur
993 4476 1362 4534 executores.

719 4649 879 4716 Vite
925 4670 1001 4716 ee
1044 4670 1320 4716 morum.
1350 4698 1366 4715 .
1398 4697 1415 4715 .
1444 4697 1461 4715 .
1508 4650 1663 4716 Det.
1712 4648 2045 4715 Avinione
2066 4699 2084 4734 ,
2132 4649 2309 4716 XIII
2351 4648 2465 4714 Kl.
2514 4647 2897 4714 Decembris
2917 4697 2935 4732 ,
2983 4667 3157 4713 enno
3207 4646 3441 4734 primo.

913 4767 1039 4832 Rea.
1073 4768 1174 4819 Ao.
1212 4769 1267 4819 T.
1301 4767 1360 4833 2,
1384 4770 1447 4833 s.
1481 4768 1597 4819 414.
3209 4779 3216 4790 ·

494 5156 678 5226 1707.
757 5208 761 5212 -
836 5173 847 5181 ‘
1421 5161 1630 5241 1362,
1680 5158 2049 5224 Novembris
2095 5161 2215 5243 19,
2267 5159 2639 5223 Avenionis.

812 5308 1066 5374 Decano
1111 5310 1395 5375 ecclesiae
1449 5310 1631 5392 Traj.
1679 5312 1921 5376 intuitu
1970 5309 2160 5376 Petri
2206 5309 2275 5375 S.
2331 5309 2584 5375 Mariae
2614 5309 2831 5374 Novae
2868 5308 3119 5373 diaconi
3152 5307 3558 5391 Cardinalis,

709 5435 839 5501 pro
897 5417 1119 5481 clerico
1176 5437 1291 5481 suo
1351 5418 1814 5503 supplicantis,
1878 5417 2257 5501 mandatur,
2321 5424 2394 5481 ut
2458 5416 2674 5482 Ottoni
2733 5414 3053 5480 Johannis
3096 5414 3173 5478 de
3218 5413 3472 5479 Noerch
3503 5413 3560 5498 ¹)

725 5523 946 5588 clerico
1015 5522 1196 5607 Traj.
1259 5522 1446 5587 dioec.
1511 5532 1780 5589 reservet
1841 5523 2198 5607 beneficium
2259 5525 2393 5589 sine
2452 5544 2608 5587 cura
2670 5520 3114 5604 conferendum
3175 5541 3217 5584 a
3274 5520 3560 5606 capitulo

720 5628 775 5693 b.
821 5627 1079 5693 Mariae
1131 5627 1312 5713 Trqj.
1360 5637 1420 5695 et
1466 5631 1555 5696 18
1599 5651 1966 5695 marcarum
2012 5634 2264 5717 arqenti
2306 5631 2585 5694 valorem
2628 5647 2914 5693 annumn
2957 5646 3083 5692 non
3128 5625 3439 5692 excedens.

714 5763 803 5824 11.
2517 5805 2527 5816 .
3262 5764 3336 5823 16
