4450 6684
1795 518 2198 583 Gnaeume
2245 515 2368 581 XI.
3484 512 3610 577 251

542 742 995 813 mel—2162.
1516 742 1719 824 1374,
1767 739 2083 805 Januarii
2126 741 2246 821 14,
2294 738 2655 802 Aveniouis.

858 902 942 967 A.
1016 899 1391 962 Hermanno
1420 896 1496 961 de
1526 894 2024 960 Brandeuborch
2055 893 2385 974 confertur
2414 895 2625 957 altare
2650 892 2717 957 S.
2749 892 3009 958 Nicolai
3035 893 3229 956 situm
3259 893 3329 955 in
3360 893 3614 958 ecclesia

778 1007 991 1090 Traj.,
1028 1004 1199 1090 quod
1226 1025 1365 1069 cum
1395 1002 1696 1068 Joharme
1725 1002 2112 1066 Braoeatoris
2139 1021 2265 1085 per
2304 999 2751 1065 Theodericum
2782 999 2857 1063 de
2892 998 2986 1085 Oy
3018 999 3289 1081 ejusdem
3321 1000 3607 1064 ecclesiae

769 1114 1138 1178 canonicum
1197 1117 1515 1195 tamquam
1559 1130 1745 1173 suum
1794 1110 1862 1172 in
1911 1108 2029 1171 hac
2075 1127 2270 1170 causa
2304 1113 2790 1190 procuratorem
2824 1127 2955 1190 pro
3002 1106 3206 1169 altari
3250 1104 3304 1169 b.
3354 1104 3622 1171 Mariae

785 1221 1072 1305 Virqinis
1117 1220 1238 1282 sito
1286 1219 1356 1281 iu
1398 1217 1762 1302 parochiali
1806 1215 2059 1279 ecclesia
2105 1213 2181 1277 de
2226 1213 2697 1277 Rotterdamme
2738 1215 2992 1298 putavit
3026 1212 3551 1297 permutandum.

858 1326 937 1392 B.
1007 1324 1301 1390 Johanui
1375 1323 1755 1388 Braxatoris
1822 1322 2059 1385 dictum
2128 1321 2337 1384 altare
2400 1319 2454 1384 b.
2517 1319 2773 1384 Mariae
2818 1320 3369 1385 Rotterodamense
3415 1322 3619 1405 assiq-

769 1442 987 1498 natur.
1040 1472 1122 1482 —
1174 1432 1313 1497 Pro
1360 1440 1631 1518 utroque
1673 1430 2068 1516 deputantur
2113 1436 2481 1494 executores.

772 1614 1156 1702 Apostolice
1204 1613 1379 1678 sede.
1409 1660 1424 1676 .
1454 1661 1470 1676 .
1500 1662 1517 1678 .
1562 1611 1716 1677 Non
1762 1612 2178 1677 obstantibus
2226 1660 2244 1677 .
2273 1660 2288 1676 .
2320 1660 2334 1676 .
2368 1661 2383 1676 .
2432 1612 2605 1698 quod
2653 1613 3122 1698 parrochialem
3158 1614 3499 1681 ecclesiam
3531 1613 3614 1679 de

548 1720 1221 1806 Teerhenneekynder
1249 1721 1299 1803 l)
1341 1719 1514 1784 dicte
1556 1719 1832 1784 diocesis
1866 1720 2153 1785 nosceris
2178 1721 2233 1804 2)
2275 1720 2670 1784 obtinere...
2695 1771 2709 1785 .
2758 1718 2911 1785 Dat.
2944 1720 3304 1803 Avinione,
3339 1721 3617 1787 XVIIII

544 1829 654 1895 Kl.
704 1828 1075 1911 Februarii,
1126 1847 1299 1893 anno
1347 1832 1601 1913 quarte.

971 1945 1095 2009 Περ.
1129 1946 1228 1994 An.
1265 1944 1309 1993 A
1353 1945 1408 1992 Τ.
1442 1942 1534 2005 20,
1560 1945 1623 2007 s.
1656 1942 1781 2006 5o9;
1818 1943 1859 1991 B
1905 1946 1958 1991 T.
1994 1942 2168 2006 22,s.
2204 1941 2321 1992 353.

703 2074 760 2139 1)
798 2074 839 2124 's
861 2070 1585 2134 Heer-Hendrikskinderen‚
1623 2084 1791 2136 pagus
1826 2070 1882 2120 in
1920 2069 2384 2121 sut-Revelandia.
2585 2069 2641 2135 2)
2677 2071 2892 2124 Scilicet
2929 2075 3195 2137 praefatus
3231 2072 3589 2125 Hermannus.

549 2447 750 2516 2163.
1507 2448 1718 2530 1374,
1766 2447 2086 2511 Jauuarii
2128 2448 2250 2530 14,
2297 2449 2661 2513 Aveniouis.

864 2602 1145 2667 Henrico
1192 2601 1428 2667 Heezel
1472 2603 1695 2666 clerico
1749 2601 1931 2685 Traj.
1981 2602 2170 2666 dioec.
2192 2648 2211 2682 ,
2261 2601 2597 2687 Raynaldi
2643 2600 2710 2665 S.
2758 2602 3046 2666 Adriani
3089 2602 3342 2667 diaconi
3390 2603 3618 2668 Cardi-

771 2711 942 2775 nalis
1011 2711 1338 2792 servitori,
1409 2717 1771 2775 reservatur
1842 2708 2200 2792 beneficium
2271 2730 2398 2773 non
2465 2716 2758 2773 curatum
2821 2711 2889 2773 in
2936 2711 3190 2774 ecclesia
3244 2710 3427 2796 Traj.
3450 2760 3467 2794 ,
3525 2713 3617 2776 18

772 2837 1136 2881 marcarum
1182 2819 1434 2902 arqeuti
1476 2818 1753 2881 valorem
1799 2836 2086 2881 annuum
2133 2835 2258 2880 nou
2305 2815 2616 2879 excedens.
2668 2852 2751 2863 —
2793 2815 3209 2900 Deputantur
3246 2825 3616 2881 executores.

774 2998 1166 3065 Laudabilia
1196 2999 1564 3085 probitatie.
1586 3048 1602 3064 .
1623 3047 1640 3064 .
1661 3050 1676 3065 .
1726 3001 1879 3066 Dat.
1904 3003 2267 3087 Avinione,
2302 3003 2578 3071 XVIIII
2606 3003 2717 3069 Kl.
2746 3004 3114 3088 Februarii,
3148 3026 3321 3069 anno
3353 3009 3614 3092 quarto.

966 3116 1094 3180 περ.
1127 3117 1226 3167 Ao.
1270 3118 1325 3167 T.
1360 3115 1450 3180 πο,
1475 3119 1536 3182 f·
1571 3116 1687 3168 615.

546 3489 739 3559 2164.
1499 3495 1710 3578 1374,
1758 3494 2077 3560 Januarii
2120 3497 2239 3580 24,
2291 3497 2657 3600 Avenionis.

873 3646 1211 3712 Wilhelmo
1272 3647 1349 3711 de
1412 3646 1574 3733 Zyle
1635 3648 2055 3731 confirmatur
2114 3649 2458 3716 decanatus
2522 3653 2808 3717 ecclesiae
2865 3652 2932 3716 S.
2984 3653 3172 3718 Petri
3225 3654 3441 3739 Traj.,
3491 3676 3617 3720 uon

774 3752 1055 3818 obstante
1101 3753 1271 3839 quod
1314 3754 1443 3818 alio
1492 3775 1685 3839 quam
1728 3756 1799 3819 iu
1850 3757 2050 3821 literis
2082 3758 2441 3822 collationis
2467 3758 2519 3842 l)
2561 3779 2920 3844 expressum
2950 3766 3040 3823 est
3071 3760 3250 3825 modo
3281 3764 3612 3827 vacaverit.

771 3936 1173 4002 Litterarum
1219 3937 1514 4003 scientia.
1545 3984 1562 4001 .
1591 3984 1610 4003 .
1639 3984 1654 4001 .
1704 3938 1857 4003 Dat.
1907 3937 2274 4023 Avinione,
2326 3941 2532 4006 VIIII
2577 3942 2687 4008 Kl.
2721 3941 3095 4025 Februarii,
3144 3963 3317 4007 anno
3350 3949 3605 4031 quarto.

964 4054 1087 4118 Rea.
1125 4056 1225 4104 Aa.
1268 4054 1321 4103 T.
1357 4053 1450 4116 20,
1474 4055 1535 4118 s.
1574 4053 1688 4105 160.

697 4180 756 4247 1)
791 4180 968 4246 Supra
1001 4193 1151 4229 num.
1186 4179 1336 4233 2156.

542 4554 732 4623 2165.
1500 4558 1712 4640 1374,
1760 4556 2076 4622 Jauuarii
2120 4558 2243 4639 23,
2291 4556 2657 4658 Aveuionis.

855 4707 1173 4794 Maqistro
1224 4708 1578 4774 Guillermo
1629 4708 1972 4793 Guitardi,
2023 4729 2364 4774 causarum
2400 4709 2648 4794 palatii
2691 4710 3024 4793 apostolici
3067 4709 3381 4795 auditori,
3430 4732 3610 4778 mau-

765 4815 983 4899 datur,
1047 4824 1120 4880 ut
1174 4815 1549 4881 Theoderico
1594 4816 1673 4881 de
1720 4815 1815 4903 oy
1862 4818 2156 4882 canonico
2202 4817 2489 4882 ecclesiae
2536 4816 2604 4881 S.
2655 4816 2844 4881 Petri
2896 4816 3078 4900 Traj.
3100 4866 3118 4900 ,
3180 4819 3495 4884 licentiato
3540 4821 3610 4885 in

771 4922 1006 5008 leqibus
1051 4931 1112 4989 et
1157 4926 1227 4988 iu
1271 4924 1518 4989 artibus
1563 4925 1868 5010 maqistro
1890 4975 1907 5008 ,
1956 4925 2401 5010 parochialem
2448 4925 2768 4989 ecclesiam
2813 4924 3089 5011 Aqqeris
3135 4924 3204 4989 S.
3251 4923 3534 4990 Martini
3558 4926 3612 5010 ¹)

773 5029 959 5114 Traj.
1007 5030 1198 5096 dioec.
1244 5034 1575 5118 assiquare
1599 5040 1928 5117 procuret.
1979 5030 2173 5096 Hanc
2211 5033 2374 5095 enim
2416 5033 2761 5116 ecclesiam,
2803 5053 2944 5097 cum
2977 5054 3099 5118 per
3126 5033 3610 5117 resiquationem

762 5136 1019 5201 Alberti
1082 5136 1160 5201 de
1224 5136 1510 5221 Merten,
1570 5138 2009 5223 parochialem
2068 5138 2386 5202 ecclesiam
2449 5137 2524 5202 de
2593 5138 2948 5204 Tienhoven
2989 5138 3256 5223 pacifice
3300 5141 3606 5223 assecuti,

766 5250 1074 5327 vacasset,
1121 5245 1255 5328 ipse
1307 5243 1727 5309 Theodericus
1771 5265 1813 5308 a
1857 5243 2089 5309 decano
2127 5252 2188 5309 et
2224 5246 2507 5329 capitulo
2549 5245 2616 5309 S.
2658 5246 3016 5311 Salvatoris
3065 5244 3277 5328 Traj.,
3328 5248 3444 5331 qui
3477 5247 3613 5310 veri

766 5350 1040 5433 ejusdem
1074 5353 1349 5436 patroni
1382 5371 1509 5416 esse
1539 5350 2079 5437 praetenduntur,
2127 5350 2325 5435 Huqo
2357 5372 2501 5416 vero
2547 5350 2735 5435 Voilp
2768 5371 2810 5414 a
2841 5350 3173 5415 Francone
3203 5351 3280 5415 de
3309 5352 3610 5416 Bersalia

763 5459 1000 5541 milite,
1073 5460 1189 5543 qui
1256 5460 1445 5523 etiam
1513 5460 1786 5542 ejusdem
1847 5459 2133 5524 ecclesiae
2166 5466 2491 5543 patronus
2535 5477 2661 5522 esse
2693 5457 3148 5542 praetenditur
3164 5506 3181 5540 ,
3230 5461 3608 5545 acceptavit,·

767 5572 1155 5651 quapropter
1209 5567 1499 5650 primum
1561 5586 1773 5630 coram
1835 5564 2284 5630 archidiacono
2357 5564 2537 5648 Traj.
2606 5572 2665 5629 et
2723 5563 2973 5648 deinde,
3042 5565 3468 5649 appellatione
3528 5566 3612 5630 ab

766 5672 958 5755 hujus
1003 5674 1313 5738 sententia
1345 5693 1472 5758 per
1526 5672 1974 5737 Theodericum
2020 5674 2426 5758 interposita,
2472 5673 2543 5736 in
2587 5673 2769 5735 curia
2813 5671 2928 5737 diu
2976 5673 3337 5757 litiqarunt.
