4450 6684
897 502 1024 565 174
2194 502 2529 570 Unnmus
2581 503 2660 568 V.

1112 695 1490 789 Virtutibus
1537 722 1811 789 clarens.
1839 771 1856 789 .
1884 769 1901 788 .
1929 771 1945 787 .
1995 723 2149 789 Dat.
2192 723 2367 810 apud
2401 723 3048 791 Montemflasconem
3068 774 3085 807 ,
3135 724 3276 791 ΙΠΙ
3307 724 3481 790 Non.
3515 724 3731 807 Junii,
3781 743 3952 789 anno

888 829 1192 917 septimo·

1304 948 1432 1010 Rea.
1466 949 1565 998 Δυ.
1609 949 1663 997 Τ.
1699 946 1756 996 21
1778 982 1797 1007 .
1817 948 1881 1012 s.
1915 946 2029 997 50⁴.

880 1285 1067 1353 1878.
1695 1289 1913 1371 1369,
1960 1286 2138 1352 Julii
2184 1289 2304 1369 11,
2356 1308 2463 1374 ap.
2513 1288 3153 1370 Montemtlasconem.

1194 1440 1535 1506 Machario
1596 1441 1673 1504 de
1716 1441 2021 1505 Benthem
2070 1442 2295 1505 clerico
2341 1442 2418 1506 de
2461 1443 2674 1508 soluta
2720 1450 2781 1506 et
2823 1444 3036 1508 soluta
3076 1444 3289 1528 yenito
3335 1462 3461 1506 non
3509 1441 3792 1506 obstante
3841 1440 3949 1507 boc

1106 1550 1425 1614 natalium
1470 1548 1718 1631 defectu
1765 1548 2097 1630 confertur
2139 1548 2538 1632 beneficium,
2585 1550 2951 1615 dormitorii
2988 1549 3275 1634 officium
3315 1556 3780 1633 nuncupatum,
3810 1549 3952 1631 jam

1104 1662 1291 1719 antea
1315 1655 1368 1738 1)
1415 1657 1543 1740 ipsi
1588 1663 1975 1719 reservatum
2026 1656 2091 1719 in
2138 1656 2394 1719 ecclesia
2449 1656 2630 1738 Traj.
2683 1692 2765 1705 —
2815 1655 3233 1742 Deputantur
3279 1663 3653 1720 executores.

1103 1838 1495 1904 Laudabilia
1541 1838 1910 1924 probitatis.
1938 1886 1953 1902 .
1985 1885 2000 1902 .
2030 1887 2045 1903 .
2102 1839 2259 1905 Dat.
2307 1839 2482 1927 apud
2530 1840 3218 1922 Montemflasconem,
3267 1840 3331 1906 V
3377 1837 3477 1902 Id.
3527 1837 3725 1919 Julii,
3775 1857 3940 1902 anno

878 1945 1177 2032 septime.

1297 2048 1422 2111 Ray.
1458 2050 1557 2099 Av.
1601 2050 1656 2097 T.
1691 2046 1781 2109 21,
1806 2049 1869 2112 s.
1904 2046 2021 2108 312.

1029 2173 1086 2238 1)
1122 2173 1228 2225 Cfr.
1263 2189 1425 2239 supra
1460 2190 1612 2226 num.
1644 2172 1795 2225 1841.

874 2497 1062 2566 1879.
1687 2502 1901 2583 1369,
1949 2500 2129 2566 Julii
2173 2503 2301 2584 20,
2348 2523 2455 2586 ap.
2505 2501 3146 2583 Montemflasconem.

1191 2653 1486 2719 Johanm·
1546 2653 1818 2718 Wolteri
1860 2653 1938 2718 de
1982 2653 2275 2718 Arnhem
2322 2654 2732 2720 baccalaureo
2779 2658 2850 2719 in
2895 2655 3158 2720 decretis
3197 2655 3527 2737 confertur
3547 2655 3946 2739 parochialis

1099 2762 1354 2826 ecclesia
1407 2760 1529 2844 „de
1578 2759 1972 2826 Erinchem”
2000 2761 2054 2843 1)
2108 2760 2292 2842 Traj.
2327 2761 2518 2826 dioec.
2553 2763 2643 2826 20
2675 2782 3038 2826 marcarum
3070 2763 3323 2847 arqenti
3351 2783 3639 2827 annuum
3669 2761 3946 2826 valorem

1100 2889 1227 2932 non
1272 2867 1567 2933 excedens
1613 2873 1672 2930 et
1716 2887 1884 2931 nunc
1929 2886 2163 2930 vacans
2197 2888 2323 2951 per
2354 2867 2589 2931 obitum
2623 2866 2846 2953 Eyidii
2873 2867 3167 2933 Britonis
3199 2869 3269 2933 in
3299 2870 3484 2933 curia
3512 2866 3823 2948 defuncti.
3859 2904 3939 2917 -

1105 2971 1523 3057 Deputantur
1568 2978 1937 3037 executores.

1109 3155 1511 3220 Litterarum
1574 3154 1870 3219 scientie..
1898 3203 1913 3218 .
1943 3201 1960 3218 .
1988 3201 2005 3218 .
2075 3152 2231 3220 Non
2293 3153 2710 3219 obstantibus
2759 3202 2774 3218 .
2802 3202 2817 3217 .
2847 3202 2862 3218 .
2892 3202 2907 3218 .
2960 3152 3136 3240 quod
3183 3154 3643 3219 canonicatum
3691 3158 3761 3218 et
3806 3173 3947 3239 pre-

882 3260 1167 3327 bendam
1217 3261 1490 3327 ecclesie
1538 3261 1751 3325 sancti
1797 3260 1982 3326 Petri
2029 3261 2472 3345 'trajectensis
2520 3260 2809 3326 nosceris
2857 3261 3176 3327 obtinere.
3205 3306 3222 3325 .
3250 3309 3265 3325 .
3297 3308 3312 3325 .
3361 3260 3514 3325 Dat.
3556 3259 3731 3347 apud
3765 3260 3950 3324 Mon·

879 3368 1409 3450 temflasconem,
1456 3366 1631 3431 XIII
1675 3365 1787 3432 Kl.
1837 3365 2163 3452 Augusti,
2212 3386 2387 3430 anno
2435 3366 2588 3432 VH.

1296 3503 1422 3566 περ.
1458 3503 1558 3552 Au.
1601 3503 1656 3551 T.
1691 3500 1782 3564 20,
1806 3504 1864 3566 f.
1902 3499 2043 3552 3222.

1031 3628 1089 3695 1)
1124 3629 1373 3680 Erichem
1409 3630 1489 3680 vel
1526 3628 1728 3679 Erkum
1762 3629 1819 3679 in
1856 3628 2051 3680 Gelria.

876 3970 1073 4039 1880.
1853 3972 2072 4053 1369,
2120 3971 2504 4059 Septembris
2550 3975 2630 4055 5,
2692 3970 2981 4035 Viterbii.

1052 4125 1057 4130 ’
1192 4123 1488 4189 Johanni
1548 4123 1624 4186 de
1688 4123 1926 4187 Platea
1985 4126 2053 4186 in
2116 4123 2365 4187 artibus
2419 4131 2478 4187 et
2524 4123 2832 4187 medicina
2879 4125 3184 4208 mayistro
3229 4121 3653 4204 conferuntur
3698 4119 3950 4184 canoni-

1102 4238 1282 4295 catus
1329 4238 1386 4294 et
1420 4229 1791 4315 praebenda
1837 4232 1906 4294 in
1952 4230 2208 4293 ecclesia
2256 4229 2324 4293 S.
2373 4229 2699 4294 Johannis
2755 4229 2976 4313 Traj.‚
3014 4250 3176 4315 quas
3207 4249 3348 4293 cum
3379 4227 3578 4292 Petro
3607 4226 3686 4290 de
3715 4225 3949 4289 Platea

1090 4359 1221 4422 pro
1280 4335 1591 4400 similibus
1651 4339 1720 4400 in
1781 4337 2037 4400 ecclesia
2098 4336 2167 4399 S.
2237 4336 2593 4401 Donatiani
2653 4336 2976 4422 Bruqensi
3037 4335 3344 4418 beneficiis
3395 4336 3660 4420 putavit
3699 4352 3950 4418 permu-

1106 4441 1357 4506 tandas.
1408 4477 1491 4488 —
1540 4440 1959 4525 Deputantur
2005 4449 2377 4505 executores.

1102 4622 1484 4708 Apostolice
1534 4619 1728 4685 sedis.
1757 4667 1772 4684 .
1802 4668 1817 4683 .
1847 4668 1862 4683 .
1912 4621 2064 4686 Dat.
2114 4621 2435 4705 Viterbii,
2484 4622 2656 4686 Non.
2707 4621 3148 4709 Septembris,
3198 4643 3370 4686 anno
3419 4619 3718 4707 septimo.

1301 4755 1426 4816 περ.
1460 4756 1560 4804 Αυ.
1605 4754 1658 4803 τ’.
1694 4754 1783 4814 21,
1811 4756 1872 4817 s.
1906 4753 2022 4803 31¹.

882 5077 1069 5146 1881.
1609 5081 1816 5163 1369,
1870 5079 2152 5146 Octobris
2200 5081 2318 5162 19,
2368 5080 2606 5143 Romae
2654 5101 2760 5164 ap.
2811 5079 2879 5143 S.
2929 5078 3222 5143 Petrum.

1211 5232 1464 5318 Wi9ero
1508 5233 1586 5297 de
1629 5232 2073 5318 Depenbroche
2102 5235 2153 5316 ¹)
2199 5233 2276 5296 de
2301 5235 2552 5318 potenti
2583 5234 2821 5296 militia
2846 5234 3058 5318 yenito
3091 5231 3513 5314 conferuntur
3544 5232 3950 5295 canonicatus

1107 5346 1167 5404 et
1200 5338 1570 5423 praebenda
1615 5360 1754 5403 cum
1801 5340 2269 5424 supplemento,
2317 5340 2385 5401 in
2431 5340 2686 5402 ecclesia
2740 5337 2921 5421 Traj.
2970 5343 3263 5402 vacantes
3296 5358 3422 5422 per
3467 5336 3702 5401 obitum
3752 5335 3949 5402 Gade-

1103 5446 1273 5529 fridi
1333 5445 1411 5509 de
1456 5444 1771 5510 Nersdom
1817 5449 1887 5510 in
1933 5448 2116 5509 curia
2161 5445 2450 5527 defuncti
2461 5468 2487 5524 ,·
2551 5465 2714 5529 quae
2763 5452 2968 5509 tamen
3014 5466 3155 5508 cum
3200 5443 3573 5526 obtinuerit,
3635 5443 3948 5508 ecclesiam

1104 5552 1537 5638 parochialem
1590 5551 1712 5635 „de
1761 5551 2052 5618 Gronlo”
2081 5552 2136 5636 2)
2183 5551 2705 5616 Monasteriensis
2750 5552 2973 5635 dioec.,
3021 5570 3214 5635 super
3245 5570 3377 5636 qua
3410 5551 3653 5635 litiyat,
3700 5551 3947 5615 omnino

1108 5660 1410 5724 dimittat.
1465 5695 1547 5707 —
1596 5659 2015 5744 Deputantur
2061 5665 2431 5722 executores.
