<?xml version="1.0" encoding="UTF-8"?>
<!DOCTYPE html PUBLIC "-//W3C//DTD XHTML 1.0 Transitional//EN"
    "http://www.w3.org/TR/xhtml1/DTD/xhtml1-transitional.dtd">
<html xmlns="http://www.w3.org/1999/xhtml" xml:lang="en" lang="en">
 <head>
  <title>
</title>
<meta http-equiv="Content-Type" content="text/html;charset=utf-8" />
  <meta name='ocr-system' content='tesseract 3.04.00' />
  <meta name='ocr-capabilities' content='ocr_page ocr_carea ocr_par ocr_line ocrx_word'/>
</head>
<body>
  <div class='ocr_page' id='page_1' title='image "./bullariumtrajec00nethgoog_0359.png"; bbox 0 0 4450 6684; ppageno 0'>
   <div class='ocr_carea' id='block_1_1' title="bbox 1797 515 3611 583">
    <p class='ocr_par' dir='ltr' id='par_1_1' title="bbox 1797 515 3611 583">
     <span class='ocr_line' id='line_1_1' title="bbox 1797 515 3611 583; baseline -0.001 0"><span class='ocrx_word' id='word_1_1' title='bbox 1797 517 2197 583; x_wconf 66' lang='lat' dir='ltr'><strong><em>Gmoomus</em></strong></span> <span class='ocrx_word' id='word_1_2' title='bbox 2243 515 2365 581; x_wconf 83' lang='lat' dir='ltr'><strong><em>XI.</em></strong></span> <span class='ocrx_word' id='word_1_3' title='bbox 3482 517 3611 581; x_wconf 80' lang='lat'><strong><em>25⁶1</em></strong></span> 
     </span>
    </p>
   </div>
   <div class='ocr_carea' id='block_1_2' title="bbox 550 739 2787 828">
    <p class='ocr_par' dir='ltr' id='par_1_2' title="bbox 550 739 2787 828">
     <span class='ocr_line' id='line_1_2' title="bbox 550 739 2787 828; baseline -0.004 -16"><span class='ocrx_word' id='word_1_4' title='bbox 550 743 742 812; x_wconf 72' lang='lat'><strong><em>2186.</em></strong></span> <span class='ocrx_word' id='word_1_5' title='bbox 1385 745 1605 826; x_wconf 77' lang='lat'><strong><em>1374,</em></strong></span> <span class='ocrx_word' id='word_1_6' title='bbox 1653 742 1910 828; x_wconf 79' lang='lat' dir='ltr'><strong><em>Aprilis</em></strong></span> <span class='ocrx_word' id='word_1_7' title='bbox 1955 743 2082 824; x_wconf 83' lang='lat'><strong><em>28,</em></strong></span> <span class='ocrx_word' id='word_1_8' title='bbox 2130 762 2237 826; x_wconf 85' lang='lat' dir='ltr'><strong><em>ap.</em></strong></span> <span class='ocrx_word' id='word_1_9' title='bbox 2301 739 2787 805; x_wconf 83' lang='lat' dir='ltr'><strong><em>Villamnovam.</em></strong></span> 
     </span>
    </p>
   </div>
   <div class='ocr_carea' id='block_1_3' title="bbox 775 896 3624 1197">
    <p class='ocr_par' dir='ltr' id='par_1_3' title="bbox 775 896 3624 1197">
     <span class='ocr_line' id='line_1_3' title="bbox 874 896 3624 981; baseline -0.002 -15"><span class='ocrx_word' id='word_1_10' title='bbox 874 900 1231 966; x_wconf 79' lang='lat' dir='ltr'><strong><em>Theobaldo</em></strong></span> <span class='ocrx_word' id='word_1_11' title='bbox 1299 900 1376 964; x_wconf 85' lang='lat' dir='ltr'><strong><em>de</em></strong></span> <span class='ocrx_word' id='word_1_12' title='bbox 1439 898 1715 964; x_wconf 87' lang='lat' dir='ltr'><strong><em>Herwen</em></strong></span> <span class='ocrx_word' id='word_1_13' title='bbox 1741 899 1793 981; x_wconf 87' lang='lat' dir='ltr'><strong><em>l)</em></strong></span> <span class='ocrx_word' id='word_1_14' title='bbox 1864 896 2194 980; x_wconf 72' lang='lat' dir='ltr'><strong><em>confertur</em></strong></span> <span class='ocrx_word' id='word_1_15' title='bbox 2258 904 2640 981; x_wconf 78' lang='lat' dir='ltr'><strong><em>personatus</em></strong></span> <span class='ocrx_word' id='word_1_16' title='bbox 2706 917 2815 961; x_wconf 85' lang='lat' dir='ltr'><strong><em>seu</em></strong></span> <span class='ocrx_word' id='word_1_17' title='bbox 2875 898 3145 981; x_wconf 75' lang='lat' dir='ltr'><strong><em>simplex</em></strong></span> <span class='ocrx_word' id='word_1_18' title='bbox 3206 896 3490 981; x_wconf 81' lang='lat' dir='ltr'><strong><em>officium</em></strong></span> <span class='ocrx_word' id='word_1_19' title='bbox 3551 901 3624 963; x_wconf 87' lang='lat' dir='ltr'><strong><em>in</em></strong></span> 
     </span>
     <span class='ocr_line' id='line_1_4' title="bbox 784 1002 3621 1093; baseline -0.001 -21"><span class='ocrx_word' id='word_1_20' title='bbox 784 1005 1294 1089; x_wconf 81' lang='lat' dir='ltr'><strong><em>„Odorkerkon”</em></strong></span> <span class='ocrx_word' id='word_1_21' title='bbox 1319 1006 1374 1089; x_wconf 77' lang='lat'><strong><em>2)</em></strong></span> <span class='ocrx_word' id='word_1_22' title='bbox 1445 1005 1627 1088; x_wconf 83' lang='lat' dir='ltr'><strong><em>Traj.</em></strong></span> <span class='ocrx_word' id='word_1_23' title='bbox 1691 1006 1878 1069; x_wconf 82' lang='lat' dir='ltr'><strong><em>dioec.</em></strong></span> <span class='ocrx_word' id='word_1_24' title='bbox 1898 1054 1915 1088; x_wconf 90' lang='lat'>,</span> <span class='ocrx_word' id='word_1_25' title='bbox 1965 1025 2195 1068; x_wconf 89' lang='lat' dir='ltr'><strong><em>vacans</em></strong></span> <span class='ocrx_word' id='word_1_26' title='bbox 2228 1026 2354 1089; x_wconf 92' lang='lat' dir='ltr'><strong><em>per</em></strong></span> <span class='ocrx_word' id='word_1_27' title='bbox 2400 1003 2633 1068; x_wconf 83' lang='lat' dir='ltr'><strong><em>obitum</em></strong></span> <span class='ocrx_word' id='word_1_28' title='bbox 2684 1002 2928 1069; x_wconf 84' lang='lat' dir='ltr'><strong><em>Ottonis</em></strong></span> <span class='ocrx_word' id='word_1_29' title='bbox 2974 1005 3050 1070; x_wconf 89' lang='lat' dir='ltr'><strong><em>de</em></strong></span> <span class='ocrx_word' id='word_1_30' title='bbox 3099 1003 3396 1089; x_wconf 87' lang='lat' dir='ltr'><strong><em>Omeren,</em></strong></span> <span class='ocrx_word' id='word_1_31' title='bbox 3440 1003 3621 1093; x_wconf 86' lang='lat' dir='ltr'><strong><em>apud</em></strong></span> 
     </span>
     <span class='ocr_line' id='line_1_5' title="bbox 775 1110 2383 1197; baseline -0.002 -20"><span class='ocrx_word' id='word_1_32' title='bbox 775 1115 1019 1178; x_wconf 87' lang='lat' dir='ltr'><strong><em>curiam</em></strong></span> <span class='ocrx_word' id='word_1_33' title='bbox 1064 1112 1368 1195; x_wconf 79' lang='lat' dir='ltr'><strong><em>defuncti.</em></strong></span> <span class='ocrx_word' id='word_1_34' title='bbox 1421 1149 1502 1160; x_wconf 95' lang='lat'>—</span> <span class='ocrx_word' id='word_1_35' title='bbox 1555 1110 1968 1197; x_wconf 85' lang='lat' dir='ltr'><strong><em>Deputantur</em></strong></span> <span class='ocrx_word' id='word_1_36' title='bbox 2013 1117 2383 1175; x_wconf 75' lang='lat' dir='ltr'><strong><em>executores.</em></strong></span> 
     </span>
    </p>
   </div>
   <div class='ocr_carea' id='block_1_4' title="bbox 556 1292 3618 1582">
    <p class='ocr_par' dir='ltr' id='par_1_4' title="bbox 556 1292 3618 1582">
     <span class='ocr_line' id='line_1_6' title="bbox 779 1292 3618 1382; baseline -0.001 -21"><span class='ocrx_word' id='word_1_37' title='bbox 779 1294 1173 1361; x_wconf 83' lang='lat' dir='ltr'><strong><em>Laudabilia</em></strong></span> <span class='ocrx_word' id='word_1_38' title='bbox 1240 1294 1608 1382; x_wconf 80' lang='lat' dir='ltr'><strong><em>probitatis.</em></strong></span> <span class='ocrx_word' id='word_1_39' title='bbox 1637 1342 1652 1357; x_wconf 98' lang='lat'><strong><em>.</em></strong></span> <span class='ocrx_word' id='word_1_40' title='bbox 1682 1342 1698 1358; x_wconf 98' lang='lat'><strong><em>.</em></strong></span> <span class='ocrx_word' id='word_1_41' title='bbox 1727 1342 1742 1357; x_wconf 98' lang='lat'><strong><em>.</em></strong></span> <span class='ocrx_word' id='word_1_42' title='bbox 1815 1293 1967 1358; x_wconf 82' lang='lat' dir='ltr'><strong><em>Dat.</em></strong></span> <span class='ocrx_word' id='word_1_43' title='bbox 2042 1292 2216 1379; x_wconf 86' lang='lat' dir='ltr'><strong><em>apud</em></strong></span> <span class='ocrx_word' id='word_1_44' title='bbox 2286 1292 2769 1359; x_wconf 82' lang='lat' dir='ltr'><strong><em>Villamnovam</em></strong></span> <span class='ocrx_word' id='word_1_45' title='bbox 2832 1301 2979 1376; x_wconf 61' lang='lat' dir='ltr'><strong><em>etc„</em></strong></span> <span class='ocrx_word' id='word_1_46' title='bbox 3043 1294 3185 1358; x_wconf 93' lang='lat' dir='ltr'>IIII</span> <span class='ocrx_word' id='word_1_47' title='bbox 3244 1293 3354 1359; x_wconf 87' lang='lat' dir='ltr'><strong><em>Kl.</em></strong></span> <span class='ocrx_word' id='word_1_48' title='bbox 3419 1294 3618 1379; x_wconf 83' lang='lat' dir='ltr'><strong><em>Maji,</em></strong></span> 
     </span>
     <span class='ocr_line' id='line_1_7' title="bbox 556 1408 1028 1490; baseline -0.006 -21"><span class='ocrx_word' id='word_1_49' title='bbox 556 1424 727 1469; x_wconf 89' lang='lat' dir='ltr'><strong><em>anno</em></strong></span> <span class='ocrx_word' id='word_1_50' title='bbox 775 1408 1028 1490; x_wconf 83' lang='lat' dir='ltr'><strong><em>quarto.</em></strong></span> 
     </span>
     <span class='ocr_line' id='line_1_8' title="bbox 974 1515 1715 1582; baseline 0.001 -16"><span class='ocrx_word' id='word_1_51' title='bbox 974 1518 1099 1581; x_wconf 70' lang='lat' dir='ltr'><strong><em>Bey.</em></strong></span> <span class='ocrx_word' id='word_1_52' title='bbox 1133 1520 1232 1567; x_wconf 75' lang='lat' dir='ltr'><strong><em>Ao.</em></strong></span> <span class='ocrx_word' id='word_1_53' title='bbox 1276 1519 1331 1566; x_wconf 89' lang='lat' dir='ltr'><strong><em>T.</em></strong></span> <span class='ocrx_word' id='word_1_54' title='bbox 1368 1516 1455 1579; x_wconf 74' lang='lat'><strong>⁸20,</strong></span> <span class='ocrx_word' id='word_1_55' title='bbox 1482 1519 1545 1582; x_wconf 82' lang='lat' dir='ltr'><strong><em>s.</em></strong></span> <span class='ocrx_word' id='word_1_56' title='bbox 1579 1515 1715 1567; x_wconf 74' lang='lat'><strong><em>5090.</em></strong></span> 
     </span>
    </p>
   </div>
   <div class='ocr_carea' id='block_1_5' title="bbox 706 1643 2099 1711">
    <p class='ocr_par' dir='ltr' id='par_1_5' title="bbox 706 1643 2099 1711">
     <span class='ocr_line' id='line_1_9' title="bbox 706 1643 2099 1711; baseline 0 -16"><span class='ocrx_word' id='word_1_57' title='bbox 706 1645 763 1711; x_wconf 83' lang='lat'><strong><em>1)</em></strong></span> <span class='ocrx_word' id='word_1_58' title='bbox 799 1645 971 1697; x_wconf 77' lang='lat' dir='ltr'><strong><em>Codex</em></strong></span> <span class='ocrx_word' id='word_1_59' title='bbox 1007 1646 1194 1696; x_wconf 82' lang='lat' dir='ltr'><strong><em>habet:</em></strong></span> <span class='ocrx_word' id='word_1_60' title='bbox 1233 1644 1475 1696; x_wconf 69' lang='lat' dir='ltr'><strong><em>Horwon.</em></strong></span> <span class='ocrx_word' id='word_1_61' title='bbox 1678 1644 1735 1708; x_wconf 77' lang='lat'><strong><em>2)</em></strong></span> <span class='ocrx_word' id='word_1_62' title='bbox 1771 1643 2099 1696; x_wconf 79' lang='lat' dir='ltr'><strong><em>Ouderkerk.</em></strong></span> 
     </span>
    </p>
   </div>
   <div class='ocr_carea' id='block_1_6' title="bbox 563 2115 2711 2201">
    <p class='ocr_par' dir='ltr' id='par_1_6' title="bbox 563 2115 2711 2201">
     <span class='ocr_line' id='line_1_10' title="bbox 563 2115 2711 2201; baseline -0.001 -17"><span class='ocrx_word' id='word_1_63' title='bbox 563 2116 746 2184; x_wconf 79' lang='lat'><strong><em>2187.</em></strong></span> <span class='ocrx_word' id='word_1_64' title='bbox 1462 2116 1676 2199; x_wconf 86' lang='lat'><strong><em>1373,</em></strong></span> <span class='ocrx_word' id='word_1_65' title='bbox 1722 2115 1896 2200; x_wconf 81' lang='lat' dir='ltr'><strong><em>Maji</em></strong></span> <span class='ocrx_word' id='word_1_66' title='bbox 1939 2118 2012 2197; x_wconf 90' lang='lat'><strong><em>1,</em></strong></span> <span class='ocrx_word' id='word_1_67' title='bbox 2060 2138 2164 2201; x_wconf 91' lang='lat' dir='ltr'><strong><em>ap.</em></strong></span> <span class='ocrx_word' id='word_1_68' title='bbox 2226 2116 2711 2182; x_wconf 82' lang='lat' dir='ltr'><strong><em>Villamnovam.</em></strong></span> 
     </span>
    </p>
   </div>
   <div class='ocr_carea' id='block_1_7' title="bbox 780 2271 3622 2786">
    <p class='ocr_par' dir='ltr' id='par_1_7' title="bbox 780 2271 3622 2786">
     <span class='ocr_line' id='line_1_11' title="bbox 872 2271 3622 2359; baseline 0.002 -22"><span class='ocrx_word' id='word_1_69' title='bbox 872 2273 1109 2338; x_wconf 85' lang='lat' dir='ltr'><strong><em>Jacobo</em></strong></span> <span class='ocrx_word' id='word_1_70' title='bbox 1154 2271 1475 2337; x_wconf 78' lang='lat' dir='ltr'><strong><em>Johannis</em></strong></span> <span class='ocrx_word' id='word_1_71' title='bbox 1520 2273 1685 2336; x_wconf 90' lang='lat' dir='ltr'><strong><em>dicto</em></strong></span> <span class='ocrx_word' id='word_1_72' title='bbox 1732 2271 1879 2336; x_wconf 85' lang='lat' dir='ltr'><strong><em>Stoc</em></strong></span> <span class='ocrx_word' id='word_1_73' title='bbox 1917 2271 2313 2357; x_wconf 78' lang='lat' dir='ltr'><strong><em>presbytero,</em></strong></span> <span class='ocrx_word' id='word_1_74' title='bbox 2364 2275 2478 2357; x_wconf 84' lang='lat' dir='ltr'><strong><em>qui</em></strong></span> <span class='ocrx_word' id='word_1_75' title='bbox 2520 2272 2597 2336; x_wconf 89' lang='lat' dir='ltr'><strong><em>de</em></strong></span> <span class='ocrx_word' id='word_1_76' title='bbox 2629 2273 3000 2359; x_wconf 81' lang='lat' dir='ltr'><strong><em>presbytero</em></strong></span> <span class='ocrx_word' id='word_1_77' title='bbox 3042 2277 3292 2358; x_wconf 73' lang='lat' dir='ltr'><strong><em>yenitus</em></strong></span> <span class='ocrx_word' id='word_1_78' title='bbox 3322 2283 3381 2340; x_wconf 84' lang='lat' dir='ltr'><strong><em>et</em></strong></span> <span class='ocrx_word' id='word_1_79' title='bbox 3411 2279 3622 2343; x_wconf 84' lang='lat' dir='ltr'><strong><em>soluta</em></strong></span> 
     </span>
     <span class='ocr_line' id='line_1_12' title="bbox 782 2378 3619 2466; baseline 0.002 -22"><span class='ocrx_word' id='word_1_80' title='bbox 782 2381 1305 2465; x_wconf 82' lang='lat' dir='ltr'><strong><em>dispensationem</em></strong></span> <span class='ocrx_word' id='word_1_81' title='bbox 1364 2400 1555 2464; x_wconf 84' lang='lat' dir='ltr'><strong><em>super</em></strong></span> <span class='ocrx_word' id='word_1_82' title='bbox 1617 2378 1864 2460; x_wconf 85' lang='lat' dir='ltr'><strong><em>defectu</em></strong></span> <span class='ocrx_word' id='word_1_83' title='bbox 1924 2380 2244 2442; x_wconf 87' lang='lat' dir='ltr'><strong><em>natalium</em></strong></span> <span class='ocrx_word' id='word_1_84' title='bbox 2306 2386 2365 2442; x_wconf 88' lang='lat' dir='ltr'><strong><em>et</em></strong></span> <span class='ocrx_word' id='word_1_85' title='bbox 2411 2378 2632 2443; x_wconf 86' lang='lat' dir='ltr'><strong><em>deinde</em></strong></span> <span class='ocrx_word' id='word_1_86' title='bbox 2676 2381 3100 2465; x_wconf 82' lang='lat' dir='ltr'><strong><em>capellaniam</em></strong></span> <span class='ocrx_word' id='word_1_87' title='bbox 3145 2383 3214 2446; x_wconf 89' lang='lat' dir='ltr'><strong><em>in</em></strong></span> <span class='ocrx_word' id='word_1_88' title='bbox 3248 2384 3619 2466; x_wconf 80' lang='lat' dir='ltr'><strong><em>parochiali</em></strong></span> 
     </span>
     <span class='ocr_line' id='line_1_13' title="bbox 785 2484 3622 2571; baseline 0.001 -20"><span class='ocrx_word' id='word_1_89' title='bbox 785 2488 1037 2552; x_wconf 87' lang='lat' dir='ltr'><strong><em>ecclesia</em></strong></span> <span class='ocrx_word' id='word_1_90' title='bbox 1104 2486 1181 2550; x_wconf 88' lang='lat' dir='ltr'><strong><em>de</em></strong></span> <span class='ocrx_word' id='word_1_91' title='bbox 1249 2485 1643 2550; x_wconf 83' lang='lat' dir='ltr'><strong><em>Abbenbroec</em></strong></span> <span class='ocrx_word' id='word_1_92' title='bbox 1672 2486 1722 2568; x_wconf 88' lang='lat' dir='ltr'><strong><em>l)</em></strong></span> <span class='ocrx_word' id='word_1_93' title='bbox 1791 2505 1987 2570; x_wconf 84' lang='lat' dir='ltr'><strong><em>eaque</em></strong></span> <span class='ocrx_word' id='word_1_94' title='bbox 2055 2484 2318 2548; x_wconf 85' lang='lat' dir='ltr'><strong><em>dimissa</em></strong></span> <span class='ocrx_word' id='word_1_95' title='bbox 2368 2486 2805 2570; x_wconf 81' lang='lat' dir='ltr'><strong><em>parochialem</em></strong></span> <span class='ocrx_word' id='word_1_96' title='bbox 2868 2489 3183 2552; x_wconf 86' lang='lat' dir='ltr'><strong><em>ecclesiam</em></strong></span> <span class='ocrx_word' id='word_1_97' title='bbox 3240 2489 3317 2552; x_wconf 87' lang='lat' dir='ltr'><strong><em>de</em></strong></span> <span class='ocrx_word' id='word_1_98' title='bbox 3369 2490 3622 2571; x_wconf 80' lang='lat' dir='ltr'><strong><em>„Moer-</em></strong></span> 
     </span>
     <span class='ocr_line' id='line_1_14' title="bbox 780 2591 3618 2677; baseline 0.001 -20"><span class='ocrx_word' id='word_1_99' title='bbox 780 2592 1021 2659; x_wconf 83' lang='lat' dir='ltr'><strong><em>dreoh”</em></strong></span> <span class='ocrx_word' id='word_1_100' title='bbox 1047 2594 1101 2677; x_wconf 72' lang='grc'><strong><em>2)</em></strong></span> <span class='ocrx_word' id='word_1_101' title='bbox 1156 2593 1336 2676; x_wconf 84' lang='lat' dir='ltr'><strong><em>Traj.</em></strong></span> <span class='ocrx_word' id='word_1_102' title='bbox 1385 2593 1573 2657; x_wconf 85' lang='lat' dir='ltr'><strong><em>dioec.</em></strong></span> <span class='ocrx_word' id='word_1_103' title='bbox 1621 2600 1939 2656; x_wconf 86' lang='lat' dir='ltr'><strong><em>assecutus</em></strong></span> <span class='ocrx_word' id='word_1_104' title='bbox 1984 2599 2102 2673; x_wconf 89' lang='lat' dir='ltr'><strong><em>est,</em></strong></span> <span class='ocrx_word' id='word_1_105' title='bbox 2154 2591 2541 2676; x_wconf 64' lang='lat' dir='ltr'><strong><em>indulgetur,</em></strong></span> <span class='ocrx_word' id='word_1_106' title='bbox 2591 2593 2760 2677; x_wconf 79' lang='lat' dir='ltr'><strong><em>quod</em></strong></span> <span class='ocrx_word' id='word_1_107' title='bbox 2805 2595 3062 2677; x_wconf 87' lang='lat' dir='ltr'><strong><em>insuper</em></strong></span> <span class='ocrx_word' id='word_1_108' title='bbox 3101 2593 3227 2659; x_wconf 87' lang='lat' dir='ltr'><strong><em>duo</em></strong></span> <span class='ocrx_word' id='word_1_109' title='bbox 3267 2596 3403 2659; x_wconf 83' lang='lat' dir='ltr'><strong><em>alia</em></strong></span> <span class='ocrx_word' id='word_1_110' title='bbox 3446 2596 3618 2660; x_wconf 47' lang='lat' dir='ltr'><strong><em>brne-</em></strong></span> 
     </span>
     <span class='ocr_line' id='line_1_15' title="bbox 782 2700 3405 2786; baseline 0.001 -22"><span class='ocrx_word' id='word_1_111' title='bbox 782 2700 965 2783; x_wconf 85' lang='lat' dir='ltr'><strong><em>ficia,</em></strong></span> <span class='ocrx_word' id='word_1_112' title='bbox 1015 2722 1285 2786; x_wconf 81' lang='lat' dir='ltr'><strong><em>quorum</em></strong></span> <span class='ocrx_word' id='word_1_113' title='bbox 1331 2701 1716 2766; x_wconf 86' lang='lat' dir='ltr'><strong><em>alterutrum</em></strong></span> <span class='ocrx_word' id='word_1_114' title='bbox 1762 2701 1949 2763; x_wconf 83' lang='lat' dir='ltr'><strong><em>etiam</em></strong></span> <span class='ocrx_word' id='word_1_115' title='bbox 1996 2706 2289 2763; x_wconf 85' lang='lat' dir='ltr'><strong><em>curatum</em></strong></span> <span class='ocrx_word' id='word_1_116' title='bbox 2337 2701 2599 2782; x_wconf 73' lang='lat' dir='ltr'><strong><em>existat,</em></strong></span> <span class='ocrx_word' id='word_1_117' title='bbox 2653 2701 2818 2763; x_wconf 82' lang='lat' dir='ltr'><strong><em>licite</em></strong></span> <span class='ocrx_word' id='word_1_118' title='bbox 2862 2700 3133 2765; x_wconf 85' lang='lat' dir='ltr'><strong><em>obtinere</em></strong></span> <span class='ocrx_word' id='word_1_119' title='bbox 3178 2703 3405 2767; x_wconf 88' lang='lat' dir='ltr'><strong><em>valeat.</em></strong></span> 
     </span>
    </p>
   </div>
   <div class='ocr_carea' id='block_1_8' title="bbox 789 2880 3617 3064">
    <p class='ocr_par' dir='ltr' id='par_1_8' title="bbox 789 2880 3617 3064">
     <span class='ocr_line' id='line_1_16' title="bbox 789 2880 3617 2972; baseline 0.002 -25"><span class='ocrx_word' id='word_1_120' title='bbox 789 2881 1178 2948; x_wconf 81' lang='lat' dir='ltr'><strong><em>Laudabilia</em></strong></span> <span class='ocrx_word' id='word_1_121' title='bbox 1207 2882 1575 2969; x_wconf 54' lang='lat' dir='ltr'><strong><em>probitati&amp;</em></strong></span> <span class='ocrx_word' id='word_1_122' title='bbox 1595 2928 1611 2945; x_wconf 94' lang='lat'><strong><em>.</em></strong></span> <span class='ocrx_word' id='word_1_123' title='bbox 1633 2930 1650 2946; x_wconf 93' lang='lat'><strong><em>.</em></strong></span> <span class='ocrx_word' id='word_1_124' title='bbox 1670 2930 1687 2946; x_wconf 93' lang='lat'><strong><em>.</em></strong></span> <span class='ocrx_word' id='word_1_125' title='bbox 1737 2881 1890 2946; x_wconf 80' lang='lat' dir='ltr'><strong><em>Dat.</em></strong></span> <span class='ocrx_word' id='word_1_126' title='bbox 1917 2880 2092 2968; x_wconf 87' lang='lat' dir='ltr'><strong><em>apud</em></strong></span> <span class='ocrx_word' id='word_1_127' title='bbox 2116 2880 2599 2945; x_wconf 81' lang='lat' dir='ltr'><strong><em>Villamnovam</em></strong></span> <span class='ocrx_word' id='word_1_128' title='bbox 2632 2888 2772 2965; x_wconf 88' lang='lat' dir='ltr'><strong><em>etc.,</em></strong></span> <span class='ocrx_word' id='word_1_129' title='bbox 2797 2881 2908 2946; x_wconf 89' lang='grc' dir='ltr'><strong><em>ΚΙ.</em></strong></span> <span class='ocrx_word' id='word_1_130' title='bbox 2935 2883 3124 2968; x_wconf 79' lang='lat' dir='ltr'><strong><em>Maji,</em></strong></span> <span class='ocrx_word' id='word_1_131' title='bbox 3158 2905 3329 2951; x_wconf 87' lang='lat' dir='ltr'><strong><em>anno</em></strong></span> <span class='ocrx_word' id='word_1_132' title='bbox 3364 2892 3617 2972; x_wconf 81' lang='lat' dir='ltr'><strong><em>quarto.</em></strong></span> 
     </span>
     <span class='ocr_line' id='line_1_17' title="bbox 980 2996 1731 3064; baseline 0 -16"><span class='ocrx_word' id='word_1_133' title='bbox 980 3000 1105 3064; x_wconf 66' lang='lat' dir='ltr'><strong><em>Rea·</em></strong></span> <span class='ocrx_word' id='word_1_134' title='bbox 1141 3001 1240 3050; x_wconf 66' lang='lat' dir='ltr'><strong><em>Av.</em></strong></span> <span class='ocrx_word' id='word_1_135' title='bbox 1281 2996 1342 3050; x_wconf 81' lang='lat' dir='ltr'><strong><em>T.</em></strong></span> <span class='ocrx_word' id='word_1_136' title='bbox 1377 2999 1468 3064; x_wconf 75' lang='lat'><strong><em>20,</em></strong></span> <span class='ocrx_word' id='word_1_137' title='bbox 1495 3002 1556 3064; x_wconf 86' lang='lat' dir='ltr'><strong><em>s.</em></strong></span> <span class='ocrx_word' id='word_1_138' title='bbox 1591 2999 1731 3049; x_wconf 68' lang='lat'><strong><em>2480.</em></strong></span> 
     </span>
    </p>
   </div>
   <div class='ocr_carea' id='block_1_9' title="bbox 714 3124 3080 3192">
    <p class='ocr_par' dir='ltr' id='par_1_9' title="bbox 714 3124 3080 3192">
     <span class='ocr_line' id='line_1_18' title="bbox 714 3124 3080 3192; baseline -0 -14"><span class='ocrx_word' id='word_1_139' title='bbox 714 3126 767 3189; x_wconf 86' lang='lat'><strong><em>1)</em></strong></span> <span class='ocrx_word' id='word_1_140' title='bbox 801 3125 1172 3177; x_wconf 76' lang='lat' dir='ltr'><strong><em>Abbenbroek.</em></strong></span> <span class='ocrx_word' id='word_1_141' title='bbox 1372 3125 1428 3189; x_wconf 78' lang='lat'><strong><em>2)</em></strong></span> <span class='ocrx_word' id='word_1_142' title='bbox 1464 3124 1821 3190; x_wconf 76' lang='lat' dir='ltr'><strong><em>Moordrecht3</em></strong></span> <span class='ocrx_word' id='word_1_143' title='bbox 1858 3130 2086 3190; x_wconf 82' lang='lat' dir='ltr'><strong><em>uterque</em></strong></span> <span class='ocrx_word' id='word_1_144' title='bbox 2118 3140 2286 3192; x_wconf 76' lang='lat' dir='ltr'><strong><em>pagus</em></strong></span> <span class='ocrx_word' id='word_1_145' title='bbox 2321 3126 2379 3176; x_wconf 89' lang='lat' dir='ltr'><strong><em>in</em></strong></span> <span class='ocrx_word' id='word_1_146' title='bbox 2414 3124 2694 3176; x_wconf 81' lang='lat' dir='ltr'><strong><em>Hollandia</em></strong></span> <span class='ocrx_word' id='word_1_147' title='bbox 2729 3126 3080 3177; x_wconf 82' lang='lat' dir='ltr'><strong><em>meridionali.</em></strong></span> 
     </span>
    </p>
   </div>
   <div class='ocr_carea' id='block_1_10' title="bbox 557 3596 2714 3682">
    <p class='ocr_par' dir='ltr' id='par_1_10' title="bbox 557 3596 2714 3682">
     <span class='ocr_line' id='line_1_19' title="bbox 557 3596 2714 3682; baseline -0.001 -18"><span class='ocrx_word' id='word_1_148' title='bbox 557 3596 750 3665; x_wconf 75' lang='lat'><strong><em>2188.</em></strong></span> <span class='ocrx_word' id='word_1_149' title='bbox 1459 3601 1668 3681; x_wconf 77' lang='lat'><strong><em>1374,</em></strong></span> <span class='ocrx_word' id='word_1_150' title='bbox 1715 3599 1887 3682; x_wconf 80' lang='lat' dir='ltr'><strong><em>Maji</em></strong></span> <span class='ocrx_word' id='word_1_151' title='bbox 1931 3599 2010 3680; x_wconf 83' lang='lat'><strong><em>3,</em></strong></span> <span class='ocrx_word' id='word_1_152' title='bbox 2060 3619 2164 3682; x_wconf 88' lang='lat' dir='ltr'><strong><em>ap.</em></strong></span> <span class='ocrx_word' id='word_1_153' title='bbox 2227 3597 2714 3663; x_wconf 84' lang='lat' dir='ltr'><strong><em>Villamnovam.</em></strong></span> 
     </span>
    </p>
   </div>
   <div class='ocr_carea' id='block_1_11' title="bbox 780 3751 3625 4051">
    <p class='ocr_par' dir='ltr' id='par_1_11' title="bbox 780 3751 3625 4051">
     <span class='ocr_line' id='line_1_20' title="bbox 870 3751 3625 3841; baseline 0.002 -24"><span class='ocrx_word' id='word_1_154' title='bbox 870 3753 1134 3840; x_wconf 79' lang='lat' dir='ltr'><strong><em>Symoni</em></strong></span> <span class='ocrx_word' id='word_1_155' title='bbox 1169 3753 1245 3818; x_wconf 89' lang='lat' dir='ltr'><strong><em>de</em></strong></span> <span class='ocrx_word' id='word_1_156' title='bbox 1282 3753 1567 3819; x_wconf 79' lang='lat' dir='ltr'><strong><em>Bourich</em></strong></span> <span class='ocrx_word' id='word_1_157' title='bbox 1594 3753 1645 3837; x_wconf 91' lang='lat' dir='ltr'><strong><em>l)</em></strong></span> <span class='ocrx_word' id='word_1_158' title='bbox 1697 3753 2015 3818; x_wconf 83' lang='lat' dir='ltr'><strong><em>licentiato</em></strong></span> <span class='ocrx_word' id='word_1_159' title='bbox 2054 3756 2124 3817; x_wconf 86' lang='lat' dir='ltr'><strong><em>in</em></strong></span> <span class='ocrx_word' id='word_1_160' title='bbox 2166 3751 2401 3836; x_wconf 75' lang='lat' dir='ltr'><strong><em>leyibus</em></strong></span> <span class='ocrx_word' id='word_1_161' title='bbox 2439 3753 2860 3835; x_wconf 83' lang='lat' dir='ltr'><strong><em>conferuntur</em></strong></span> <span class='ocrx_word' id='word_1_162' title='bbox 2898 3757 3306 3819; x_wconf 85' lang='lat' dir='ltr'><strong><em>canonicatus</em></strong></span> <span class='ocrx_word' id='word_1_163' title='bbox 3344 3764 3404 3821; x_wconf 87' lang='lat' dir='ltr'><strong><em>et</em></strong></span> <span class='ocrx_word' id='word_1_164' title='bbox 3428 3779 3625 3841; x_wconf 91' lang='lat' dir='ltr'><strong><em>prae·</em></strong></span> 
     </span>
     <span class='ocr_line' id='line_1_21' title="bbox 784 3857 3620 3945; baseline 0.001 -22"><span class='ocrx_word' id='word_1_165' title='bbox 784 3860 981 3924; x_wconf 85' lang='lat' dir='ltr'><strong><em>benda</em></strong></span> <span class='ocrx_word' id='word_1_166' title='bbox 1025 3862 1095 3924; x_wconf 89' lang='lat' dir='ltr'><strong><em>in</em></strong></span> <span class='ocrx_word' id='word_1_167' title='bbox 1139 3860 1392 3924; x_wconf 82' lang='lat' dir='ltr'><strong><em>ecclesia</em></strong></span> <span class='ocrx_word' id='word_1_168' title='bbox 1438 3858 1493 3922; x_wconf 80' lang='lat' dir='ltr'><strong><em>b.</em></strong></span> <span class='ocrx_word' id='word_1_169' title='bbox 1544 3857 1799 3922; x_wconf 85' lang='lat' dir='ltr'><strong><em>Mariae</em></strong></span> <span class='ocrx_word' id='word_1_170' title='bbox 1853 3857 2034 3940; x_wconf 77' lang='lat' dir='ltr'><strong><em>Traj.</em></strong></span> <span class='ocrx_word' id='word_1_171' title='bbox 2081 3861 2375 3922; x_wconf 82' lang='lat' dir='ltr'><strong><em>vacantia</em></strong></span> <span class='ocrx_word' id='word_1_172' title='bbox 2411 3879 2536 3942; x_wconf 86' lang='lat' dir='ltr'><strong><em>per</em></strong></span> <span class='ocrx_word' id='word_1_173' title='bbox 2582 3857 2819 3922; x_wconf 83' lang='lat' dir='ltr'><strong><em>obitum</em></strong></span> <span class='ocrx_word' id='word_1_174' title='bbox 2849 3859 3152 3924; x_wconf 82' lang='lat' dir='ltr'><strong><em>Niclzolai</em></strong></span> <span class='ocrx_word' id='word_1_175' title='bbox 3181 3860 3257 3924; x_wconf 91' lang='lat' dir='ltr'><strong><em>de</em></strong></span> <span class='ocrx_word' id='word_1_176' title='bbox 3288 3859 3620 3945; x_wconf 83' lang='lat' dir='ltr'><strong><em>Maersen,</em></strong></span> 
     </span>
     <span class='ocr_line' id='line_1_22' title="bbox 780 3964 2608 4051; baseline -0.002 -21"><span class='ocrx_word' id='word_1_177' title='bbox 780 3966 957 4051; x_wconf 86' lang='lat' dir='ltr'><strong><em>apud</em></strong></span> <span class='ocrx_word' id='word_1_178' title='bbox 1001 3969 1245 4030; x_wconf 87' lang='lat' dir='ltr'><strong><em>curiam</em></strong></span> <span class='ocrx_word' id='word_1_179' title='bbox 1289 3966 1592 4048; x_wconf 80' lang='lat' dir='ltr'><strong><em>defuncti.</em></strong></span> <span class='ocrx_word' id='word_1_180' title='bbox 1646 4001 1727 4012; x_wconf 95' lang='lat'>—</span> <span class='ocrx_word' id='word_1_181' title='bbox 1776 3964 2192 4049; x_wconf 87' lang='lat' dir='ltr'><strong><em>Deputantur</em></strong></span> <span class='ocrx_word' id='word_1_182' title='bbox 2239 3972 2608 4028; x_wconf 76' lang='lat' dir='ltr'><strong><em>eoeecutores.</em></strong></span> 
     </span>
    </p>
   </div>
   <div class='ocr_carea' id='block_1_12' title="bbox 782 4145 3621 4233">
    <p class='ocr_par' dir='ltr' id='par_1_12' title="bbox 782 4145 3621 4233">
     <span class='ocr_line' id='line_1_23' title="bbox 782 4145 3621 4233; baseline -0 -18"><span class='ocrx_word' id='word_1_183' title='bbox 782 4149 1182 4215; x_wconf 79' lang='lat' dir='ltr'><strong><em>Litterarum</em></strong></span> <span class='ocrx_word' id='word_1_184' title='bbox 1234 4146 1527 4212; x_wconf 81' lang='lat' dir='ltr'><strong><em>scientia.</em></strong></span> <span class='ocrx_word' id='word_1_185' title='bbox 1557 4193 1573 4211; x_wconf 95' lang='lat'><strong><em>.</em></strong></span> <span class='ocrx_word' id='word_1_186' title='bbox 1601 4193 1617 4211; x_wconf 95' lang='lat'><strong><em>.</em></strong></span> <span class='ocrx_word' id='word_1_187' title='bbox 1648 4195 1664 4209; x_wconf 91' lang='lat'><strong><em>.</em></strong></span> <span class='ocrx_word' id='word_1_188' title='bbox 1724 4145 1877 4210; x_wconf 89' lang='lat' dir='ltr'><strong><em>Dat.</em></strong></span> <span class='ocrx_word' id='word_1_189' title='bbox 1927 4145 2103 4232; x_wconf 83' lang='lat' dir='ltr'><strong><em>apud</em></strong></span> <span class='ocrx_word' id='word_1_190' title='bbox 2148 4146 2636 4211; x_wconf 77' lang='lat' dir='ltr'><strong><em>villamnovam</em></strong></span> <span class='ocrx_word' id='word_1_191' title='bbox 2682 4154 2826 4230; x_wconf 60' lang='lat' dir='ltr'><strong><em>etc„</em></strong></span> <span class='ocrx_word' id='word_1_192' title='bbox 2875 4148 2938 4213; x_wconf 86' lang='lat' dir='ltr'><strong>V</strong></span> <span class='ocrx_word' id='word_1_193' title='bbox 2984 4147 3155 4212; x_wconf 86' lang='lat' dir='ltr'><strong><em>Non.</em></strong></span> <span class='ocrx_word' id='word_1_194' title='bbox 3203 4148 3397 4233; x_wconf 58' lang='lat' dir='ltr'><strong><em>Maii,</em></strong></span> <span class='ocrx_word' id='word_1_195' title='bbox 3449 4169 3621 4214; x_wconf 87' lang='lat' dir='ltr'><strong><em>anno</em></strong></span> 
     </span>
    </p>
   </div>
   <div class='ocr_carea' id='block_1_13' title="bbox 559 4262 1717 4406">
    <p class='ocr_par' dir='ltr' id='par_1_13' title="bbox 559 4262 1717 4406">
     <span class='ocr_line' id='line_1_24' title="bbox 559 4262 811 4346; baseline -0.012 -23"><span class='ocrx_word' id='word_1_196' title='bbox 559 4262 811 4346; x_wconf 87' lang='lat' dir='ltr'><strong><em>quarto.</em></strong></span> 
     </span>
     <span class='ocr_line' id='line_1_25' title="bbox 982 4340 1717 4406; baseline -0.004 -14"><span class='ocrx_word' id='word_1_197' title='bbox 982 4343 1104 4406; x_wconf 59' lang='grc' dir='ltr'><strong><em>περ.</em></strong></span> <span class='ocrx_word' id='word_1_198' title='bbox 1138 4344 1233 4394; x_wconf 64' lang='lat' dir='ltr'><strong><em>Aa.</em></strong></span> <span class='ocrx_word' id='word_1_199' title='bbox 1279 4344 1333 4391; x_wconf 82' lang='lat' dir='ltr'><strong><em>T.</em></strong></span> <span class='ocrx_word' id='word_1_200' title='bbox 1368 4341 1457 4405; x_wconf 74' lang='lat'><strong><em>22,</em></strong></span> <span class='ocrx_word' id='word_1_201' title='bbox 1484 4343 1545 4405; x_wconf 81' lang='lat' dir='ltr'><strong><em>s.</em></strong></span> <span class='ocrx_word' id='word_1_202' title='bbox 1580 4340 1717 4390; x_wconf 64' lang='lat'><strong><em>2352.</em></strong></span> 
     </span>
    </p>
   </div>
   <div class='ocr_carea' id='block_1_14' title="bbox 711 4470 2364 4540">
    <p class='ocr_par' dir='ltr' id='par_1_14' title="bbox 711 4470 2364 4540">
     <span class='ocr_line' id='line_1_26' title="bbox 711 4470 2364 4540; baseline -0.004 -13"><span class='ocrx_word' id='word_1_203' title='bbox 711 4476 769 4540; x_wconf 77' lang='lat'><strong><em>1)</em></strong></span> <span class='ocrx_word' id='word_1_204' title='bbox 804 4475 1003 4526; x_wconf 87' lang='lat' dir='ltr'><strong><em>Burich</em></strong></span> <span class='ocrx_word' id='word_1_205' title='bbox 1038 4474 1122 4524; x_wconf 79' lang='lat' dir='ltr'><strong><em>vel</em></strong></span> <span class='ocrx_word' id='word_1_206' title='bbox 1157 4472 1446 4536; x_wconf 86' lang='lat' dir='ltr'><strong><em>Buderich,</em></strong></span> <span class='ocrx_word' id='word_1_207' title='bbox 1488 4486 1655 4537; x_wconf 74' lang='lat' dir='ltr'><strong><em>pagus</em></strong></span> <span class='ocrx_word' id='word_1_208' title='bbox 1687 4471 1744 4521; x_wconf 88' lang='lat' dir='ltr'><strong><em>in</em></strong></span> <span class='ocrx_word' id='word_1_209' title='bbox 1780 4470 2052 4535; x_wconf 80' lang='lat' dir='ltr'><strong><em>provincia</em></strong></span> <span class='ocrx_word' id='word_1_210' title='bbox 2087 4470 2364 4521; x_wconf 84' lang='lat' dir='ltr'><strong><em>Rhenana.</em></strong></span> 
     </span>
    </p>
   </div>
   <div class='ocr_carea' id='block_1_15' title="bbox 558 4891 2561 4975">
    <p class='ocr_par' dir='ltr' id='par_1_15' title="bbox 558 4891 2561 4975">
     <span class='ocr_line' id='line_1_27' title="bbox 558 4891 2561 4975; baseline -0.004 -12"><span class='ocrx_word' id='word_1_211' title='bbox 558 4893 1011 4963; x_wconf 75' lang='lat'>2189-2190.</span> <span class='ocrx_word' id='word_1_212' title='bbox 1611 4895 1826 4975; x_wconf 74' lang='lat'><strong><em>1374,</em></strong></span> <span class='ocrx_word' id='word_1_213' title='bbox 1887 4891 2052 4974; x_wconf 81' lang='lat' dir='ltr'><strong><em>Maji</em></strong></span> <span class='ocrx_word' id='word_1_214' title='bbox 2096 4893 2217 4975; x_wconf 80' lang='lat'><strong><em>28,</em></strong></span> <span class='ocrx_word' id='word_1_215' title='bbox 2269 4891 2561 4957; x_wconf 86' lang='lat' dir='ltr'><strong><em>Salonae.</em></strong></span> 
     </span>
    </p>
   </div>
   <div class='ocr_carea' id='block_1_16' title="bbox 743 5046 3632 5453">
    <p class='ocr_par' dir='ltr' id='par_1_16' title="bbox 743 5046 3626 5350">
     <span class='ocr_line' id='line_1_28' title="bbox 873 5046 3620 5136; baseline 0 -20"><span class='ocrx_word' id='word_1_216' title='bbox 873 5052 957 5117; x_wconf 88' lang='lat' dir='ltr'><strong><em>A.</em></strong></span> <span class='ocrx_word' id='word_1_217' title='bbox 1053 5049 1383 5115; x_wconf 84' lang='lat' dir='ltr'><strong><em>Friderico</em></strong></span> <span class='ocrx_word' id='word_1_218' title='bbox 1427 5050 1593 5113; x_wconf 85' lang='lat' dir='ltr'><strong><em>dicto</em></strong></span> <span class='ocrx_word' id='word_1_219' title='bbox 1643 5047 1985 5131; x_wconf 84' lang='lat' dir='ltr'><strong><em>Capellaen</em></strong></span> <span class='ocrx_word' id='word_1_220' title='bbox 2025 5046 2357 5128; x_wconf 81' lang='lat' dir='ltr'><strong><em>confertur</em></strong></span> <span class='ocrx_word' id='word_1_221' title='bbox 2379 5046 2779 5131; x_wconf 79' lang='lat' dir='ltr'><strong><em>parochialis</em></strong></span> <span class='ocrx_word' id='word_1_222' title='bbox 2809 5050 3061 5114; x_wconf 86' lang='lat' dir='ltr'><strong><em>ecclesia</em></strong></span> <span class='ocrx_word' id='word_1_223' title='bbox 3091 5053 3161 5114; x_wconf 88' lang='lat' dir='ltr'><strong><em>in</em></strong></span> <span class='ocrx_word' id='word_1_224' title='bbox 3190 5050 3620 5136; x_wconf 78' lang='lat' dir='ltr'><strong><em>Moerdrecht,</em></strong></span> 
     </span>
     <span class='ocr_line' id='line_1_29' title="bbox 781 5153 3626 5244; baseline 0 -22"><span class='ocrx_word' id='word_1_225' title='bbox 781 5179 971 5244; x_wconf 81' lang='lat' dir='ltr'><strong><em>quam</em></strong></span> <span class='ocrx_word' id='word_1_226' title='bbox 1033 5178 1174 5222; x_wconf 86' lang='lat' dir='ltr'><strong><em>cum</em></strong></span> <span class='ocrx_word' id='word_1_227' title='bbox 1234 5156 1471 5221; x_wconf 86' lang='lat' dir='ltr'><strong><em>Jacobo</em></strong></span> <span class='ocrx_word' id='word_1_228' title='bbox 1532 5154 1855 5220; x_wconf 80' lang='lat' dir='ltr'><strong><em>Johannis</em></strong></span> <span class='ocrx_word' id='word_1_229' title='bbox 1918 5153 2083 5217; x_wconf 87' lang='lat' dir='ltr'><strong><em>dicto</em></strong></span> <span class='ocrx_word' id='word_1_230' title='bbox 2145 5153 2292 5217; x_wconf 87' lang='lat' dir='ltr'><strong><em>Stoc</em></strong></span> <span class='ocrx_word' id='word_1_231' title='bbox 2341 5175 2471 5238; x_wconf 87' lang='lat' dir='ltr'><strong><em>pro</em></strong></span> <span class='ocrx_word' id='word_1_232' title='bbox 2537 5155 2976 5240; x_wconf 84' lang='lat' dir='ltr'><strong><em>infrascriptis</em></strong></span> <span class='ocrx_word' id='word_1_233' title='bbox 3024 5156 3330 5240; x_wconf 80' lang='lat' dir='ltr'><strong><em>beneficiis</em></strong></span> <span class='ocrx_word' id='word_1_234' title='bbox 3363 5162 3626 5243; x_wconf 85' lang='lat' dir='ltr'><strong><em>putavit</em></strong></span> 
     </span>
     <span class='ocr_line' id='line_1_30' title="bbox 743 5248 1288 5350; baseline -0.004 -20"><span class='ocrx_word' id='word_1_235' title='bbox 743 5248 747 5252; x_wconf 42' lang='grc'>’</span> <span class='ocrx_word' id='word_1_236' title='bbox 779 5264 1288 5350; x_wconf 81' lang='lat' dir='ltr'><strong><em>permutandam.</em></strong></span> 
     </span>
    </p>

    <p class='ocr_par' dir='ltr' id='par_1_17' title="bbox 869 5355 3632 5453">
     <span class='ocr_line' id='line_1_31' title="bbox 869 5355 3632 5453; baseline 0 -17"><span class='ocrx_word' id='word_1_237' title='bbox 869 5355 963 5437; x_wconf 69' lang='lat' dir='ltr'><strong><em>B.</em></strong></span> <span class='ocrx_word' id='word_1_238' title='bbox 1042 5368 1280 5435; x_wconf 85' lang='lat' dir='ltr'><strong><em>Jacobo</em></strong></span> <span class='ocrx_word' id='word_1_239' title='bbox 1366 5368 1690 5433; x_wconf 79' lang='lat' dir='ltr'><strong><em>Johannis</em></strong></span> <span class='ocrx_word' id='word_1_240' title='bbox 1774 5367 1940 5432; x_wconf 86' lang='lat' dir='ltr'><strong><em>dicto</em></strong></span> <span class='ocrx_word' id='word_1_241' title='bbox 2031 5367 2176 5432; x_wconf 85' lang='lat' dir='ltr'><strong><em>Stoc</em></strong></span> <span class='ocrx_word' id='word_1_242' title='bbox 2264 5366 2689 5448; x_wconf 86' lang='lat' dir='ltr'><strong><em>conferuntur</em></strong></span> <span class='ocrx_word' id='word_1_243' title='bbox 2759 5370 3160 5453; x_wconf 78' lang='lat' dir='ltr'><strong><em>parochialis</em></strong></span> <span class='ocrx_word' id='word_1_244' title='bbox 3235 5373 3486 5436; x_wconf 85' lang='lat' dir='ltr'><strong><em>ecclesia</em></strong></span> <span class='ocrx_word' id='word_1_245' title='bbox 3560 5374 3632 5436; x_wconf 85' lang='lat' dir='ltr'><strong><em>in</em></strong></span> 
     </span>
    </p>
   </div>
   <div class='ocr_carea' id='block_1_17' title="bbox 789 5475 3633 5672">
    <p class='ocr_par' dir='ltr' id='par_1_18' title="bbox 789 5475 3633 5672">
     <span class='ocr_line' id='line_1_32' title="bbox 789 5475 3633 5563; baseline -0.001 -17"><span class='ocrx_word' id='word_1_246' title='bbox 789 5477 1132 5562; x_wconf 72' lang='lat' dir='ltr'><strong><em>„Maraeu”</em></strong></span> <span class='ocrx_word' id='word_1_247' title='bbox 1168 5479 1222 5562; x_wconf 89' lang='grc'><strong><em>1)</em></strong></span> <span class='ocrx_word' id='word_1_248' title='bbox 1287 5485 1347 5541; x_wconf 87' lang='lat' dir='ltr'><strong><em>et</em></strong></span> <span class='ocrx_word' id='word_1_249' title='bbox 1404 5484 1789 5562; x_wconf 85' lang='lat' dir='ltr'><strong><em>perpetuum</em></strong></span> <span class='ocrx_word' id='word_1_250' title='bbox 1863 5475 2179 5563; x_wconf 77' lang='lat' dir='ltr'><strong><em>quoddam</em></strong></span> <span class='ocrx_word' id='word_1_251' title='bbox 2253 5475 2614 5557; x_wconf 82' lang='lat' dir='ltr'><strong><em>beneficium</em></strong></span> <span class='ocrx_word' id='word_1_252' title='bbox 2680 5478 2750 5540; x_wconf 88' lang='lat' dir='ltr'><strong><em>in</em></strong></span> <span class='ocrx_word' id='word_1_253' title='bbox 2818 5478 3070 5541; x_wconf 86' lang='lat' dir='ltr'><strong><em>ecclesia</em></strong></span> <span class='ocrx_word' id='word_1_254' title='bbox 3139 5477 3206 5540; x_wconf 84' lang='lat' dir='ltr'><strong><em>S.</em></strong></span> <span class='ocrx_word' id='word_1_255' title='bbox 3278 5477 3633 5542; x_wconf 81' lang='lat' dir='ltr'><strong><em>Salvatoris</em></strong></span> 
     </span>
     <span class='ocr_line' id='line_1_33' title="bbox 791 5583 3630 5672; baseline -0.001 -19"><span class='ocrx_word' id='word_1_256' title='bbox 791 5589 974 5672; x_wconf 83' lang='lat' dir='ltr'><strong><em>Traj.</em></strong></span> <span class='ocrx_word' id='word_1_257' title='bbox 1050 5624 1132 5635; x_wconf 90' lang='lat'>—</span> <span class='ocrx_word' id='word_1_258' title='bbox 1197 5585 1335 5650; x_wconf 89' lang='lat' dir='ltr'><strong><em>Pro</em></strong></span> <span class='ocrx_word' id='word_1_259' title='bbox 1395 5592 1669 5671; x_wconf 80' lang='lat' dir='ltr'><strong><em>utroque</em></strong></span> <span class='ocrx_word' id='word_1_260' title='bbox 1735 5586 2128 5669; x_wconf 85' lang='lat' dir='ltr'><strong><em>deputantur</em></strong></span> <span class='ocrx_word' id='word_1_261' title='bbox 2172 5590 2525 5647; x_wconf 74' lang='lat' dir='ltr'><strong><em>eaeecutores</em></strong></span> <span class='ocrx_word' id='word_1_262' title='bbox 2548 5630 2565 5664; x_wconf 89' lang='lat'>,</span> <span class='ocrx_word' id='word_1_263' title='bbox 2627 5585 2794 5647; x_wconf 84' lang='lat' dir='ltr'><strong><em>inter</em></strong></span> <span class='ocrx_word' id='word_1_264' title='bbox 2841 5603 2995 5667; x_wconf 80' lang='lat' dir='ltr'><strong><em>quos</em></strong></span> <span class='ocrx_word' id='word_1_265' title='bbox 3041 5583 3409 5648; x_wconf 81' lang='lat' dir='ltr'><strong><em>Everardus</em></strong></span> <span class='ocrx_word' id='word_1_266' title='bbox 3468 5583 3630 5649; x_wconf 87' lang='lat' dir='ltr'><strong><em>Foec</em></strong></span> 
     </span>
    </p>
   </div>
   <div class='ocr_carea' id='block_1_18' title="bbox 775 5691 3398 5890">
    <p class='ocr_par' dir='ltr' id='par_1_19' title="bbox 775 5691 3398 5890">
     <span class='ocr_line' id='line_1_34' title="bbox 784 5691 1356 5774; baseline -0.009 -14"><span class='ocrx_word' id='word_1_267' title='bbox 784 5696 1119 5760; x_wconf 87' lang='lat' dir='ltr'><strong><em>canonicus</em></strong></span> <span class='ocrx_word' id='word_1_268' title='bbox 1174 5691 1356 5774; x_wconf 84' lang='lat' dir='ltr'><strong><em>Traj.</em></strong></span> 
     </span>
     <span class='ocr_line' id='line_1_35' title="bbox 775 5827 3398 5890; baseline -0.003 0"><span class='ocrx_word' id='word_1_269' title='bbox 775 5831 866 5890; x_wconf 88' lang='lat' dir='ltr'><strong><em>H.</em></strong></span> <span class='ocrx_word' id='word_1_270' title='bbox 3321 5827 3398 5884; x_wconf 70' lang='lat'><strong><em>33</em></strong></span> 
     </span>
    </p>
   </div>
   <div class='ocr_carea' id='block_1_19' title="bbox 4446 2260 4449 2770">
    <p class='ocr_par' dir='ltr' id='par_1_20' title="bbox 4446 2260 4449 2770">
     <span class='ocr_line' id='line_1_36' title="bbox 4446 2260 4449 2770; baseline 0 0"><span class='ocrx_word' id='word_1_271' title='bbox 4446 2260 4449 2770; x_wconf 95' lang='lat' dir='ltr'><strong><em> </em></strong></span> 
     </span>
    </p>
   </div>
  </div>
 </body>
</html>
