4450 6684
1781 505 2184 570 Gnsoomus
2230 502 2352 567 XI.
3473 501 3598 564 193

530 730 795 812 existit,
862 735 1109 793 extunc
1174 729 1600 813 imposterum
1664 732 1885 790 essent
1948 724 2293 789 duodecim
2351 723 2648 788 canonici
2696 728 2764 787 et
2813 743 2982 787 unus
3017 724 3066 806 ยน)
3113 722 3438 805 decanus,
3487 723 3601 809 qui

530 836 662 901 illis
723 841 1019 922 preesset
1081 841 1149 899 et
1195 855 1329 897 una
1374 854 1522 898 cum
1571 832 1818 897 eisdem
1865 831 2193 896 canonicis
2241 830 2601 915 capitulum
2648 829 2924 910 faceret,
2988 835 3057 893 et
3103 828 3599 915 quatuordecim

534 942 903 1030 prebende,
968 962 1243 1028 quarum
1303 939 1517 1003 dictus
1580 938 1865 1003 decanus
1929 936 2090 1001 duas
2146 941 2214 1000 et
2264 936 2541 1021 quilibet
2589 956 2674 998 ex
2723 934 2970 999 eisdem
3017 936 3346 1000 canonicis
3393 956 3594 1001 unam

533 1049 901 1136 prebendas
946 1048 1253 1128 haberet,
1304 1052 1371 1110 et
1418 1067 1534 1132 pro
1582 1043 1739 1109 dote
1786 1042 2162 1128 hujusmodi
2210 1041 2691 1130 prebendarum
2731 1062 2848 1127 per
2889 1062 3001 1106 eos
3044 1042 3300 1107 noviter
3341 1044 3598 1109 ordina-

535 1160 748 1219 tarum
811 1160 879 1218 et
940 1157 1292 1238 augmento
1356 1150 1675 1215 dictarum
1740 1156 2018 1235 quatuor
2083 1147 2600 1234 prebendarum,
2666 1168 2940 1232 quarum
3005 1147 3269 1233 quidem
3314 1155 3597 1236 quatuor

532 1260 1015 1348 prebendarum
1076 1258 1361 1339 fructus,
1427 1256 1721 1321 redditus
1779 1261 1846 1319 et
1903 1262 2261 1342 proventus
2309 1255 2391 1319 ad
2440 1254 2726 1319 ducenta
2771 1260 2838 1317 et
2885 1256 3363 1340 quinquaginta
3411 1262 3597 1321 scuta

536 1367 677 1431 auri
726 1366 1090 1430 ascendunt
1137 1363 1505 1444 annuatim,
1555 1361 2089 1448 appropriarunt,
2138 1360 2495 1441 donarunt,
2547 1365 2885 1424 cesserunt
2933 1366 3001 1423 et
3040 1367 3357 1447 perpetuo
3392 1365 3594 1450 assig-

536 1480 777 1538 narunt
841 1472 1087 1538 eisdem
1151 1469 1436 1552 decano,
1503 1468 1833 1533 canonicis
1899 1475 1967 1533 et
2030 1469 2280 1554 capelle
2345 1468 2571 1554 predia
2630 1473 2698 1531 et
2761 1468 2999 1532 allodia
3063 1491 3136 1532 ac
3186 1469 3359 1534 bona
3406 1471 3604 1536 infra-

534 1582 809 1668 scripta,
866 1579 947 1644 ad
997 1578 1261 1643 eosdem
1309 1577 1542 1641 ducem
1590 1581 1657 1640 et
1704 1575 2025 1639 ducissam
2066 1576 2253 1659 justo
2304 1575 2495 1639 titulo
2545 1575 2985 1660 pertinencia,
3036 1596 3121 1639 ex
3167 1577 3403 1662 quibus
3452 1600 3596 1665 sep-

535 1687 836 1771 tingenta
893 1690 962 1751 et
1008 1685 1239 1770 viginti
1288 1689 1475 1747 scuta
1520 1682 1658 1747 auri
1707 1682 1979 1767 antiqua
2022 1682 2328 1767 perpetui
2375 1681 2669 1745 redditus
2715 1682 3165 1767 percipiuntur
3211 1686 3589 1770 annuatim,

532 1792 799 1877 plenum
837 1793 949 1875 jus
997 1790 1414 1876 proprietatis
1462 1794 1531 1853 et
1580 1787 1852 1868 dominii
1899 1808 1974 1851 ac
2022 1787 2327 1851 utilitatis
2375 1788 2457 1852 ad
2507 1787 2739 1851 ducem
2788 1793 2856 1851 et
2900 1787 3222 1852 ducissam
3265 1790 3594 1875 predictos

531 1897 601 1961 in
664 1884 821 1983 ipsis
882 1896 1126 1984 prediis
1191 1902 1258 1960 et
1319 1894 1576 1959 allodiis
1641 1915 1715 1958 ac
1778 1894 1966 1957 bonis
2032 1894 2370 1979 pertinens
2432 1895 2502 1957 in
2567 1892 2831 1958 eosdem
2893 1892 3214 1958 decanum
3278 1901 3345 1960 et
3406 1918 3599 1963 cano-

534 2003 716 2067 nicos
763 2023 838 2067 ac
886 2002 1203 2088 capellam
1250 2002 1513 2086 penitus
1561 1998 2051 2063 transferentes.
2129 1999 2461 2065 Videlicet
2510 1999 2840 2084 predium,
2891 2000 3064 2086 quod
3113 2004 3473 2088 vulgariter
3520 2006 3602 2071 de

532 2107 858 2172 Bankhen
904 2114 1353 2192 nuncupatur,
1404 2111 1472 2170 et
1518 2104 1696 2168 aliud
1744 2104 2044 2190 predium
2092 2105 2306 2170 eidem
2355 2106 2772 2189 contiguum,
2820 2114 3124 2171 vocatum
3171 2108 3252 2172 de
3301 2110 3593 2194 Andele,

534 2220 604 2278 et
649 2215 777 2279 alia
824 2221 1104 2299 quatuor
1149 2212 1377 2300 predia
1422 2211 1734 2299 predictis
1783 2210 2040 2275 duobus
2089 2213 2400 2297 contigua
2446 2217 2513 2276 et
2552 2212 2928 2276 immediate
2970 2213 3370 2298 adjacentia,
3421 2219 3599 2284 vide-

531 2321 687 2386 licet
735 2320 817 2387 de
865 2320 1585 2405 Groetevinckencamp
1610 2319 1694 2401 2),
1745 2318 1827 2383 de
1876 2318 2603 2406 Oleynevinckencamp
2629 2320 2712 2401 3),
2764 2319 2845 2383 de
2893 2321 3033 2406 Zijp
3083 2329 3150 2386 et
3198 2322 3280 2387 de
3330 2323 3604 2410 Campe-

533 2427 1003 2509 budenhecke,
1073 2425 1487 2492 confrontata
1549 2447 1590 2490 a
1634 2432 1820 2510 parte
1870 2425 2172 2489 orientali
2217 2425 2463 2511 prediis
2511 2426 2865 2491 arabilibus
2914 2430 3399 2494 communitatis
3447 2433 3600 2498 ville

531 2534 1015 2598 Arenecomitis
1088 2539 1156 2599 et
1226 2554 1266 2596 a
1333 2540 1519 2619 parte
1582 2531 1993 2595 meridionali
2054 2531 2196 2595 rivo
2265 2553 2382 2596 seu
2445 2533 2645 2596 fluvio
2705 2540 2935 2598 vocato
2984 2534 3171 2600 Mosa
3217 2543 3284 2601 et
3332 2559 3372 2601 a
3416 2545 3603 2623 parte

534 2639 925 2704 occidentali
993 2639 1277 2724 scopulis
1347 2638 1544 2702 maris
1614 2637 1862 2704 Oceani
1925 2645 1992 2702 et
2056 2660 2095 2702 a
2156 2645 2344 2723 parte
2407 2640 2906 2724 septentrionali
2969 2642 3157 2724 ville,
3220 2665 3347 2729 que
3395 2646 3602 2713 Zidde

535 2746 968 2810 communiter
1031 2751 1485 2831 nuncupatur,
1552 2765 1627 2808 ac
1689 2765 1908 2808 aream
1972 2765 2088 2808 seu
2152 2743 2464 2809 allodium
2527 2746 2727 2809 situm
2790 2747 2858 2810 in
2923 2748 3117 2832 opido
3184 2749 3266 2815 de
3329 2752 3604 2838 Leyden

532 2853 824 2938 parcium
884 2851 1276 2933 Hollandie,
1341 2851 1827 2915 confrontatum
1890 2851 2397 2936 circumquaque
2458 2851 2716 2915 fossatis
2779 2853 2983 2938 ipsius
3047 2855 3223 2941 opidi
3284 2865 3352 2923 et
3411 2866 3602 2925 extra

536 2957 651 3022 illa
697 2978 844 3022 cum
891 2958 1153 3023 careriis
1201 2958 1479 3044 publicis
1524 2958 1729 3044 ipsius
1778 2957 1992 3042 opidi,
2040 2977 2300 3022 necnon
2346 2957 2526 3022 aliud
2573 2958 2873 3044 predium
2921 2961 3119 3024 situm
3159 2963 3229 3026 in
3260 2968 3603 3050 parrochia

532 3065 614 3130 de
661 3065 1010 3149 Haerlem,
1058 3066 1417 3151 vulgariter
1464 3063 1546 3129 de
1594 3064 1906 3129 Perrieke
1954 3070 2440 3151 nuncupatum,
2487 3066 2971 3131 confrontatum
3002 3089 3042 3132 a
3072 3076 3258 3154 parte
3292 3073 3594 3139 orientali

532 3174 672 3238 rivo
743 3174 1175 3238 communiter
1244 3172 1326 3237 de
1398 3172 1651 3257 Speern
1719 3177 2137 3258 nuncupate,
2210 3193 2251 3234 a
2317 3178 2504 3256 parte
2575 3192 2728 3236 vero
2805 3174 3214 3240 meridionali
3288 3179 3450 3244 silve
3520 3180 3603 3247 de

527 3279 843 3344 Haerlem
906 3285 974 3344 et
1036 3301 1075 3343 a
1135 3285 1320 3365 parte
1382 3277 1771 3343 occidentali
1819 3280 1922 3343 vie
1969 3277 2266 3364 publice,
2317 3300 2446 3364 qua
2491 3278 2625 3343 itur
2671 3278 2752 3342 ad
2802 3280 3031 3345 silvam
3078 3283 3474 3370 predictam,
3524 3294 3594 3353 et

528 3407 569 3450 a
611 3392 799 3473 parte
846 3386 1211 3471 aquilonari
1256 3385 1516 3450 fossatis
1565 3384 1742 3470 opidi
1782 3384 2126 3466 Haerlem,
2177 3406 2253 3449 ac
2301 3386 2509 3450 eciam
2557 3386 2887 3472 predium,
2930 3388 3127 3452 situm
3159 3390 3226 3454 in
3259 3395 3601 3478 parrochia

529 3491 613 3557 de
659 3491 925 3575 Gouda,
973 3490 1147 3578 quod
1197 3491 1321 3555 fuit
1366 3490 1698 3577 quondam
1746 3490 2087 3555 Wilhelmi
2133 3491 2216 3555 de
2266 3492 2478 3578 Tuyle
2527 3492 2752 3556 militis
2801 3500 2868 3557 et
2916 3493 2997 3558 ad
3047 3495 3311 3561 eosdem
3360 3499 3593 3565 ducem

530 3604 600 3664 et
646 3599 971 3663 ducissam
1018 3619 1135 3684 per
1169 3598 1375 3685 ipsius
1410 3598 1635 3662 militis
1670 3597 1922 3661 obitum
1955 3597 2248 3682 legitime
2284 3600 2513 3663 extitit
2546 3598 2961 3684 devolutum,
3011 3602 3184 3686 quod
3221 3606 3606 3672 extenditur

527 3705 598 3768 in
667 3705 938 3789 longum
989 3706 1188 3788 juxta
1239 3704 1487 3784 rivum,
1547 3703 1783 3767 Gouda
1829 3703 2263 3767 communiter
2309 3706 2747 3790 appellatum,
2798 3713 2867 3770 et
2914 3728 3061 3771 cum
3108 3709 3252 3773 aliis
3301 3714 3602 3779 confron-

530 3811 899 3876 tacionibus
946 3811 1171 3897 ipsius.
1244 3810 1332 3873 Et
1378 3810 1647 3894 insuper
1693 3808 2020 3873 donarunt
2055 3815 2122 3873 et
2155 3810 2573 3895 assignarunt
2605 3811 2743 3875 dux
2777 3818 2843 3876 et
2877 3812 3137 3878 ducissa
3167 3816 3447 3902 predicti
3479 3841 3597 3905 pro

537 3923 892 4003 augmento
954 3924 1021 3980 et
1067 3937 1184 4004 pro
1235 3914 1389 3981 dote
1436 3915 1813 4001 hujusmodi
1861 3915 2147 3979 ducenta
2195 3923 2381 3979 scuta
2427 3917 2568 3980 auri
2615 3918 2886 4003 antiqua
2932 3922 3271 3985 annuatim
3316 3923 3387 3987 in
3435 3925 3603 3990 festo

529 4024 712 4088 beati
759 4023 1026 4088 Martini
1073 4023 1347 4108 yemalis
1394 4023 1544 4107 (sic)
1588 4022 1669 4085 de
1715 4021 1938 4104 bonis,
1992 4012 2179 4086 terris
2213 4027 2282 4085 et
2313 4022 2557 4108 prediis
2591 4023 2757 4105 suis,
2803 4025 3051 4088 vocatis
3083 4026 3607 4115 Vroenteghtest
3726 4033 3728 4036 โ

528 4129 824 4215 parcium
868 4129 1243 4193 Westfrisie
1290 4149 1409 4215 per
1454 4129 1631 4215 ipsos
1678 4127 1998 4193 decanum
2033 4133 2100 4192 et
2133 4128 2482 4192 canonicos
2517 4150 2557 4191 a
2590 4128 2992 4194 thesaurario
3027 4133 3388 4199 eorundem
3421 4136 3604 4202 ducis

531 4241 598 4300 et
663 4235 920 4300 ducisse
983 4241 1052 4300 et
1112 4256 1559 4300 successorum
1623 4256 1887 4299 suorum
1950 4234 2242 4320 parcium
2304 4234 2702 4299 Kenemarie
2765 4257 2882 4320 pro
2947 4242 3240 4322 tempore
3288 4240 3602 4308 levandos

530 4347 599 4405 et
661 4340 1117 4427 percipiendos
1180 4362 1254 4405 ac
1316 4361 1435 4428 per
1499 4340 1747 4405 dictum
1814 4340 2295 4404 thesaurarium
2359 4342 2428 4404 in
2495 4340 2669 4404 dicto
2718 4341 2885 4406 festo
2937 4342 3184 4407 eisdem
3233 4344 3484 4412 decano
3533 4357 3604 4414 et

531 4448 865 4512 canonicis
912 4446 1162 4512 dandos
1211 4453 1278 4512 et
1325 4446 1693 4512 solvendos.
1746 4446 2120 4510 Voluerunt
2167 4452 2390 4510 tamen
2440 4446 2576 4511 dux
2619 4452 2687 4510 et
2728 4445 2990 4512 ducissa
3030 4450 3378 4535 antedicti,
3429 4455 3606 4540 quod

532 4552 1060 4640 quandocunque
1109 4559 1366 4617 tantum
1415 4559 1483 4616 et
1530 4553 1808 4637 amplius
1856 4553 1926 4615 in
1975 4552 2118 4615 aliis
2167 4551 2356 4615 bonis
2405 4557 2476 4616 et
2518 4551 2798 4637 prediis,
2848 4553 3248 4637 redditibus,
3300 4561 3629 4626 censibus-

530 4681 648 4724 seu
695 4660 1120 4747 proventibus
1168 4659 1417 4724 eisdem
1465 4659 1712 4724 decano
1762 4663 1830 4722 et
1877 4658 2207 4722 canonicis
2255 4679 2386 4744 perฮ
2418 4657 2682 4722 eosdem
2731 4657 2964 4723 ducem
3012 4669 3080 4724 et
3126 4662 3449 4730 ducissam
3494 4676 3609 4733 aut

532 4766 809 4831 heredes
878 4766 983 4831 vel
1053 4787 1459 4831 successores
1532 4786 1759 4830 eorum
1830 4765 2260 4851 imposterum
2327 4765 2764 4850 assignatum,
2830 4765 3162 4852 traditums
3205 4791 3321 4835 seu
3379 4773 3608 4840 datum

533 4872 797 4936 realiter
856 4872 1026 4936 foret
1092 4878 1160 4936 et
1203 4872 1331 4958 ipsi
1379 4871 1667 4935 decanus
1716 4876 1783 4935 et
1831 4871 2126 4935 canonici
2175 4870 2258 4934 de
2302 4870 2429 4934 hoc
2476 4870 2692 4935 forent
2740 4874 3073 4956 contenti,
3132 4876 3306 4960 quod
3356 4886 3603 4946 extunc

534 4975 671 5041 dux
734 4983 801 5041 et
863 4975 1122 5042 ducissa
1184 4998 1259 5041 ac
1323 4976 1600 5041 heredes
1666 4983 1733 5041 et
1790 4996 2195 5041 successores
2246 4981 2314 5039 et
2361 4976 2806 5040 thesaurarius
2854 4977 3130 5062 predicti
3178 5002 3217 5044 a
3264 4983 3599 5051 solucione

535 5089 604 5146 et
669 5081 942 5176 dacione
1007 5082 1332 5147 dictorum
1392 5082 1823 5147 ducentorum
1891 5087 2224 5146 scutorum
2288 5083 2708 5167 antiquorum
2756 5085 3099 5147 annuatim
3147 5095 3368 5152 essent
3415 5091 3606 5157 liberi

536 5194 605 5251 et
650 5189 914 5273 penitus
961 5189 1282 5270 absoluti,
1322 5190 1434 5274 jus
1482 5187 1906 5274 presentandi
1953 5188 2245 5273 ydoneas
2292 5208 2608 5273 personas
2651 5187 2897 5252 eisdem
2931 5187 3179 5253 decano
3214 5199 3281 5257 et
3315 5198 3601 5282 capitulo

536 5293 620 5358 ad
667 5294 1049 5380 hujusmodi
1094 5294 1463 5382 prebendas
1514 5294 1689 5360 dicto
1738 5293 1889 5360 duci
1937 5300 2006 5358 et
2049 5292 2407 5358 heredibus
2452 5314 2528 5357 ac
2571 5293 3053 5357 successoribus
3088 5298 3223 5360 suis
3257 5301 3603 5367 comitibus

534 5400 892 5466 Hollandie
962 5422 1081 5488 pro
1154 5407 1447 5488 tempore
1520 5406 1841 5489 perpetuo
1913 5400 2297 5483 retinendo,
2364 5422 2439 5464 ac
2503 5400 2818 5464 nonnulla
2881 5400 3009 5464 alia
3071 5403 3242 5468 circa
3287 5411 3604 5491 premissa

538 5512 913 5571 statuerunt
975 5512 1045 5572 et
1111 5507 1501 5572 ordinarunt
1561 5509 1716 5572 licet
1774 5507 1854 5572 de
1902 5508 2108 5590 facto,
2172 5513 2368 5593 prout
2412 5507 2483 5570 in
2529 5505 2765 5570 litteris
2813 5509 3201 5571 auctenticis
3250 5512 3401 5596 (sic)
3449 5515 3601 5579 inde

540 5611 856 5677 confectis
904 5611 1227 5677 dictorum
1276 5613 1458 5678 ducis
1508 5620 1577 5678 et
1624 5612 1881 5678 ducisse
1930 5612 2161 5697 sigillis
2193 5612 2467 5676 munitis
2499 5611 2756 5697 plenius
2787 5612 3183 5677 continetur.
3233 5616 3454 5691 Quare
3485 5641 3603 5704 pro

758 5747 848 5807 11.
3310 5753 3388 5808 25
