4450 6684
1859 545 2193 612 Ummms
2238 543 2325 609 V.
3505 536 3636 600 12⁹

562 768 958 857 prudenter,
1003 788 1126 833 nos
1172 772 1478 853 gerentes
1524 771 1876 854 propterea
1921 765 2004 830 de
2055 762 2541 831 tue·fidelitatis
2572 768 2641 828 et
2671 761 3271 848 circumspectionis
3302 761 3627 828 industria

560 874 870 940 fiduciam
929 875 1001 939 in
1062 873 1349 939 Domino
1416 872 1767 960 specialem
1833 877 1901 936 et
1965 875 2305 958 sperantes
2328 918 2346 953 ,
2411 868 2583 956 quod
2636 890 2751 952 ea,
2817 889 2945 954 que
2993 868 3113 933 tibi
3162 867 3468 933 decetero
3516 889 3638 954 per

561 980 787 1048 sedem
834 982 1329 1046 committentur
1376 979 1687 1060 eandem,
1736 977 2120 1064 diligentius
2168 983 2238 1042 et
2282 975 2679 1041 laudabilius
2725 975 3104 1061 exequeris,
3151 981 3219 1039 te
3259 973 3330 1038 in
3367 973 3616 1040 eisdem

561 1088 830 1152 civitate
878 1093 947 1152 et
992 1085 1238 1151 diocesi
1283 1084 1821 1171 Trajectensibus
1870 1083 2044 1150 dicte
2092 1083 2268 1149 sedis
2302 1084 2609 1147 nuntium
2641 1086 2709 1146 et
2740 1081 3158 1146 collectorem
3190 1080 3627 1167 apostolicum

561 1214 771 1280 usque
818 1191 900 1258 ad
949 1196 1247 1257 nostrum
1294 1191 1782 1279 beneplacitum
1832 1191 2226 1255 auctoritate
2276 1188 2638 1276 apostolica
2683 1188 3179 1270 constituimus,
3234 1186 3509 1251 facimus
3556 1193 3627 1252 et

563 1299 963 1379 ordinamus,
1014 1298 1135 1363 tibi
1180 1319 1299 1385 per
1346 1302 1413 1364 te
1461 1298 1568 1363 vel
1613 1298 1812 1363 alium
1860 1318 1977 1363 seu
2023 1297 2186 1362 alios
2234 1296 2364 1362 fide
2413 1300 2482 1361 et
2526 1295 2949 1360 facultatibus
2980 1294 3275 1381 ydoneos
3305 1294 3614 1381 petendi,

566 1406 875 1493 exigendi
924 1412 993 1471 et
1038 1405 1401 1492 recipiendi
1444 1410 1670 1470 nostro
1719 1410 1788 1470 et
1832 1405 2039 1491 ipsius
2080 1425 2337 1470 camere
2370 1410 2438 1468 et
2470 1402 2745 1469 ecclesie
2776 1403 3079 1468 Romane
3111 1404 3377 1470 nomine
3410 1404 3632 1468 omnia

567 1521 635 1581 et
700 1515 958 1601 singula
1020 1534 1124 1579 res
1171 1520 1239 1578 et
1285 1514 1462 1578 bona
1508 1512 1699 1578 nobis
1747 1518 1817 1578 et
1863 1512 2139 1578 ecclesie
2189 1512 2489 1577 Romane
2537 1532 2613 1575 ac
2661 1531 2916 1576 camere
2966 1511 3324 1596 apostolice
3371 1512 3625 1598 prefate

564 1621 636 1685 in
684 1619 931 1686 eisdem
978 1619 1246 1685 civitate
1294 1625 1362 1684 et
1412 1617 1662 1683 diocesi
1708 1617 2248 1703 Trajectensibus
2300 1636 2691 1703 quacunque
2740 1617 3000 1681 racione
3041 1617 3147 1681 vel
3178 1637 3375 1683 causa
3407 1616 3635 1683 debita

567 1732 636 1792 et
698 1725 1001 1791 debenda
1061 1726 1332 1790 inantea
1393 1724 1499 1790 vel
1560 1722 1643 1787 ad
1709 1745 1828 1788 nos
1891 1745 2008 1789 seu
2071 1722 2155 1787 ad
2219 1743 2332 1788 eas
2395 1742 2571 1786 nunc
2618 1727 2687 1786 et
2731 1722 3139 1808 inposterum
3184 1723 3625 1807 pertinencia,

566 1852 955 1918 quecunque
976 1880 993 1915 ,
1060 1836 1481 1917 quotcunque
1545 1834 1615 1896 et
1679 1830 2156 1916 qualiacunque
2221 1828 2501 1909 fuerint,
2565 1834 2669 1910 et,
2735 1828 2788 1893 si
2837 1849 3107 1893 necesse
3152 1827 3384 1911 fuerit,
3433 1852 3633 1919 super

570 1939 666 2004 eis
735 1935 1206 2023 componendi,
1267 1934 1674 2022 transigendi
1739 1941 1808 2000 et
1868 1934 2246 2021 paciscendi
2309 1954 2569 1999 necnon
2630 1934 3142 1999 contradictores
3191 1935 3517 2021 quoslibet
3565 1942 3633 2002 et

567 2043 882 2126 rebelles,
952 2044 1400 2128 cujuscunque
1472 2048 1717 2124 status,
1789 2041 2068 2128 gradus,
2145 2039 2392 2105 ordinis
2415 2089 2433 2124 ,
2505 2039 2907 2104 condicionis
2979 2040 3085 2104 vel
3151 2042 3635 2127 preeminencie

564 2149 840 2224 fuerint,
889 2150 1086 2215 etiam
1136 2148 1189 2213 si
1228 2148 1589 2234 pontificali
1624 2148 1733 2213 vel
1778 2149 2007 2234 quavis
2049 2147 2179 2212 alia
2217 2147 2660 2213 ecclesiastica
2703 2147 2809 2211 vel
2846 2146 3180 2213 mundana
3215 2149 3633 2235 prefulgeant

568 2252 920 2340 dignitate,
961 2255 1352 2320 auctoritate
1391 2259 1617 2319 nostra
1645 2274 1763 2340 per
1793 2274 2135 2318 censuram
2169 2253 2709 2335 ecclesiasticam,
2747 2252 3187 2339 appellatione
3218 2255 3615 2340 postposita,

569 2360 1026 2446 compescendi
1085 2380 1343 2424 necnon
1417 2359 1500 2424 de
1562 2359 1844 2447 receptis
1893 2357 2192 2446 quitandi
2243 2364 2311 2424 et
2359 2358 2774 2442 absolvendi,
2832 2380 2967 2423 non
3014 2360 3428 2426 obstantibus
3477 2383 3629 2427 con-

567 2466 1029 2530 stitucionibus
1090 2467 1431 2530 contrariis
1496 2465 1997 2551 quibuscunque
2051 2510 2067 2527 .
2095 2513 2110 2528 .
2141 2510 2158 2528 .
2189 2512 2204 2527 .
2266 2465 2662 2528 auctoritate
2708 2463 3006 2550 predicta
3049 2466 3431 2534 facultatem
3478 2488 3632 2533 con-

572 2570 881 2636 cedimus.
978 2570 1087 2636 Sic
1156 2571 1359 2656 igitur
1428 2571 1499 2634 in
1569 2570 1902 2656 premissis
1967 2569 2356 2655 diligentem
2423 2569 2700 2635 sonicite
2766 2575 2834 2634 et
2894 2569 3178 2635 fideliter
3238 2578 3306 2637 te
3352 2573 3636 2659 habeas,

574 2676 748 2763 quod
811 2676 984 2764 apud
1046 2697 1169 2741 nos
1231 2677 1465 2741 merito
1530 2675 1972 2742 commendari
2030 2676 2251 2741 valeas
2299 2681 2720 2762 nostramque
2767 2681 2836 2743 et
2883 2677 3057 2742 dicte
3104 2678 3279 2744 sedis
3325 2680 3634 2748 benedic-

567 2781 815 2848 tionem
859 2782 1125 2848 uberius
1172 2783 1483 2868 consequi
1531 2783 1859 2848 merearis.
1909 2783 2061 2846 Dat.
2110 2781 2473 2865 Avinione,
2525 2781 2700 2847 XIII
2744 2783 2857 2850 Kl.
2904 2783 3153 2869 Martii,
3203 2787 3626 2872 pontificatus

570 2887 778 2952 nostri
823 2909 995 2953 anno
1043 2889 1274 2976 primo.
2042 2908 2048 2915 ·

991 3024 1213 3089 Duplum
1247 3024 1593 3088 apographum
1626 3023 1681 3072 in
1712 3023 2045 3073 instrumento
2071 3024 2305 3088 publico,
2342 3025 2444 3073 ὥ.ὥ.
2479 3024 2546 3074 16
2586 3025 2816 3075 Octobris
2849 3041 2933 3075 an.
2969 3024 3125 3088 1366,
3162 3043 3259 3090 quo
3298 3028 3561 3078 Germ-du
3595 3031 3658 3079 ὥσ

935 3107 1070 3157 Vena
1116 3107 1398 3157 Johannm
1439 3107 1502 3155 ὥσ
1546 3106 1844 3155 Boeincliem
1874 3122 2018 3156 mum
2050 3107 2316 3156 constituit
2350 3108 2748 3157 subcollectorem
2757 3131 2779 3166 ,-
2831 3108 3069 3158 similiter
3101 3110 3157 3158 in
3190 3111 3519 3163 instrumento
3543 3129 3650 3178 pu-

922 3190 1076 3254 blico,
1111 3192 1215 3241 ὥ.ὥ.
1248 3190 1316 3241 13
1347 3189 1632 3239 Decembris
1664 3191 1881 3254 ejusdem
1914 3190 2064 3252 anni,
2101 3206 2196 3254 quo
2234 3191 2495 3241 Johannes
2527 3192 2590 3240 ὥσ
2613 3191 2912 3241 Boeinchem
2931 3197 3142 3242 curatus
3177 3194 3374 3244 Veteris
3396 3195 3655 3247 Ecclesiae

923 3274 1293 3336 Bauzanum,
1337 3276 1614 3338 perpetum
1658 3273 1715 3321 iu
1754 3271 1960 3322 ecelesia
2015 3275 2158 3337 Praj.
2203 3273 2451 3337 viem-iae,
2502 3275 2756 3337 declarat,
2794 3291 2829 3322 a
2862 3276 3049 3324 decano
3083 3280 3133 3323 et
3163 3278 3389 3340 capitulo
3423 3280 3658 3329 ecclesiae

935 3358 1074 3422 Traj.
1111 3358 1368 3406 occasione
1390 3358 1666 3421 fructum
1689 3357 2092 3420 praebendarum
2128 3362 2179 3406 et
2210 3360 2660 3422 supplementorum
2700 3359 3007 3408 Gbiselberti
3041 3360 3149 3409 Koe
3182 3365 3232 3408 et
3258 3362 3564 3413 Ghiwlberti
3595 3365 3659 3413 de

925 3440 1038 3490 Ziza
1069 3441 1286 3505 ejusden
1318 3440 1554 3490 eeclesiae
1585 3440 1934 3490 canonicorum
1957 3456 2061 3504 pro
2094 3457 2297 3491 camera
2330 3442 2612 3506 apostolica
2644 3458 2696 3491 ee
2727 3442 2969 3506 recepisse
3002 3441 3068 3493 89
3102 3443 3262 3493 librae
3296 3449 3348 3494 et
3370 3444 3439 3495 13
3459 3446 3651 3496 solidos

913 3539 1204 3589 parvorum.
1240 3525 1397 3575 Ari-lt.
1424 3539 1572 3588 prov.
1620 3524 1816 3589 Ultraj.
1851 3525 1916 3573 D.
1950 3522 2052 3573 556
2085 3528 2135 3573 et
2166 3523 2294 3589 563,
2329 3525 2385 3574 in
2419 3525 2617 3575 chartis
2647 3525 2985 3576 membraneis.

571 4028 760 4095 1746.
1521 4027 1733 4109 1363,
1780 4025 2128 4090 Februarii
2172 4025 2292 4107 26,
2340 4024 2704 4088 Avenionis.

890 4181 1181 4264 Officiali
1248 4180 1639 4264 TraJeetensi
1696 4180 1940 4243 intuitu
2004 4177 2331 4242 Johannis
2384 4176 2492 4259 (de
2535 4177 2777 4261 Arkel)
2822 4179 3096 4263 episcopi
3127 4201 3256 4264 pro
3302 4184 3633 4266 capellano

798 4309 911 4353 suo
977 4289 1403 4373 supplicantis
1469 4285 1857 4367 mandatur,
1926 4292 2001 4348 ut
2069 4283 2364 4348 Johanm‘
2430 4283 2507 4347 de
2570 4282 2801 4368 Steyne
2860 4287 3154 4348 canonico
3203 4287 3634 4373 praebendato

797 4396 1082 4461 eeclesiae
1136 4393 1317 4478 Traj.
1365 4392 1442 4456 cle
1485 4392 1918 4478 supplemento
1964 4392 2034 4454 in
2080 4389 2292 4454 eadem
2339 4390 2595 4454 ecclesia
2629 4390 2964 4475 provideri
3005 4389 3230 4473 faciat.

796 4574 1088 4660 Dignum
1134 4573 1543 4639 arbitramur.
1570 4619 1587 4637 .
1616 4620 1633 4636 .
1660 4617 1679 4637 .
1725 4572 1876 4636 Dat.
1927 4571 2296 4655 Avinione,
2347 4571 2492 4637 ΠΙΙ
2536 4572 2649 4638 Kl.
2697 4572 2962 4658 Marcii,
3012 4596 3184 4641 anno
3236 4581 3464 4664 primo.

994 4709 1118 4773 περ.
1153 4711 1250 4759 Ao.
1296 4710 1351 4759 T.
1387 4708 1448 4770 4,
1474 4709 1532 4770 f.
1564 4705 1705 4757 3552

580 5168 756 5235 1747.
1564 5168 1765 5249 1363,
1812 5167 2070 5252 Aprilis
2117 5167 2240 5249 20,
2287 5168 2655 5235 Avenionis.

884 5322 1181 5387 Amoldo
1243 5321 1319 5385 cle
1378 5320 1750 5386 Davantria
1810 5319 2235 5402 conferuntur
2269 5327 2628 5405 perpetuae
2670 5321 3065 5406 capellaniae
3110 5322 3180 5385 in
3225 5322 3481 5388 ecelesia
3513 5346 3640 5409 pa-

799 5429 1075 5494 rochiali
1138 5428 1566 5493 Arnhemensi
1631 5433 1692 5491 et
1756 5428 1827 5490 in
1896 5425 2225 5511 Gasperde
2261 5426 2312 5510 1)
2390 5426 2572 5509 Traj.
2638 5427 2826 5493 dioec.
2848 5475 2867 5510 ,
2937 5448 3099 5513 quas
3159 5448 3303 5491 eum
3371 5427 3640 5494 Weeselo

810 5534 1034 5605 Tanke
1081 5556 1211 5621 pro
1259 5534 1635 5619 parochiali
1678 5533 1931 5597 ecclesia
1976 5533 2045 5597 in
2095 5531 2422 5617 Gasperde
2456 5534 2720 5618 putavit
2751 5533 3240 5618 permutanda-3.
3291 5570 3375 5583 —
3424 5534 3641 5621 Depu-

806 5649 1028 5707 tantur
1070 5647 1439 5705 executores,

801 5780 891 5843 Π.
3351 5778 3423 5837 17
