4450 6684
886 478 1020 543 314
1920 476 2266 543 Annum
2314 495 2394 543 m·
2441 477 2918 545 cosmosum.

1116 748 1132 764 .
1161 747 1177 764 .
1208 746 1224 763 .
1252 746 1269 764 .
1318 699 1472 764 Dat.
1519 698 1886 781 Avinione,
1934 698 2141 764 VIIII
2187 699 2298 765 Kl.
2347 700 2666 787 Augusti,
2711 722 2886 768 anno
2933 702 3184 789 quinto.

1112 804 1201 871 In
1245 827 1295 871 e.
1344 827 1406 871 m
1411 853 1604 873 .....
1656 806 1877 871 comiti
1924 806 2234 873 Hauonie
2281 823 2494 886 (necnon
2526 823 2650 875 aliis
2681 824 2975 889 quibusdam
3001 825 3318 891 principibus
3350 831 3398 876 at
3429 824 3794 891 praesulibus).

1310 923 1437 988 ch.
1484 924 1602 974 Vat.
1646 925 1778 974 Toni.
1811 921 1935 982 ⁴239.
1961 925 2022 987 s.
2059 921 2176 975 164.
3393 981 3398 986 ,

1322 1006 1602 1073 Ver-uby
1636 1007 1895 1071 Ercorpta
1927 1007 1988 1056 η’
2020 1003 2162 1057 ὧν.
2235 1006 2455 1058 Initium
2493 1007 2549 1058 iu
2586 1007 2844 1074 Registris
2879 1009 3082 1061 archivi
3118 1009 3233 1061 Vat.
3269 1011 3467 1061 frustra
3500 1011 3823 1076 quaesitum.

887 1510 1090 1580 8289.
1142 1509 1434 1590 (ussum)
1888 1514 2089 1597 1357,
2140 1513 2422 1579 Octobris
2471 1516 2543 1598 1,
2589 1515 2952 1580 Avenionis.

1206 1665 1560 1751 Philippus
1625 1668 1949 1752 episcopus
2017 1667 2463 1733 Gavallicensis
2527 1669 2906 1754 apostolicae
2949 1668 3113 1733 sedis
3159 1670 3427 1733 nuncius
3472 1667 3830 1733 destinatur
3879 1670 3968 1734 ad

1123 1772 1551 1856 Trevirenses,
1616 1772 2162 1859 Moyuntinenses,
2231 1773 2658 1857 Colonienses,
2719 1773 3122 1856 Bremenses,
3187 1772 3754 1860 Maydeburqenses
3815 1776 3967 1840 civi-

1116 1885 1304 1961 tates,
1366 1879 1661 1943 dioeceses
1705 1887 1765 1942 et
1798 1881 2198 1964 provincias,
2249 1887 2323 1943 ut
2369 1879 2765 1945 cathedrales
2810 1879 2898 1944 ibi
2941 1881 3226 1944 ecclesias
3270 1899 3614 1965 earumque
3647 1901 3960 1965 personas

1113 1987 1318 2050 visitet
1362 1992 1422 2050 et
1467 2007 1629 2072 quae
1674 1988 1742 2050 in
1790 1986 2008 2050 iisdem
2054 1986 2470 2067 reformanda
2515 1989 2822 2073 repererit
2868 1987 3187 2070 reformet.

984 2194 989 2198 ·
1111 2169 1295 2235 Inter
1342 2175 1595 2254 cetera,
1647 2170 1904 2257 quibus.
1932 2217 1949 2234 .
1976 2217 1993 2235 .
2022 2217 2037 2235 .
2130 2171 2287 2236 Dat.
2333 2171 2701 2254 Avinione,
2753 2170 2863 2236 Kl.
2912 2171 3251 2254 Octobris,
3300 2192 3474 2238 anno
3521 2173 3782 2260 quinto.

1310 2288 1435 2351 Beq.
1481 2288 1601 2338 ναί.
1645 2289 1779 2339 Tom.
1814 2286 1941 2350 239,
1968 2289 2026 2352 s.
2064 2286 2179 2338 22⁴.

1322 2370 1604 2437 Weruuky
1640 2371 1901 2436 Excerpta
1935 2369 1993 2420 η’
2025 2370 2169 2421 463*.

892 2858 1098 2928 2290.
1149 2858 1444 2939 (1591101)
1903 2863 2095 2943 1357,
2147 2860 2430 2926 Octobris
2480 2862 2551 2943 1,
2600 2860 2961 2926 Avenionis.

1213 3019 1633 3100 Trevirensis,
1680 3016 2220 3103 Moyuntinensis,
2265 3015 2678 3098 Coloniensis,
2717 3014 3107 3099 Bremensis,
3149 3013 3739 3102 Maydeburyensis,
3781 3015 3970 3080 Sale·

1118 3127 1442 3213 burqensis
1504 3124 1958 3209 archiepiscopi
2017 3142 2356 3207 eorumque
2414 3122 2816 3208 suffraqanei
2875 3144 3111 3187 necnon
3158 3142 3474 3207 personae
3517 3123 3967 3188 ecclesiasticae

1107 3232 1460 3319 praedictis
1516 3234 1586 3296 in
1630 3231 1980 3316 provinciis
2036 3230 2446 3312 constitutae,
2505 3231 2742 3315 quippe
2784 3231 2899 3317 qui
2930 3228 3188 3315 pridem
3232 3227 3618 3310 subsidium,
3666 3228 3838 3315 quod
3880 3228 3970 3293 ad

1119 3341 1282 3404 duas
1316 3340 1804 3424 procurationes
1850 3336 2234 3419 ascenderet,
2282 3336 2358 3400 de
2403 3335 2754 3401 redditibus
2791 3338 2925 3400 sui-s
2960 3336 3211 3401 domino
3250 3336 3478 3421 Papae
3516 3336 3971 3402 concedendum

1106 3452 1533 3533 putaverant,
1603 3443 1682 3508 ab
1737 3446 1906 3508 omni
1939 3444 2397 3529 procuratione
2443 3443 2593 3508 Sedi
2637 3444 3041 3531 Apostolicae
3084 3443 3382 3509 solvenda
3427 3464 3626 3530 usque
3669 3444 3758 3508 ad
3802 3443 3970 3508 bien-

1118 3554 1295 3618 nium
1341 3550 1774 3616 absolvuntur.

1120 3734 1282 3801 Cum
1333 3733 1587 3820 pridem
1632 3732 2128 3820 compatientes.
2157 3778 2173 3795 .
2199 3778 2216 3795 .
2246 3777 2265 3796 .
2330 3731 2481 3797 Dat.
2531 3733 2892 3814 Avinione,
2940 3731 3051 3797 Kl.
3104 3731 3438 3814 Octobris,
3488 3752 3661 3798 anno
3709 3732 3966 3819 quinto.

1316 3853 1435 3916 Req.
1484 3852 1603 3901 Vat.
1648 3848 1785 3901 Tam.
1820 3848 1942 3913 239,
1970 3851 2029 3914 f,
2066 3848 2182 3900 226.

1326 3936 1607 4001 Worunsky
1642 3935 1903 4000 Emer-pta
1937 3935 1993 3983 κο
2027 3932 2169 3984 mv.

2126 4199 2708 4206 ——-.——-——-

894 4425 1091 4493 2291.
1140 4424 1392 4505 (9691210
1845 4425 2058 4506 1339,
2105 4422 2451 4488 Februarii
2497 4427 2577 4508 6,
2625 4424 2989 4489 Avenionis.

1210 4577 1447 4643 Abbati
1501 4576 1568 4641 S.
1618 4577 1825 4641 Pauli
1876 4575 2061 4660 Traj.
2109 4575 2488 4660 mandatur,
2552 4584 2624 4640 ut
2671 4575 2987 4662 quidquid
3031 4576 3107 4640 de
3153 4575 3325 4641 bonis
3371 4577 3656 4641 ecclesiae
3701 4576 3965 4659 majoris

1130 4685 1311 4766 Traj.
1382 4685 1604 4748 illicite
1674 4684 2023 4748 alienatum
2089 4685 2397 4747 invenerit
2463 4684 2562 4747 vel
2630 4683 3042 4766 distractum,
3105 4682 3193 4747 ad
3232 4683 3355 4767 jus
3414 4690 3472 4747 et
3510 4684 3969 4768 proprietatem

1121 4790 1393 4876 qusdem
1439 4791 1725 4862 ecclesiae
1773 4790 2041 4875 leyitime
2086 4809 2375 4853 revocare
2420 4797 2615 4854 curet.

1119 4972 1230 5040 Ad
1290 4970 1699 5038 audienciam
1761 4976 2072 5036 nostram.
2100 5018 2116 5034 .
2149 5018 2165 5035 .
2194 5017 2210 5035 .
2304 4971 2552 5036 Datum
2600 4970 2967 5053 Avinione,
3014 4970 3185 5036 VIII
3230 4969 3331 5035 Id.
3382 4970 3760 5054 Februarii,
3806 4961 4004 5057 pon?

893 5079 1181 5146 tificatus
1228 5079 1434 5145 nostri
1480 5098 1652 5144 anno
1699 5078 1951 5164 quinto.

1317 5196 1684 5261 Apoyraphum
1735 5209 1863 5244 saec.
1916 5193 2007 5242 XI
2024 5194 2075 5240 V
2115 5192 2171 5243 in
2219 5193 2385 5244 chart.
2437 5196 2504 5246 D.
2553 5193 2651 5245 267
2701 5192 2900 5245 archivi
2933 5207 3080 5258 prov.
3139 5194 3192 5241 U
3198 5194 3369 5260 ltraj„
3431 5193 3659 5244 Vidimus
3703 5193 3807 5244 dal.
3852 5191 3985 5244 1347

1246 5278 1526 5329 Decembris
1559 5277 1650 5342 15;
1686 5278 1904 5327 alterum
1936 5292 2062 5327 saec.
2100 5277 2222 5326 XV
2247 5278 2315 5328 D.
2347 5274 2472 5343 694,
2500 5278 2564 5342 s.
2601 5275 2643 5328 1.
2691 5275 2874 5328 Serius
2909 5276 3009 5328 hoc
3043 5276 3274 5341 diploma
3309 5277 3512 5342 reperi,
3547 5282 3608 5328 ut
3641 5276 3853 5342 proprio
3887 5290 3988 5328 suo

1246 5363 1358 5416 loco
1393 5362 1638 5414 collocari
1674 5365 1864 5426 posset.
