4450 6684
820 553 926 599 x11
2100 523 2592 589 Innonucrro.

820 755 1006 821 latim
1065 752 1264 818 fuisse
1311 749 1545 816 merito
1594 746 1834 813 dicitur
1862 747 1932 829 ¹).
2026 744 2283 832 Regem
2331 743 2559 832 utique
2607 741 2676 807 in
2728 737 3198 826 temporalibus
3246 756 3622 824 supremum
3671 736 3874 802 totius

822 857 1093 947 Imperii
1154 859 1387 943 caput,
1448 853 1647 919 immo
1713 851 1912 917 etiam
1966 849 2465 936 „imperatorem
2511 843 2783 911 mundi’'
2832 862 3059 909 omnes
3105 840 3482 908 credebant.
3574 840 3668 906 At
3715 860 3869 906 vero

823 966 895 1031 in
956 959 1242 1049 Imperio
1307 957 1679 1025 Christiano
1742 963 1878 1022 tam
1939 961 2139 1043 caput
2199 974 2396 1042 quam
2457 949 2717 1037 singula
2777 946 3068 1013 membra
3127 946 3197 1011 in
3243 943 3693 1033 spiritualibus
3738 945 3870 1030 legi

826 1069 1090 1136 divinae
1156 1067 1557 1152 Summoque
1616 1060 1928 1128 Pontifici
1994 1066 2326 1145 tamquam
2387 1056 2651 1123 Vicario
2714 1054 2956 1124 Christi
3020 1052 3284 1121 omnino
3346 1050 3645 1137 subJ‘ecta
3689 1070 3871 1133 esse,

827 1195 1022 1241 nemo
1069 1178 1227 1237 tunc
1272 1168 1517 1234 infitias
1562 1167 1721 1232 ibat.
1771 1164 1978 1232 Suum
2024 1164 2286 1251 utrique
2332 1163 2648 1249 potestati
2695 1182 2903 1248 aeque
2953 1160 3240 1227 tribuere
3289 1159 3551 1226 difficile
3597 1156 3871 1246 proinde

828 1299 964 1346 non
1035 1283 1213 1359 erat,
1286 1273 1596 1360 quamdiu
1670 1269 1830 1337 felix
1898 1269 2072 1334 inter
2136 1265 2588 1333 Sacerdotium
2650 1272 2720 1332 et
2780 1265 3137 1354 Imperium
3185 1263 3533 1330 concordia
3577 1263 3871 1330 florebat.

829 1382 1004 1463 Quid
1076 1386 1333 1462 autem,
1407 1397 1556 1442 cum
1628 1373 2033 1463 spiritualem
2102 1372 2277 1436 inter
2340 1375 2409 1436 et
2458 1370 2881 1457 temporalem
2926 1374 3325 1456 potestatem
3371 1367 3656 1434 infausta
3702 1375 3880 1435 esset

833 1495 1068 1560 exorta
1127 1480 1495 1549 discordia?
1560 1479 1924 1556 Quominus
1972 1476 2116 1542 Deo
2163 1474 2371 1560 magis
2419 1495 2613 1561 quam
2660 1473 3034 1539 hominibus
3081 1473 3426 1541 obedirent
3449 1475 3504 1557 2)
3552 1468 3876 1563 episcopi,

831 1595 1026 1664 nimis
1096 1588 1401 1656 obstabat
1466 1585 1699 1651 intima
1767 1601 1994 1649 eorum
2054 1578 2139 1645 ad
2199 1579 2447 1664 regiam
2507 1583 2904 1666 potestatem
2964 1577 3197 1644 relatio
3258 1599 3470 1667 eaque
3532 1579 3875 1667 multiplici

832 1700 1094 1767 vinculo
1160 1699 1514 1761 contracta.
1608 1687 1815 1752 Erant
1877 1685 2183 1750 nimirum
2244 1684 2534 1769 episcopi
2583 1703 2715 1748 non
2762 1681 2971 1748 solum
3010 1682 3469 1769 jurisdictione
3518 1684 3839 1771 spirituali
3859 1737 3877 1769 ,

833 1804 952 1873 sed
1016 1797 1356 1887 temporali
1422 1813 1681 1881 quoque
1727 1795 2055 1878 potestate
2100 1787 2415 1877 praediti;
2463 1792 2653 1852 erant
2696 1786 3030 1854 Ecclesiae
3075 1794 3399 1874 pastores,
3448 1788 3565 1855 sed
3611 1791 3879 1879 insuper

843 1906 1109 1994 Imperii
1156 1900 1521 1990 principes3
1579 1901 1766 1962 erant
1814 1894 2082 1960 Summo
2129 1892 2437 1958 Pontifici
2482 1897 2558 1956 ut
2611 1891 2972 1979 „Episcopo
3020 1892 3517 1979 episcoporum”
3565 1894 3878 1980 subJecti,

842 2012 959 2080 sed
1029 2010 1202 2095 regis
1272 2006 1471 2071 etiam
1541 2001 1835 2067 clientes.
1930 1995 2104 2073 Quid
2173 1997 2444 2080 mirum,
2508 1997 2564 2061 si
2623 1995 3021 2085 procedente
3086 2003 3378 2084 tempore
3441 1999 3510 2065 in
3557 2000 3878 2087 episcopis

843 2113 1193 2183 saecularis
1239 2107 1552 2197 principis
1598 2105 1934 2171 character
1979 2122 2137 2189 prae
2184 2101 2626 2167 ecclesiastica
2670 2100 2994 2188 dignitate
3024 2102 3408 2187 invaluerit3
3457 2102 3615 2191 quid
3647 2106 3880 2171 mirum

836 2221 1021 2301 dico,
1072 2219 1124 2282 si
1173 2216 1240 2280 in
1290 2208 1896 2278 tanto-discrimine
1942 2205 2311 2292 complures
2357 2204 2442 2269 ad
2480 2206 2686 2271 instar
2717 2205 2892 2271 Esau
2922 2226 3040 2293 pro
3073 2208 3413 2293 pulmento
3445 2209 3610 2294 regii
3640 2211 3878 2276 favoris

839 2323 1267 2413 opulentique
1314 2313 1679 2404 splendoris
1726 2311 2163 2398 primogenita
2208 2308 2542 2376 Ecclesiae
2580 2311 2735 2395 jura
2778 2309 3232 2377 vendiderint!

1064 2425 1373 2509 Eousque
1460 2439 1675 2485 rerum
1763 2422 2041 2483 eventus
2126 2414 2534 2501 pedetentim
2614 2413 3111 2498 conduxerunt3
3192 2416 3315 2498 „ab
3394 2417 3581 2483 initio
3659 2425 3882 2484 autem

841 2554 979 2601 non
1039 2530 1165 2594 fuit
1225 2525 1360 2591 sic”
1389 2525 1464 2607 3).
1558 2522 1764 2587 Erant
1824 2541 1981 2585 sane
2040 2519 2355 2585 ecclesiae
2401 2518 2877 2604 Ultrajectinae
2924 2518 3341 2603 fundatores,
3388 2521 3487 2587 uti
3536 2521 3603 2589 S.
3652 2522 3887 2589 Wille·

843 2634 1158 2716 brordus,
1233 2631 1300 2697 S.
1369 2626 1741 2695 Bonifatius
1812 2623 2053 2711 aliique
2122 2624 2407 2690 illustres
2469 2621 2811 2708 Evangelii
2875 2643 3234 2711 praecones
3296 2625 3472 2711 apud
3524 2626 3850 2714 Pepinum
3876 2677 3894 2712 ,

844 2740 1150 2809 Carolum
1227 2732 1639 2813 Martellum,
1719 2728 2228 2796 carlomannum
2307 2728 2706 2795 Francorum
2785 2749 2975 2814 reges
3052 2749 3249 2814 quam
3318 2729 3704 2816 gratissimi,
3776 2733 3891 2799 sed

844 2844 1109 2913 interim
1159 2838 1314 2906 Sedi
1362 2834 1817 2923 Apostolicae,
1866 2853 1906 2898 a
1952 2853 2083 2919 qua
2127 2853 2198 2896 se
2245 2833 2315 2897 in
2360 2831 2642 2897 Vineam
2688 2833 2920 2897 missos
2967 2834 3202 2919 cuique
3250 2835 3513 2919 penitus
3560 2837 3891 2923 subJectos

847 2973 918 3018 se
966 2968 1111 3015 esse
1158 2942 1635 3030 gloriabantur,
1684 2937 1878 3003 corde
1926 2943 2125 3023 atque
2174 2956 2286 3002 ore
2334 2934 2577 3002 devoti.
2635 2936 2869 3023 Neque
2919 2938 3116 3007 etiam
3162 2939 3511 3006 laudabilis
3541 2942 3705 3009 haec
3737 2966 3896 3031 erga

850 3070 1223 3141 supremam
1270 3053 1405 3111 tam
1452 3042 1854 3131 spiritualem
1903 3061 2096 3128 quam
2146 3042 2572 3128 temporalem
2618 3047 3016 3127 potestatem
3065 3041 3411 3109 submissio
3459 3045 3542 3111 ad
3582 3047 3750 3113 hanc
3791 3050 3899 3115 vel

852 3160 1029 3226 illam
1092 3158 1343 3240 partem
1407 3148 1599 3213 nimis
1662 3145 2049 3227 declinavit,
2112 3150 2188 3209 ut
2251 3147 2530 3232 primum
2594 3146 2882 3232 episcopi
2938 3146 3399 3232 Trajectenses
3460 3151 3651 3217 terris
3697 3160 3895 3240 atque

852 3256 1373 3353 possessionibus
1442 3252 1730 3339 amplum
1799 3250 1865 3315 in
1938 3248 2301 3315 dominium
2371 3249 2613 3314 sensim
2681 3251 3207 3316 accrescentibus
3271 3252 3549 3320 donatos
3602 3277 3673 3321 se
3721 3256 3901 3323 vide-

852 3372 1027 3434 runt.
1092 3363 1277 3439 Quae
1325 3356 1587 3445 quidem
1635 3354 2054 3437 donationes,
2105 3360 2179 3419 ut
2216 3356 2358 3441 jam
2408 3359 2701 3442 tempore
2743 3354 2809 3420 S.
2843 3354 3270 3422 Willebrordi
3303 3358 3763 3446 incoeperunt,
3806 3361 3902 3427 ita

855 3490 1067 3558 usque
1126 3466 1208 3532 ad
1255 3462 1543 3529 medium
1589 3480 1760 3525 saec.
1806 3459 1912 3525 XI
1956 3481 1998 3524 a
2041 3457 2314 3524 diversis
2360 3459 2624 3545 regibus
2673 3465 2740 3524 et
2783 3459 3287 3545 imperatoribus
3334 3468 3606 3547 auctae,
3668 3465 3903 3530 confir-

860 3581 1113 3655 matae,
1162 3565 1519 3656 privilegiis
1567 3563 2005 3630 communitae
2051 3562 2365 3649 leguntur
2409 3568 2608 3649 atque
2655 3562 2878 3627 multis
2926 3564 3133 3628 titulis
3175 3570 3307 3630 tam
3341 3565 3673 3635 Ecclesiae
3706 3590 3903 3655 quam

857 3677 1124 3768 Imperii
1172 3669 1518 3738 stabilitati
1564 3667 1876 3755 perutiles
1921 3667 2379 3734 collaudantur
2401 3668 2478 3751 4).
2556 3666 2878 3732 Poterant
2924 3669 3211 3754 episcopi
3259 3669 3527 3736 ditionis
3579 3674 3904 3738 terrestris

860 3783 1251 3852 fulcimento
1308 3773 1519 3861 adjuti
1574 3771 1902 3858 erigendis
1948 3773 2273 3856 ecclesiis,
2319 3772 2764 3857 monasteriis,
2813 3772 3337 3839 institutionibus
3385 3776 3512 3863 piis
3557 3776 3908 3843 facultates

862 3909 1018 3956 suas
1077 3879 1458 3968 impendere
1503 3879 1883 3965 majoreque
1929 3876 2322 3942 auctoritate
2369 3874 2692 3961 gaudere,
2749 3897 2879 3963 qua
2922 3878 3165 3963 populo
3215 3877 3360 3943 rudi
3408 3887 3792 3966 praeessent
3842 3887 3911 3947 et

861 3987 1274 4060 refractarios
1339 3983 1741 4049 cohiberent.
1835 3980 1891 4046 E
1951 3982 2313 4066 contrario,
2375 3980 2544 4045 hanc
2603 3985 3014 4065 potestatem·
3046 3981 3303 4048 civilem
3351 3983 3675 4071 episcopis
3726 3985 3913 4050 attri-

862 4100 1092 4164 butam
1136 4089 1423 4179 Imperio
1472 4083 1866 4153 stabiliendo
1914 4106 2325 4171 summopere
2359 4084 2752 4151 conduxisse
2784 4085 3127 4151 indubium
3161 4107 3424 4174 quoque
3459 4095 3585 4154 est.
3648 4089 3912 4156 Etenim

861 4199 1191 4288 episcopi,
1257 4214 1405 4259 cum
1468 4191 1651 4277 regia
1710 4188 2105 4255 liberalitate
2170 4190 2371 4254 tantis
2433 4189 2951 4276 possessionibus
3007 4195 3078 4256 et
3120 4189 3482 4257 honoribus
3531 4199 3796 4260 ornatos
3843 4214 3913 4259 se

860 4304 1200 4382 viderent,
1273 4295 1633 4362 fidelissimi
1703 4300 1890 4359 erant
1958 4293 2130 4379 regis
2200 4293 2475 4360 clientes
2544 4294 2818 4380 ejusque
2888 4294 3213 4381 praesidio
3287 4302 3519 4363 contra
3586 4298 3916 4384 principes

867 4398 1116 4473 vicinos
1180 4401 1306 4467 sibi
1365 4398 1751 4465 insidiantes
1814 4398 2072 4484 saepius
2134 4398 2557 4484 indigebant3
2614 4404 2801 4464 erant
2857 4398 2995 4484 regi
3042 4419 3160 4463 suo
3208 4399 3277 4464 in
3331 4400 3482 4466 aula
3528 4402 3913 4484 consiliarii,

862 4513 934 4577 in
985 4507 1217 4575 castris
1266 4505 1503 4586 duces,
1555 4504 1623 4568 in
1670 4502 2099 4589 expediendis
2145 4504 2429 4590 negotiis
2475 4503 2782 4587 ministri,
2830 4503 2984 4570 viris
3030 4504 3211 4569 laicis
3254 4510 3433 4569 certo
3467 4505 3915 4593 praeferendi,

870 4615 1116 4702 quippe
1163 4610 1277 4698 qui
1323 4609 1760 4675 eruditionem
1807 4613 1874 4672 et
1920 4608 2243 4672 culturam
2291 4608 2623 4694 aspernari
2656 4613 2854 4694 atque
2885 4628 3005 4694 pro
3036 4608 3403 4695 semetipsis
3437 4630 3685 4696 suaque
3717 4611 3917 4698 stirpe

870 4716 1152 4784 dominii
1198 4712 1473 4780 feodalis
1519 4711 1954 4777 accretionem
2001 4732 2075 4776 ac
2124 4734 2163 4777 a
2206 4713 2390 4799 regia
2421 4732 2674 4777 summa
2702 4716 3032 4798 potestate
3062 4711 3437 4778 libertatem
3472 4714 3693 4801 potius
3726 4735 3920 4801 quam

869 4818 1360 4907 subjectionem
1408 4820 1718 4902 appetere
1764 4813 2051 4879 solerent
2074 4817 2150 4899 ⁵).

1100 4922 1181 4987 In
1255 4920 1379 4986 hac
1448 4919 1773 4984 artissima
1841 4939 1987 4983 cum
2057 4924 2387 5006 potestate
2457 4921 2639 5006 regia
2698 4920 3162 5005 conjunctione
3219 4919 3591 5008 complures
3636 4921 3923 5008 episcopi

873 5028 1346 5113 Trajectenses
1393 5045 1433 5089 a
1477 5023 1609 5088 fine
1657 5023 1901 5088 saeculi
1944 5023 2116 5088 VIII
2162 5044 2369 5111 usque
2417 5024 2501 5089 ad
2549 5030 2805 5111 tempus
2852 5023 3125 5089 Henrici
3170 5023 3341 5109 regis
3394 5024 3492 5090 IV
3533 5026 3920 5107 floruerunt,

880 5134 950 5197 in
996 5150 1163 5218 quos
1210 5127 1438 5215 procul
1486 5125 1687 5192 dubio
1736 5126 1910 5192 cadit
1954 5126 2117 5192 illud
2167 5128 2494 5214 Sigeberti
2540 5128 2799 5193 abbatis
2837 5127 3330 5194 Gemblacensis
3374 5128 3688 5214 elogium:
3745 5127 3922 5210 „Sub

1044 5419 1103 5482 1)
1142 5419 1223 5469 lta
1258 5435 1307 5471 v.
1342 5434 1417 5484 gr.
1454 5417 1540 5469 W.
1578 5433 1678 5469 von
1714 5417 2054 5470 Giesebrecht
2088 5416 2169 5469 die
2208 5418 2498 5469 Gesclaickte
2529 5418 2620 5467 dor
2652 5417 2913 5467 deutschen
2951 5416 3234 5467 Kaisar-seit
3269 5416 3365 5468 111.
3400 5415 3431 5466 7
3467 5415 3549 5481 (3⁰
3586 5414 3723 5466 Auss.
3756 5411 3929 5469 1869).

1043 5499 1099 5563 2)
1134 5499 1236 5550 Csr.
1273 5500 1411 5549 Acta
1444 5500 1677 5564 Apostol.
1714 5499 1773 5550 V.
1808 5499 1888 5550 29.

1047 5580 1103 5643 3)
1141 5580 1441 5631 Matthaeus
1476 5580 1602 5631 xlx
1625 5596 1637 5630 ε
1663 5578 1712 5630 8.
1978 5581 2034 5641 4)
2071 5579 2175 5631 cfr.
2212 5580 2334 5632 Mon
2373 5578 2842 5644 Korkyeechiodenie
2878 5578 2945 5630 11.
2981 5591 3017 5630 ι.
3051 5577 3270 5630 38-40.

1046 5662 1102 5721 5)
1139 5659 1244 5712 Csr.
1280 5660 1621 5712 Giesebrecht
1657 5660 1724 5712 11.
1760 5659 1892 5712 7-9
1925 5666 1974 5712 et
2013 5662 2109 5713 111.
2144 5661 2293 5713 7—8.
