4450 6684
1816 505 2150 572 Unsuus
2204 505 2292 572 V.
3466 505 3590 571 141

519 728 995 814 circumspecto
1041 726 1331 813 gaudeat
1377 747 1450 792 se
1497 727 1909 792 commissam
1956 747 2031 792 ac
2078 725 2253 792 bone
2301 726 2473 793 fame
2521 731 2636 792 tue
2677 724 2839 791 odor
2869 746 2958 792 ex
2990 725 3120 791 tuis
3151 724 3598 793 laudabilibus

524 834 785 901 actibus
846 834 1045 899 latius
1107 832 1539 916 diffundatur,
1605 839 1809 919 tuque
1870 831 2144 920 provide
2204 838 2429 920 preter
2489 840 2718 899 eterne
2775 833 3229 899 retributionis
3273 832 3598 919 premium

523 945 752 1005 nostre
799 945 868 1005 et
915 937 1091 1004 dicte
1139 937 1313 1003 sedis
1360 937 1840 1004 benedictionis
1886 943 2318 1025 augmentum
2366 938 2633 1005 uberius
2682 939 2996 1025 consequi
3042 939 3374 1005 merearis.
3433 939 3592 1005 Dat.

522 1043 898 1129 Avinione‚
946 1044 1153 1111 XVII
1196 1045 1309 1111 Kl.
1358 1045 1552 1130 Maji,
1602 1066 1775 1110 anno
1825 1045 2136 1111 secundo.

749 1151 837 1216 In
881 1173 933 1217 e.
984 1174 1066 1216 m.
1118 1152 1375 1219 dilectis
1422 1151 1575 1216 filiis
1622 1152 1910 1238 capitulo
1959 1151 2238 1218 ecclesie
2284 1149 2675 1217 Leodiensis
2724 1151 3004 1217 salutem
3051 1158 3162 1216 etc.

758 1258 846 1323 In
891 1280 944 1323 ε.
991 1280 1072 1322 m.
1124 1258 1382 1326 dilectis
1429 1258 1580 1323 filiis
1626 1258 1952 1323 universis
2001 1257 2298 1322 vassallis
2346 1257 2623 1323 ecclesie
2671 1256 3060 1324 Leodiensis
3108 1255 3390 1323 salutem
3436 1264 3547 1321 εἰσ.

754 1364 841 1429 In
885 1387 937 1430 e.
985 1387 1068 1430 m.
1118 1365 1376 1431 dilectis
1422 1365 1572 1430 filiis
1620 1365 1795 1431 clero
1843 1364 2129 1430 civitatis
2178 1371 2247 1429 et
2297 1364 2575 1430 diocesis
2623 1364 3090 1431 Leodiensium
3139 1364 3419 1430 salutem
3467 1371 3578 1428 etc.

755 1470 843 1535 In
888 1492 939 1535 e.
987 1493 1068 1535 m.
1121 1470 1378 1536 dilectis
1425 1471 1576 1535 filiis
1621 1472 1866 1559 populo
1915 1471 2201 1536 civitatis
2251 1476 2320 1536 et
2368 1470 2645 1535 diocesis
2676 1471 3145 1536 Leodiensium
3179 1470 3459 1536 salutem
3491 1478 3604 1535 etc.

755 1575 844 1641 In
889 1598 941 1640 e.
992 1598 1071 1640 m.
1122 1576 1362 1642 dilecto
1410 1577 1545 1642 filio
1594 1577 1985 1663 Engilberto
2031 1578 2184 1662 (sic)
2233 1577 2444 1642 electo
2492 1576 2872 1643 Coloniensi
2919 1577 3200 1642 salutem
3244 1584 3356 1643 εἰσ.

761 1682 849 1747 In
895 1705 944 1746 e.
994 1704 1078 1747 m.
1127 1683 1462 1748 carissimo
1522 1685 1592 1748 in
1652 1683 1915 1750 Christo
1963 1683 2099 1748 filio
2148 1683 2384 1748 Carolo
2431 1683 2883 1749 Romanorum
2926 1683 3305 1770 imperatori
3352 1703 3609 1770 semper

532 1793 820 1874 augusto
867 1793 937 1854 et
981 1788 1295 1855 Boemiae
1342 1789 1482 1874 regi
1531 1790 1809 1854 salutem
1857 1796 1966 1853 εἰσ.

956 1924 1082 1988 1209.
1116 1925 1218 1976 Aa.
1260 1920 1320 1974 T.
1356 1924 1411 1988 7,
1437 1926 1499 1989 s.
1536 1924 1670 1974 nv.

540 2408 725 2477 1779.
1536 2415 1742 2496 1364,
1791 2414 2051 2498 Aprilis
2096 2414 2217 2496 24,
2262 2413 2630 2477 Avenionis.

857 2564 917 2629 J
911 2565 1190 2631 ohannes
1255 2567 1363 2649 (de
1424 2566 1850 2651 Virneburch)
1912 2588 1954 2631 a
2015 2566 2506 2631 monasteriensi
2561 2566 2816 2630 ecclesia
2860 2565 2948 2628 ad
2992 2566 3310 2629 ecclesiam
3364 2563 3619 2646 Trajec·

774 2679 1000 2736 tensem
1050 2672 1469 2756 transfertur,
1516 2677 1622 2739 cui
1654 2674 2042 2760 praeficitur
2086 2676 2155 2737 in
2203 2676 2559 2758 episcopum
2599 2679 2660 2736 et
2684 2679 3033 2757 pastorem.
3070 2708 3152 2719 —
3189 2671 3389 2754 Cujus
3418 2672 3619 2735 nomi-

775 2781 1055 2844 nationis
1098 2779 1362 2863 diversi,
1397 2801 1667 2866 quorum
1700 2784 1988 2863 interest,
2020 2783 2315 2845 certiores
2344 2779 2707 2844 redduntur
2737 2786 2797 2843 et
2825 2779 2901 2842 de
2930 2778 3307 2859 obedientia,
3340 2778 3617 2860 auxilio,

769 2884 992 2967 favore
1038 2885 1233 2950 eidem
1279 2885 1572 2952 Johanni
1603 2885 2022 2973 praestandis
2070 2886 2508 2965 admonentur.

773 3065 1161 3131 Venerabili
1204 3068 1391 3132 fratri
1438 3067 1483 3134 J
1485 3068 1730 3133 ohanni
1778 3068 2086 3156 episcopo
2134 3069 2544 3153 TraJ‘ectensi
2592 3068 2876 3133 salutem
2925 3075 3035 3133 εἰσ.

772 3172 1211 3239 Providencia
1256 3174 1429 3260 regis
1477 3176 1710 3240 eterni.
1737 3221 1756 3241 .
1784 3222 1800 3238 .
1829 3223 1845 3239 .
1895 3175 2049 3240 Dat.
2099 3175 2472 3258 Avinione‚
2519 3173 2692 3240 VIII
2722 3173 2834 3241 Kl.
2871 3174 3063 3260 Maji‚
3097 3194 3270 3239 anno
3304 3172 3617 3240 secundo.

766 3275 855 3342 In
901 3299 951 3344 e.
1000 3299 1082 3343 m.
1132 3278 1391 3346 dilectis
1439 3279 1591 3345 filiis
1640 3281 1930 3368 capitulo
1980 3280 2255 3346 ecclesie
2303 3281 2746 3366 Trajeotensis
2795 3281 3078 3346 salutem
3125 3288 3236 3345 etc.

767 3384 855 3448 In
900 3406 950 3449 e.
999 3405 1082 3449 m.
1134 3385 1394 3452 dilectis
1443 3387 1593 3451 filiis
1640 3388 1814 3452 clero
1863 3387 2149 3452 civitatis
2197 3395 2268 3452 et
2309 3386 2587 3452 diocesis
2624 3387 3147 3473 Trajectensium
3188 3387 3469 3451 salutem
3509 3394 3618 3452 εἰσ.

770 3490 857 3556 In
903 3513 955 3558 e.
1001 3513 1085 3557 m.
1135 3492 1392 3559 dilectis
1440 3493 1591 3558 filiis
1631 3495 1874 3580 populo
1909 3495 2195 3559 civitatis
2228 3499 2298 3560 et
2330 3493 2609 3560 diocesis
2640 3494 3164 3580 Trajectensium
3197 3493 3476 3558 salutem
3507 3502 3618 3559 εἰσ.

776 3597 862 3661 In
907 3618 957 3663 e.
1004 3619 1090 3664 m.
1140 3597 1398 3664 dilectis
1446 3599 1596 3664 filiis
1643 3601 1968 3665 universis
2017 3601 2315 3665 vassallis
2363 3601 2637 3667 ecclesie
2686 3601 3127 3686 Trajectensis
3175 3599 3455 3665 salutem
3501 3607 3612 3664 εἰσ.

772 3703 859 3769 In
906 3725 956 3769 e.
1006 3726 1088 3769 m.
1138 3707 1506 3772 venerabili
1551 3706 1737 3772 fratri
1786 3755 1803 3772 .
1831 3754 1849 3772 .
1898 3708 2387 3794 archiepiscopo
2436 3707 2815 3774 Coloniensi
2860 3707 3140 3771 salutem
3187 3714 3296 3771 εἰσ.

778 3809 864 3874 In
909 3832 961 3875 e.
1009 3832 1091 3875 m.
1141 3813 1473 3878 carissimo
1537 3815 1607 3878 in
1669 3813 1931 3879 Christo
1978 3814 2114 3879 filio
2162 3814 2397 3879 Carolo
2444 3812 2822 3900 imperatori
2868 3811 3318 3879 Romanorum
3366 3834 3623 3900 semper

545 3921 834 4001 augusto
882 3917 1162 3983 salutem
1209 3927 1318 3982 etc.

965 4052 1093 4115 Ray.
1129 4052 1228 4102 Ao.
1272 4054 1326 4103 T.
1360 4051 1418 4116 8,
1446 4054 1506 4118 s.
1543 4051 1683 4105 153·.
1728 4055 2030 4119 Rullo-um,
2067 4070 2198 4118 quae
2232 4055 2304 4104 ad
2333 4053 2637 4119 episcopua,
2673 4053 2975 4118 capitulum,
3012 4052 3199 4102 clevum
3239 4055 3383 4117 Trai.
3415 4052 3638 4104 directae

900 4138 1039 4198 eunt,
1078 4136 1379 4200 apoyrapha
1410 4135 1467 4185 in
1502 4138 1641 4187 arch.
1668 4152 1816 4202 prov.
1854 4138 2048 4203 Ultraj.
2075 4138 2131 4188 J.
2154 4136 2285 4203 129,
2316 4138 2514 4188 ineerta
2538 4137 2869 4187 iumento
2892 4137 2993 4186 dd.
3020 4134 3088 4187 30
3114 4135 3254 4186 Julii
3276 4153 3361 4187 an.
3383 4135 3543 4201 1364,
3567 4164 3638 4175 —

898 4216 955 4267 in
988 4217 1173 4267 charta
1204 4219 1532 4270 morasca.

972 4302 1276 4353 Matthaeus
1310 4304 1566 4355 Analecta
1612 4305 1674 4355 1⁷.
1707 4303 1809 4356 369
1842 4306 1974 4355 duas
2005 4306 2209 4369 priores
2236 4306 2409 4356 bullas
2433 4305 2640 4371 integre
2663 4305 2894 4355 exhibet.
2937 4302 3258 4370 Corrigenda
3281 4306 3443 4356 habet
3464 4320 3512 4369 p.
3537 4304 3638 4356 369

902 4386 997 4436 lin.
1044 4383 1108 4435 18
1154 4401 1276 4450 pro:
1327 4393 1380 4437 et
1426 4388 1665 4452 vinculo,
1710 4389 1940 4454 legatur:
1990 4403 2020 4438 a
2058 4388 2296 4452 viuculo;
2343 4389 2438 4438 lin.
2475 4388 2541 4439 40
2572 4403 2692 4452 pro:
2740 4393 2792 4438 et
2825 4389 3069 4452 quidem,
3107 4388 3341 4455 legatur:
3380 4394 3434 4440 et
3467 4391 3633 4453 quod3

901 4468 996 4519 lin.
1030 4468 1098 4519 42
1130 4484 1248 4534 pro:
1292 4471 1512 4534 potoris,
1551 4471 1783 4536 legatur:
1822 4472 2033 4535 poteris.

545 4953 742 5023 1780.
1606 4960 1819 5041 1364,
1867 4959 2040 5044 Maji
2083 4961 2158 5043 4,
2211 4961 2573 5025 Avenionis.

871 5110 1165 5177 Gerardo
1211 5112 1288 5176 de
1343 5110 1513 5178 Veno
1558 5114 1846 5179 ecclesiae
1900 5115 2084 5198 Traj.
2132 5118 2427 5182 canonico
2461 5115 2895 5202 praebendato
2909 5166 2926 5199 ,
2958 5118 3327 5202 praeposito
3373 5115 3628 5180 Arnhe-

778 5219 975 5282 mensi
1040 5225 1101 5282 et
1167 5219 1503 5302 fructuum
1574 5219 1876 5285 Gamerae
1935 5224 2343 5308 Apostolicae
2401 5223 2755 5287 debitorum
2816 5225 2886 5287 in
2946 5224 3197 5287 civitate
3257 5229 3315 5287 et
3370 5221 3631 5286 dioecesi

788 5322 969 5407 Traj.
1038 5326 1386 5408 collectori,
1447 5327 1835 5410 conceditur,
1902 5329 2074 5414 quod
2126 5333 2339 5413 viqore
2387 5331 2718 5395 literarum
2765 5329 2926 5393 sedis
2972 5330 3351 5413 apostolicae
3378 5328 3463 5411 ¹),
3498 5348 3626 5411 per

787 5450 947 5515 quas
1007 5431 1249 5495 dudum
1312 5434 1384 5496 in
1442 5434 1698 5497 ecclesia
1760 5433 1814 5497 b.
1877 5434 2135 5499 Mariae
2188 5434 2372 5519 Traj.
2421 5437 2549 5521 ipsi
2579 5434 2948 5521 praebenda
2995 5441 3054 5498 et
3085 5441 3472 5519 personatus
3515 5452 3625 5497 seu

778 5536 1063 5619 officium
1107 5541 1242 5603 sine
1286 5559 1443 5602 cura
1488 5547 1875 5604 reservatum
1920 5540 2172 5624 fuerat,
2207 5540 2640 5626 praebendam
2670 5548 2781 5604 etc.
2817 5538 3181 5623 hujusmodi
3216 5540 3380 5604 licite
3410 5558 3623 5623 accep-

780 5652 917 5709 tare
961 5646 1188 5711 valeat.
