4450 6684
798 484 835 546 7
843 483 883 546 6
2010 482 2470 550 Iunonum-ms
2530 484 2651 550 VI.

792 662 990 770 1'550.
1751 706 1964 787 1356,
2011 704 2360 770 Februarii
2405 707 2480 787 4,
2528 707 2894 771 Avenionis.

1108 862 1485 945 (Ger-lacus)
1531 860 2036 947 archiepiscopus
2079 859 2625 946 Maquntinensis,
2660 860 3052 945 (Johannes)
3082 864 3407 948 episcopus
3449 863 3865 948 Trajectensis

1016 976 1078 1033 et
1121 967 1395 1033 decanus
1441 970 1726 1033 ecclesiae
1773 967 1840 1034 S.
1886 968 2170 1033 Severini
2210 968 2598 1033 Coloniensis
2633 988 2763 1052 pro
2801 968 3024 1033 ordine
3057 968 3639 1035 Carthusianorum
3671 970 3864 1057 depu-

1018 1082 1242 1139 tantur
1287 1083 1768 1140 conservatores.

1015 1259 1330 1325 Militanti
1376 1260 1672 1327 ecclesie.
1702 1307 1720 1326 .
1747 1307 1763 1324 .
1792 1307 1808 1323 .
1858 1259 2011 1325 Dat.
2058 1258 2427 1343 Avinione,
2476 1259 2765 1325 secundo
2796 1258 2970 1326 Non.
3007 1260 3387 1345 Februarii,
3433 1260 3856 1347 pontificatus

792 1366 1002 1431 nostri
1047 1387 1221 1432 anno
1269 1373 1524 1454 quarto.

1211 1501 1578 1565 Apoyraplmm
1623 1517 1752 1550 saec.
1798 1501 1857 1550 Χ
1870 1501 1910 1546 V
1958 1500 2013 1549 in
2059 1501 2266 1550 archivo
2313 1502 2494 1551 Statu
2537 1502 2750 1565 Haqac-
2727 1501 3048 1564 -Oomitano,
3093 1504 3148 1552 in
3192 1504 3411 1553 chartul.
3445 1505 3618 1554 ἆοηιω
3656 1505 3879 1554 θεήλα-

1144 1584 1323 1633 riensi:
1359 1600 1524 1649 prope
1570 1582 2290 1649 Delfi,s01.1;inser!m
2338 1589 2412 1634 est
2460 1585 2628 1634 litoris
2670 1587 2776 1635 dud
2821 1585 2856 1637 6
2901 1586 3046 1651 Maji‘
3079 1585 3360 1647 αι.1474,
3406 1587 3584 1651 quibat
3617 1589 3788 1637 David
3818 1590 3879 1639 de

1147 1668 1456 1732 Bar-qnandiu
1490 1668 1748 1733 episcopus
1790 1669 1930 1733 Prcv‘.
1966 1686 2086 1717 suas
2118 1670 2174 1717 in
2207 1669 2304 1718 hac
2330 1674 2489 1733 parte
2522 1669 2649 1719 vices
2681 1669 2807 1719 aliis
2839 1687 2961 1719 mae
2995 1670 3147 1720 dioec.
3176 1671 3437 1735 praelatis
3471 1672 3771 1736 subddcyat.

1212 1753 1407 1819 Incipit
1455 1752 1586 1804 baec
1634 1753 1800 1804 bulla:
1853 1752 2250 1817 „Innocencius
2298 1753 2609 1819 episcopus’·
2654 1758 2746 1805 etc.
2792 1760 2849 1806 et
2892 1771 2923 1805 a
2971 1754 3171 1806 Davide
3214 1763 3530 1807 recensetur
3564 1762 3624 1807 ut
3657 1758 3878 1821 epistola

1143 1838 1413 1902 quondam
1440 1836 1743 1888 Innocentii
1769 1851 1932 1901 papae
1955 1837 2160 1901 quarti,
2197 1851 2357 1901 quem
2382 1843 2562 1888 tamen
2588 1852 2869 1902 nunquam
2893 1838 3155 1889 Arinione
3177 1840 3356 1890 sedem
3379 1840 3632 1891 habuisse
3654 1846 3878 1893 constat.

1142 1922 1289 1972 Idcm
1337 1922 1622 1972 dicendum
1668 1921 1733 1971 de
1777 1920 1897 1970 aliis
1942 1919 2180 1983 ejusdem
2226 1920 2462 1971 nominis
2509 1920 2886 1986 Pontificibus,
2934 1923 3010 1973 ita
3050 1928 3111 1973 ut
3150 1923 3335 1988 procul
3368 1924 3530 1974 dubio
3564 1923 3694 1975 haec
3731 1924 3875 1976 bulla

1143 2004 1459 2055 Innocentio
1493 2019 1659 2070 papae
1694 2004 1766 2054 vl
1801 2004 2023 2054 attribui
2061 2004 2267 2055 debeat.

786 2523 976 2592 1551.
1734 2526 1915 2588 1356
1936 2572 1953 2606 ,
2000 2523 2347 2591 Februarii
2392 2530 2481 2590 25
2501 2575 2519 2609 ,
2567 2528 2933 2592 Avenionis.

1104 2680 1374 2766 Huqoni
1439 2679 1612 2744 Bout
1672 2680 1895 2744 clerico
1956 2680 2026 2743 in
2085 2680 2248 2743 villa
2307 2680 2385 2744 de
2447 2681 2655 2747 Hulst
2716 2686 3132 2747 commoranti
3196 2683 3378 2766 Traj.
3424 2684 3614 2748 dioec.
3662 2704 3869 2748 conce·

1009 2789 1193 2853 ditur
1230 2787 1643 2872 privileqium
1681 2787 2012 2871 plenariae
2049 2788 2328 2851 omnium
2356 2796 2764 2873 peccatorum
2796 2791 3179 2855 remissionis
3209 2792 3279 2855 in
3309 2790 3585 2855 articulo
3617 2792 3860 2856 mortis.

1012 2968 1329 3035 Provenit
1376 2989 1483 3035 ex.
1513 3015 1529 3032 .
1556 3014 1572 3030 .
1600 3014 1617 3033 .
1667 2966 1822 3033 Dat.
1870 2966 2239 3053 Avinione,
2288 2968 2388 3035 VI
2433 2969 2545 3037 Kl.
2593 2969 2825 3038 Marcii
2845 3021 2865 3057 ,
2911 2992 3086 3039 anno
3133 2978 3389 3059 quarto.

1211 3104 1336 3167 Req.
1373 3106 1473 3154 Ao.
1517 3105 1570 3153 T.
1605 3101 1699 3168 13,
1722 3105 1781 3168 s.
1818 3102 1959 3155 343v.

787 3603 981 3672 1552.
1809 3608 2019 3687 1356,
2075 3604 2313 3671 Martii
2357 3611 2431 3690 6,
2478 3609 2844 3672 Avenionis.

1103 3760 1434 3826 Fidelibus
1486 3761 1956 3846 poenitentibus
2018 3768 2076 3825 et
2139 3761 2470 3845 confessis,
2538 3764 2652 3847 qui
2713 3762 2799 3825 ad
2848 3762 3416 3845 reaedificationem
3462 3764 3748 3828 ccclesiae
3793 3761 3863 3828 S.

1011 3868 1294 3934 Martini
1353 3869 1774 3933 Embricensis
1838 3869 2238 3951 adjuverint,
2301 3868 2701 3953 indulqentia
2766 3869 3043 3934 duorum
3104 3891 3419 3935 annorum
3480 3877 3539 3935 et
3583 3870 3862 3933 duarum

1013 3975 1577 4061 quadragenarum
1623 3975 2000 4040 conceditur.

1008 4157 1353 4224 Universis
1402 4156 1653 4223 Christi
1699 4155 2009 4223 fidelibus
2055 4164 2400 4245 presentes
2444 4157 2700 4223 litteras
2747 4158 3164 4244 inspecturis.

1012 4263 1453 4329 Ecclesiamm
1522 4263 1809 4328 fabricis.
1838 4311 1856 4328 .
1885 4311 1901 4327 .
1931 4310 1947 4326 .
2021 4264 2188 4329 Cum
2256 4265 2517 4351 itaque,
2589 4266 2759 4329 sicut
2828 4266 3200 4350 accepimus
3223 4313 3240 4348 ,
3313 4263 3590 4330 ecclesia
3653 4263 3861 4328 sancti

785 4370 1059 4437 Martini
1129 4369 1212 4434 de
1286 4369 1481 4456 opido
1553 4368 1964 4435 Embricensi
2027 4370 2469 4456 Trajectensis
2532 4370 2809 4437 diocesis
2874 4392 3087 4458 nuper
3141 4393 3289 4437 cum
3335 4370 3670 4438 nonnullis
3717 4370 3858 4454 ejus

695 4480 700 4484 ’
789 4477 1190 4544 ornamentis
1254 4477 1337 4542 ad
1398 4477 1695 4543 divinum
1746 4478 1997 4543 cultum
2046 4478 2498 4565 spectantibus
2544 4486 2613 4545 et
2660 4479 2964 4544 omnibus
3011 4480 3196 4565 quasi
3243 4478 3552 4566 hospiciis
3597 4478 3862 4543 canoni-

789 4606 1011 4650 corum
1081 4591 1150 4650 et
1219 4584 1609 4650 vicariorum
1681 4605 1757 4650 ac
1829 4585 2214 4651 clericorum
2285 4586 2580 4671 ejusdem
2652 4586 2925 4651 ecclesie
2987 4586 3232 4651 casuali
3292 4585 3634 4668 incendio,
3684 4583 3859 4672 quod

794 4692 994 4757 etiam
1041 4696 1342 4778 quartam
1387 4697 1642 4778 partem
1689 4692 1896 4780 ipsius
1944 4692 2123 4779 opidi
2170 4694 2644 4775 concremavit,
2692 4693 2988 4759 totaliter
3032 4694 3118 4758 sit
3163 4699 3552 4780 consumpta
3585 4693 3858 4780 ejusque

797 4798 1163 4864 corruerint
1211 4796 1556 4863 testidines
1603 4804 1803 4885 atque
1852 4800 2049 4863 turris
2097 4798 2262 4863 adeo
2309 4797 2483 4885 quod
2534 4796 2756 4864 divina
2800 4798 2892 4863 ibi
2941 4812 3075 4864 non
3121 4804 3401 4886 possunt
3440 4799 3651 4865 officia
3689 4820 3862 4864 com-

791 4898 984 4970 mode
1024 4898 1372 4986 celebrari,
1415 4910 1485 4968 et
1526 4909 1876 4992 propterea
1917 4903 2140 4969 dilecti
2179 4904 2300 4969 filii
2340 4952 2357 4968 .
2385 4953 2400 4969 .
2441 4902 2727 4969 decanus
2761 4909 2828 4969 et
2861 4906 3221 4991 capitulum
3255 4904 3551 4991 ejusdem
3583 4905 3859 4971 ecclesie

788 5011 999 5097 ipsam
1045 5008 1388 5074 ecclesiam
1421 5008 1801 5075 reedificare
1834 5016 1903 5074 et
1934 5010 2226 5074 construi
2259 5009 2473 5075 facere
2507 5009 2803 5095 ceperint
2834 5017 2902 5074 et
2934 5009 3016 5075 ad
3050 5010 3617 5076 consumacionem
3648 5009 3855 5097 ipsius

798 5115 1012 5203 operis
1060 5136 1318 5199 eorum,
1369 5116 1495 5181 nisi
1542 5114 1668 5203 piis
1713 5114 2007 5181 fidelium
2054 5104 2376 5201 suffragiis
2425 5104 2844 5201 adjuventur,
2893 5116 3026 5181 non
3073 5122 3438 5204 suppetunt
3474 5102 3855 5201 facultates,

787 5223 1133 5310 presertim
1181 5243 1328 5288 cum
1377 5229 1645 5310 propter
1692 5243 1991 5308 guerras,
2045 5243 2171 5308 que
2217 5222 2287 5286 in
2335 5222 2464 5285 illis
2513 5222 2810 5309 partibus
2859 5220 3113 5287 diucius
3153 5224 3575 5309 ingruerunt,
3625 5245 3852 5290 eorum

788 5329 1084 5397 redditus
1148 5336 1302 5395 sunt
1365 5328 1531 5395 adeo
1597 5328 1942 5412 diminuti,
2008 5328 2182 5415 quod
2245 5328 2401 5393 inde
2463 5349 2598 5393 non
2662 5335 2940 5417 possunt
2987 5329 3258 5395 comode
3306 5331 3697 5414 sustentari,
3748 5378 3764 5394 .
3792 5379 3808 5395 .
3838 5379 3854 5395 .

789 5459 908 5502 nos
971 5484 987 5500 .
1019 5484 1035 5502 .
1066 5485 1080 5500 .
1147 5436 1450 5502 omnibus
1514 5456 1668 5501 vere
1731 5434 2182 5523 penitentibus
2249 5440 2317 5500 et
2364 5436 2713 5519 confessis,
2778 5437 2890 5523 qui
2938 5457 3169 5502 manus
3216 5437 3299 5502 ad
3345 5439 3664 5525 premissa
3708 5460 3857 5526 por-

785 5543 1082 5609 rexerint
1129 5542 1516 5629 adjutrices,
1566 5541 1730 5607 duos
1776 5562 1983 5606 annos
2030 5545 2102 5607 et
2149 5540 2311 5606 duas
2352 5541 2807 5628 quadragenas
2848 5542 2931 5609 de
2968 5543 3284 5629 injunctis
3326 5545 3420 5609 eis
3461 5545 3854 5632 penitenciis

786 5649 1292 5716 misericorditer
1359 5649 1766 5732 relaxamus3
1838 5647 2254 5735 presentibus
2317 5654 2466 5736 post
2529 5649 2868 5715 biennium
2930 5651 3197 5717 minime
3260 5651 3578 5717 valituris.
3675 5651 3852 5727 Quas
