4450 6684
927 474 1058 539 216
2183 471 2588 538 Guneonme
2631 471 2757 538 XI.

920 691 1128 761 2052.
1912 694 2124 775 1372,
2177 693 2434 777 Aprilis
2479 693 2599 775 15,
2651 693 3013 757 Ammonis.

1244 846 1570 911 Swederus
1629 846 1737 929 (de
1804 846 2053 930 Uterlo)
2105 847 2515 931 praepositas
2559 847 2847 910 ecclesiae
2901 845 3320 928 Trajectensis
3363 846 3727 930 requiritur
3770 853 3830 909 et
3877 865 4002 910 mo·

1150 960 1366 1034 netur,
1431 960 1503 1017 ut
1558 951 1811 1037 Helyae
1854 951 1931 1015 de
1996 950 2304 1015 Vodromo
2351 953 2733 1036 apostolicae
2776 951 2939 1015 sedis
2984 954 3216 1015 nuncio
3262 954 3524 1016 assistat
3569 954 3639 1014 in
3683 953 4000 1016 exactione

1149 1058 1448 1138 decimae,
1497 1079 1691 1143 quam
1735 1057 2025 1122 dominus
2072 1056 2268 1141 Papa
2302 1055 2714 1141 proventibus
2761 1057 3190 1121 ecclesiasticis
3237 1058 3429 1120 unius
3474 1057 3635 1120 anni
3664 1077 3791 1140 per
3834 1055 3999 1120 Ala-

1151 1166 1478 1244 manniae,
1543 1162 1883 1227 Bohemiae
1943 1164 2416 1247 nonnullasque
2471 1162 2641 1225 alias
2676 1169 2902 1246 partes
2934 1182 3065 1248 pro
3110 1160 3500 1226 sublevanda
3544 1161 3829 1225 ecelesiae
3873 1159 3999 1225 Bo-

1152 1291 1376 1334 manae
1420 1272 1776 1333 necessitate
1809 1270 2069 1353 putavit
2115 1267 2579 1353 imponendam.

1148 1450 1352 1515 Novit
1394 1450 1542 1533 ille,
1590 1449 1696 1513 eui
1743 1453 1993 1536 patent.
2022 1495 2040 1514 .
2071 1497 2086 1513 .
2115 1497 2131 1513 .
2180 1449 2334 1515 Dat.
2384 1449 2750 1530 Avinione,
2797 1446 3002 1513 XVII
3048 1446 3158 1512 Kl.
3206 1447 3406 1532 Maji,
3454 1467 3626 1511 anno
3673 1445 3980 1511 seeundo.

1342 1582 1563 1645 Begeda
1622 1581 1877 1631 Vaticana
1928 1577 1990 1631 T.
2038 1581 2160 1644 268,
2197 1583 2257 1646 s.
2305 1581 2387 1633 27.
2457 1580 2521 1631 Iu
2566 1596 2612 1631 e.
2657 1596 2725 1631 m.
2775 1596 2836 1631 ac
2871 1582 3172 1632 Brochardo
3207 1582 3272 1631 de
3309 1581 3507 1631 Hewen
3542 1580 3839 1645 praeposito
3873 1579 4008 1630 Con-

1280 1665 1570 1714 stanciensi
1604 1679 1816 1714 necnon
1854 1665 2266 1729 quampluribus
2304 1664 2520 1728 Imperii
2559 1665 2905 1729 principibus.

920 2126 1123 2194 2053.
1897 2131 2114 2212 1372,
2167 2129 2426 2213 Aprilis
2474 2129 2599 2212 16,
2649 2130 3014 2194 Avenionis.

1239 2280 1379 2345 Pro
1440 2281 1671 2346 decano
1729 2289 1787 2345 et
1833 2282 2114 2366 capitulo
2163 2281 2231 2344 S.
2278 2280 2537 2344 Mariae
2592 2281 2774 2365 Traj.
2822 2281 3234 2366 infrascripti
3280 2280 3367 2344 ad
3414 2282 3757 2346 triennium
3801 2280 3990 2366 depu-

1149 2393 1370 2450 tantur
1416 2394 1895 2451 conservatores.
2204 2398 2211 2406 ‘

1148 2566 1531 2632 Venerabili
1592 2567 1776 2631 fratri
1841 2613 1856 2630 .
1886 2614 1901 2630 .
1967 2567 2274 2654 episcopo
2341 2569 2746 2653 Trajeetensi
2810 2576 2880 2634 et
2941 2567 3196 2634 dilectis
3253 2569 3404 2633 filiis
3462 2617 3477 2632 .
3506 2616 3522 2632 .
3580 2568 3805 2633 abbati
3860 2588 3991 2632 mo-

930 2673 1202 2739 nasterii
1266 2672 1474 2737 saneti
1533 2673 1725 2737 Pauli
1784 2673 2224 2757 Trajeetensis
2285 2695 2361 2739 ae
2410 2721 2426 2740 .
2456 2721 2472 2739 .
2530 2673 2777 2741 decano
2824 2675 3098 2741 ecclesie
3146 2676 3355 2740 saneti
3402 2675 3682 2741 Servatii
3729 2674 3984 2759 Trajee-

920 2781 1126 2845 tensie
1172 2779 1558 2844 Leodiensis
1606 2776 1885 2843 diocesis
1933 2780 2211 2844 salutem
2264 2786 2375 2845 etc.

1145 2884 1462 2949 Militanti
1508 2883 1802 2947 ecclesie.
1830 2929 1847 2948 .
1876 2930 1892 2946 .
1921 2931 1936 2946 .
1985 2883 2138 2948 Dat.
2188 2884 2557 2969 Avinione‚
2604 2885 2774 2951 XVI
2819 2884 2930 2950 Kl.
2978 2886 3172 2971 Medi,
3222 2906 3396 2952 anno
3444 2883 3756 2951 seeundo.

1341 3018 1468 3080 Req.
1501 3019 1599 3066 Δο.
1643 3018 1685 3066 Τ
1686 3054 1697 3066 .
1732 3015 1822 3077 12,
1854 3019 1913 3082 s.
1947 3017 2063 3069 627.

918 3483 1394 3553 2054—2056.
1900 3486 2113 3568 1372,
2164 3485 2424 3569 Aprilis
2470 3487 2595 3567 21,
2645 3485 3007 3551 Avenionis.

1231 3638 1314 3703 A.
1409 3637 1608 3701 Petro
1639 3636 1869 3701 Poelin
1901 3640 2157 3722 ejusque
2195 3640 2386 3702 uxori
2412 3636 2792 3701 Catherinae
2821 3636 3181 3701 conceditur
3207 3638 3623 3723 privileyium
3649 3638 3982 3722 plenariae

1124 3751 1532 3828 peccatorum
1575 3744 1959 3807 remissionis
2006 3745 2075 3807 in
2122 3744 2397 3807 articulo
2447 3744 2687 3806 mortis.

1227 3849 1305 3913 B.
1400 3848 1636 3913 Jacobo
1692 3847 1981 3911 Tinctori
2009 3849 2059 3930 l)
2106 3848 2411 3912 monacho
2457 3849 2824 3912 monasterii
2867 3846 2944 3912 de
2988 3846 3230 3912 Rodelo
3275 3847 3698 3913 Cisterciensis
3746 3848 3983 3913 ordinis

1150 3954 1333 4037 Traj.
1381 3954 1570 4019 dioec.
1621 3954 1782 4017 idem
1817 3955 2254 4039 privileyium.

1231 4061 1302 4124 O.
1395 4059 1714 4143 Maqistro
1776 4058 2068 4123 Johanni
2142 4058 2355 4122 Wilde
2401 4058 2478 4121 de
2525 4058 2897 4123 Dotinchem
2918 4108 2935 4141 ‚
2989 4060 3363 4144 praeposito
3409 4059 3695 4123 ecclesiae
3739 4058 3984 4123 Emori-

1138 4166 1371 4246 censis,
1417 4165 1718 4247 scriptori
1762 4164 2002 4227 domini
2048 4163 2276 4247 Papae
2323 4162 2486 4226 idem
2519 4165 2954 4248 privileqium.

1141 4343 1458 4408 Provenit
1504 4363 1611 4407 ex.
1638 4389 1655 4406 .
1683 4389 1699 4405 .
1729 4389 1745 4406 .
1795 4343 1945 4406 Dat.
1994 4342 2364 4425 Avinione,
2412 4341 2516 4406 XI
2559 4341 2671 4408 Kl.
2719 4342 2915 4428 Maji‚
2963 4362 3137 4407 anuo
3189 4341 3501 4407 seeundo.

1340 4475 1466 4538 Περ.
1501 4475 1599 4525 Ao.
1644 4478 1696 4524 T.
1732 4474 1823 4537 15,
1858 4476 2048 4525 scilicet
2083 4477 2126 4525 A
2162 4480 2211 4525 et
2251 4477 2290 4525 Β
2316 4477 2378 4539 s.
2412 4474 2529 4538 34⁹3
2566 4475 2604 4524 C
2630 4475 2693 4538 f.
2729 4474 2837 4525 ὅθ’.

1071 4622 1128 4686 1)
1165 4621 1337 4672 Codex
1372 4622 1558 4672 habet:
1597 4621 1850 4673 Tinetori.

922 5007 1118 5075 2057.
1910 5012 2121 5094 1372,
2170 5010 2432 5095 Aprilis
2480 5012 2596 5094 21,
2644 5011 3010 5075 Avenionis.

1243 5161 1561 5247 Mayistro
1607 5161 1902 5228 Johanni
1960 5162 2171 5228 Wilde
2216 5163 2293 5227 de
2331 5163 2704 5229 Dotinchem
2749 5164 3176 5229 conceduntur
3226 5165 3445 5229 literae
3489 5164 3975 5247 confessionales.

1149 5344 1450 5430 Benigno
1498 5350 1672 5409 sunt.
1701 5389 1717 5408 .
1745 5393 1761 5409 .
1791 5392 1807 5408 .
1856 5343 2010 5409 Dat.
2058 5345 2427 5428 Avinione,
2476 5346 2581 5412 XI
2626 5346 2734 5412 Kl.
2784 5347 2984 5434 Maji,
3032 5369 3205 5414 anno
3256 5347 3565 5415 secunde.

1345 5479 1466 5541 Περ.
1504 5478 1602 5528 Ao.
1647 5479 1701 5527 r.
1735 5477 1825 5543 15,
1848 5478 1911 5542 s.
1944 5476 2090 5528 ffisv.
