4450 6684
1541 531 1890 596 Aoni-,um
1935 547 2015 593 m
2062 527 2537 594 conmortuos.
3447 523 3578 587 295

740 757 1182 823 Donationem
1217 754 1550 820 carissimi.
1577 800 1595 819 .
1624 801 1639 818 .
1672 801 1687 818 .
1750 752 1997 818 Datum
2030 751 2372 834 Laterani,
2403 749 2542 816 VII
2571 748 2729 814 Idus
2764 747 3014 831 Martii,
3048 767 3221 813 anno
3256 744 3579 813 dominice

521 862 1001 928 Incarnationis
1046 859 1431 926 MXXXIII
1475 859 1654 943 (sic),
1701 857 2060 923 indictione
2106 856 2209 940 X,
2257 855 2553 921 feliciter.
2646 855 2885 920 Amen.

935 997 1123 1047 Bobert
1156 996 1399 1046 Bullm're
1434 996 1518 1045 II.
1552 993 1652 1044 252
1684 992 1743 1043 π’
1776 990 1899 1056 ⁴403
1937 991 2477 1058 Jaffef-Loeuwonseld
2511 988 2656 1041 7104.

514 1513 708 1581 2271.
757 1512 976 1592 (mter)
1962 1510 2162 1573 1124.

844 1667 1025 1732 Clero
1086 1687 1200 1752 per
1270 1665 1558 1731 Galliam
1605 1673 1663 1730 et
1713 1663 2121 1729 Germaniam
2167 1666 2501 1729 constituto
2547 1665 2915 1748 intimatur,
2981 1663 3390 1730 Wilhelmum
3437 1667 3597 1751 epis-

759 1794 980 1860 copum
1026 1775 1517 1839 Praenestinum
1562 1773 1715 1838 illas
1762 1774 1830 1837 in
1864 1779 2090 1857 partes
2136 1774 2307 1837 mitti
2348 1774 2649 1837 nuncium
2683 1773 3008 1858 papalem.

759 1961 1056 2026 Kalistus
1118 1960 1497 2048 episcopus,
1563 1979 1788 2024 servus
1836 1979 2168 2024 servorum
2215 1959 2380 2040 Dei,
2429 1958 2774 2023 carissimis
2822 1959 3009 2023 nobis
3055 1959 3127 2024 in
3173 1958 3431 2026 Christo
3480 1962 3602 2028 fra·

541 2067 755 2133 tribus
800 2066 1303 2154 archiepiscopis
1351 2066 1718 2151 ceterisque
1769 2065 2222 2132 ecclesiasticis
2271 2064 2608 2131 ordinibus
2654 2086 2770 2151 per
2817 2065 3132 2150 Galliam,
3189 2066 3604 2134 Germaniam

539 2181 610 2240 et
656 2175 1007 2240 Franciam
1055 2174 1429 2241 constitutis
1477 2173 1756 2239 salutem
1803 2180 1871 2238 et
1917 2173 2341 2261 apostolicam
2386 2171 2934 2239 benedictionem.

772 2283 1097 2348 Mittimus
1159 2282 1241 2348 ad
1301 2303 1419 2347 vos
1483 2282 1750 2347 fratrem
1796 2287 2092 2346 nostrum
2140 2279 2634 2346 Willebelmum
2681 2280 3144 2346 Prenestinum
3190 2284 3603 2371 episcopum,

532 2390 775 2456 dantes
849 2389 909 2455 ei
981 2411 1128 2455 cum
1198 2395 1419 2455 vestra
1480 2389 1753 2455 caritate
1798 2388 2174 2471 licenciam,
2233 2393 2308 2451 ut
2355 2388 2408 2451 si
2455 2389 2567 2474 qui
2615 2387 2747 2452 sint
2793 2388 2862 2452 in
2908 2387 3116 2453 vobis.
3142 2390 3430 2478 episcopi
3478 2412 3611 2457 non

542 2497 916 2563 consecrati
965 2502 1332 2578 consecret,
1383 2502 1451 2562 et
1498 2497 1551 2560 si
1600 2516 1730 2582 qua
1778 2500 1932 2559 sunt
1976 2494 2106 2560 alia
2151 2494 2527 2581 huJusmodi
2567 2495 3151 2561 ecclesiasticorum
3191 2499 3610 2583 negociorum

540 2603 760 2668 minus
807 2605 1131 2691 perfecta,
1179 2605 1249 2668 in
1297 2603 1603 2668 omnibus
1649 2603 1969 2668 inoffensa
2016 2603 2290 2668 caritate
2336 2608 2761 2668 consummet.
2854 2604 3002 2669 Pax
3049 2604 3254 2670 vobis.

964 2740 1153 2789 Robert
1190 2738 1434 2788 Bullaire
1472 2738 1553 2786 II.
1588 2735 1689 2785 332
1722 2739 1781 2786 πθ
1816 2735 1938 2801 505;
1975 2735 2512 2803 Jaffd-Loeuwmseld
2547 2735 2693 2786 7163.

632 3239 769 3316 (17)
815 3253 891 3304 Ad
927 3254 1061 3305 oba:
1099 3255 1414 3306 nmzanaioe
1445 3256 1586 3321 apua
1618 3272 1716 3305 van
1751 3255 1998 3307 maere-10
2030 3256 2172 3321 110an
2208 3256 2428 3308 Karina
2464 3256 2549 3307 rr.
2590 3254 2710 3319 iss,
2749 3255 2850 3306 sub
2885 3270 2970 3308 an.
3010 3254 3154 3306 1139.

633 3337 770 3414 (19)
814 3350 891 3400 Ad
927 3351 1059 3401 obs.;
1104 3352 1327 3416 eozmjon
1362 3351 1594 3415 Regiae,-
1625 3352 1684 3401 πο
1716 3351 1826 3403 4s*.

633 3433 770 3511 (21)
815 3449 892 3498 Ad
940 3449 1075 3499 obs.:
1130 3449 1329 3499 Malle,-
1377 3451 1566 3500 Oudste
1617 3452 1967 3503 Car-talariam
2004 3470 2061 3518 p.
2109 3451 2209 3503 230
2251 3454 2514 3502 secundum
2560 3452 2904 3517 apoyrapbnm
2949 3468 3078 3503 saec.
3123 3452 3282 3501 XIV
3321 3453 3374 3503 in
3421 3454 3631 3505 archim

535 3530 939 3594 Hannoverano,
975 3532 1076 3582 sub
1110 3546 1199 3582 an.
1232 3530 1379 3582 1146.

632 3614 769 3691 (25)
814 3627 890 3676 Ad
926 3628 1059 3679 obs.:
1101 3629 1326 3693 Oolmjon
1361 3628 1591 3692 Reyieter
1630 3630 1685 3679 »⁰
1719 3628 1835 3680 36⁴2.

632 3711 769 3788 (26)
812 3724 888 3774 Ad
924 3726 1059 3775 obs.:
1103 3726 1327 3790 eozmjw
1362 3726 1593 3789 Regiam·
1625 3727 1685 3776 η’
1717 3726 1834 3779 38*.

634 3807 770 3885 (27)
814 3821 1050 3873 Addatur
1083 3823 1145 3887 †‚
1182 3836 1302 3873 cum
1337 3823 1408 3874 sit
1441 3825 1637 3888 spuria.

636 3905 773 3983 (28)
817 3918 892 3968 Ad
940 3918 1074 3969 obss
1123 3919 1272 3970 Saint
1322 3920 1506 3970 Germia
1553 3919 1847 3971 Mommsen
1890 3921 2092 3971 ane-iens
2140 3921 2188 3971 I.
2239 3919 2371 3971 432*
2405 3922 2666 3970 seeundum
2699 3922 3067 3987 autographum
3101 3921 3156 3972 in
3191 3883 3406 3975 archivo·
3429 3924 3631 3977 Montis

533 4005 842 4054 Hannoniae
854 4027 874 4062 ;
914 4003 1332 4054 Oorkondenboek
1364 4021 1410 4055 v.
1451 4005 1741 4070 Groninqen
1774 4023 1835 4056 eu
1868 4007 2058 4056 Drance
2089 4007 2149 4054 πο
2182 4005 2299 4056 35*.

780 4508 916 4586 (32)
977 4508 1208 4575 Victor
1271 4511 1643 4597 episcopuS,
1708 4530 1934 4575 servus
1981 4529 2315 4574 servorum
2365 4510 2525 4591 Dei,
2576 4507 2830 4575 dilectis
2877 4509 3027 4576 filiis
3075 4510 3344 4577 Galtero
3392 4512 3616 4579 abbati

554 4616 791 4682 beatae
823 4615 1069 4682 Mariae
1112 4617 1180 4681 in
1223 4617 1438 4681 insula
1470 4616 1905 4682 Walacriensi
1949 4618 2221 4701 ejusque
2254 4615 2563 4680 fratribus
2596 4617 2999 4700 [canonicam
3030 4617 3259 4702 vitam]
3292 4618 3617 4705 professis.

779 4721 886 4788 Ad
921 4724 1315 4810 apostolicae
1349 4723 1526 4789 sedis
1563 4730 1818 4812 spectat
1849 4724 2264 4789 clementiam
2300 4723 2750 4809 religiosorum
2784 4724 2953 4788 votis
2985 4724 3268 4790 libenter
3299 4747 3617 4810 annuere,

557 4836 632 4895 ut
677 4830 824 4917 piae
874 4830 1260 4896 intentionis
1307 4830 1663 4917 postulatio
1710 4831 1965 4897 facilem
2015 4832 2481 4918 [consequatur
2528 4829 2882 4916 effectum]
2943 4831 3185 4897 Dilecti
3230 4832 3301 4896 in
3338 4832 3621 4901 Domino

554 4937 711 5019 filii,
760 4939 994 5003 vestris
1034 4937 1832 5024 justis,postulationibus
1879 4938 2240 5024 benignum
2289 4938 2683 5026 praebentes
2732 4959 3105 5022 assensum,
3155 4937 3236 5003 ad
3287 4942 3623 5028 exemplar

558 5044 1131 5130 praedecessorum
1192 5051 1563 5111 nostrorum
1609 5045 1817 5111 felicis
1865 5045 2217 5110 memoriae
2266 5044 2548 5131 Eugenii
2574 5045 2628 5129 l)
2678 5051 2743 5110 et
2792 5044 3125 5111 Anastasii
3173 5044 3620 5114 Romanorum

555 5150 951 5216 Pontificum
1015 5152 1416 5238 praedictam
1484 5152 1861 5235 ecclesiam,
1928 5153 1998 5217 in
2045 5173 2176 5237 qua
2222 5152 2444 5217 divino
2493 5152 2845 5238 mancipati
2893 5152 3051 5217 estis
3100 5152 3449 5239 obsequio,
3500 5157 3622 5222 sub

556 5256 736 5320 beati
781 5257 964 5322 Petri
1015 5265 1082 5323 et
1128 5264 1353 5324 nostra
1399 5259 1813 5347 protectione
1861 5259 2280 5346 suscipimus,
2329 5263 2727 5342 statuentes,
2777 5264 2851 5322 ut
2893 5278 3334 5346 quascumque
3372 5280 3625 5346 posses·

554 5363 811 5447 siones,
876 5386 1325 5452 quaecumque
1387 5366 1561 5430 bona
1626 5364 1851 5431 eadcm
1916 5366 2193 5432 ecclesia
2257 5366 2322 5429 in
2390 5365 2905 5452 praesentiarum
2957 5366 3141 5449 juste
3196 5370 3265 5430 et
3312 5368 3623 5433 canonice

548 5471 849 5558 possidet
897 5479 1012 5538 aut
1056 5473 1127 5537 in
1175 5473 1465 5538 futurum
1519 5473 1939 5538 concessione
1972 5472 2400 5554 Pontificum,
2446 5472 2790 5558 largitione
2821 5492 3049 5557 regum
3080 5472 3186 5537 vel
3217 5473 3620 5560 principum,

557 5582 892 5648 oblatione
954 5582 1246 5649 fidelium
1309 5603 1424 5648 seu
1488 5582 1631 5648 aliis
1683 5582 1882 5668 justis
1944 5581 2154 5646 modis
2216 5582 2360 5647 Deo
2422 5581 2741 5669 propitio,
2786 5580 3031 5666 poterit
3076 5579 3382 5668 adipisci,
3431 5581 3616 5647 firma

555 5691 745 5756 vobis
794 5691 1159 5778 vestrisque
1207 5690 1688 5756 successoribus
1737 5696 1805 5755 et
1850 5689 2104 5754 illibata
2150 5693 2597 5776 permaneant.
