4450 6684
905 529 1034 593 186
2144 529 2549 596 Ganoonms
2592 532 2717 597 XI.

1127 749 1417 834 Dignum
1466 749 1874 814 arbitramur.
1903 796 1923 816 .
1952 798 1967 814 .
1996 797 2012 814 .
2082 751 2237 817 Non
2285 752 2702 819 obstantibus
2751 801 2766 818 .
2796 802 2812 819 .
2839 802 2854 818 .
2905 755 3080 842 quod
3127 756 3197 822 in
3245 759 3520 824 eeclesia
3563 759 3969 845 Begutarum

901 855 1054 941 (sic)
1114 855 1406 942 predicte
1472 855 1749 922 diocesis
1811 864 2199 952 perpetuam
2265 861 2695 946 capellaniam
2759 869 2983 929 sancte
3045 863 3399 931 catherine
3461 867 3754 932 noscitur
3800 868 3966 932 obti-

903 981 1085 1027 nere.
1113 1010 1128 1026 .
1161 1008 1178 1026 .
1206 1009 1222 1026 .
1272 961 1426 1027 Dat.
1474 962 1839 1046 Avinione,
1890 965 1953 1030 V
2000 964 2113 1029 Kl.
2158 965 2539 1051 Februarii,
2589 989 2760 1033 anno
2809 970 3041 1055 primo.

1321 1082 1446 1145 Ray.
1480 1082 1577 1131 Ao.
1623 1083 1677 1131 Τ.
1712 1081 1770 1144 5,
1799 1083 1856 1147 f.
1894 1081 2006 1133 731.

900 1470 1367 1539 1948—1958.
1866 1477 2079 1560 1371,
2128 1477 2449 1542 Januarii
2494 1480 2617 1561 28,
2661 1479 3024 1543 Avenionis.

1219 1627 1302 1691 A.
1398 1628 1687 1694 Huberto
1756 1630 2051 1716 Molyhin
2122 1632 2199 1697 de
2265 1631 2505 1697 Broich
2536 1633 2623 1715 ¹),
2699 1634 2766 1697 in
2841 1630 3076 1716 leyibus
3136 1633 3452 1696 licentiato
3497 1639 3558 1695 et
3602 1633 3672 1696 in
3716 1631 3972 1697 decretis

1132 1733 1569 1818 baccalaureo,
1625 1740 1953 1821 confertur
2001 1741 2406 1805 canonicatus
2454 1747 2512 1803 et
2558 1747 2920 1804 reservatur
2953 1738 3322 1823 praebenda
3366 1759 3507 1802 cum
3551 1740 3976 1825 supplemento

1136 1862 1372 1906 necnon
1419 1843 1734 1927 diqnitas,
1772 1854 2159 1930 personatus
2204 1867 2312 1910 seu
2360 1846 2647 1928 officium
2695 1847 2761 1909 in
2808 1846 3061 1909 ecclesia
3115 1845 3297 1926 Traj.

1221 1949 1300 2013 B.
1397 1950 1593 2014 Petro
1642 1951 1821 2036 Lupi
1867 1954 1935 2017 in
1981 1953 2288 2017 medicina
2334 1959 2394 2017 et
2441 1954 2508 2017 in
2555 1951 2803 2016 artibus
2845 1953 3177 2037 maqistro,
3226 1954 3341 2038 qui
3370 1973 3493 2037 per
3525 1953 3754 2037 viqinti
3782 1972 3977 2016 annos

1134 2060 1204 2121 in
1269 2057 1577 2144 theoloyia
1638 2060 1886 2124 studuit
1949 2069 2010 2125 et
2068 2068 2215 2125 actu
2271 2060 2557 2124 Parisiis
2610 2061 2805 2145 reqit,
2860 2060 3155 2124 similiter
3190 2059 3568 2145 providetur
3616 2061 3682 2123 in
3729 2060 3976 2125 ecclesia

1131 2163 1198 2227 S.
1250 2164 1608 2229 Salvatoris
1665 2166 1845 2248 Traj.

1221 2271 1295 2335 C.
1390 2271 1551 2336 Item
1608 2271 1989 2338 Theodorico
2041 2274 2287 2338 Bonnic
2332 2275 2401 2337 in
2453 2272 2688 2357 leqibus
2739 2273 3077 2337 licentiato.

1221 2378 1303 2442 D.
1396 2378 1739 2464 Ludolpho
1813 2380 1889 2443 de
1956 2381 2207 2445 Altinis
2269 2382 2574 2465 magistro
2635 2382 2704 2443 in
2767 2378 3015 2443 artibus
3075 2379 3405 2461 confertur
3467 2381 3873 2444 canonicatus
3926 2384 3984 2441 et

1127 2493 1488 2549 reservatur
1523 2484 1892 2569 praebenda
1943 2487 2009 2550 in
2056 2487 2312 2549 ecclesia
2359 2484 2771 2549 Embricensi.

1221 2591 1297 2656 Ε.
1394 2592 1663 2656 Nicolao
1727 2593 2059 2678 Riquardi
2119 2596 2187 2657 in
2250 2592 2485 2679 leqibus
2548 2592 2958 2656 baccalaureo
3020 2599 3081 2656 et
3124 2594 3194 2656 in
3241 2599 3474 2677 quarto
3521 2611 3695 2655 anno
3748 2588 3983 2675 leyendi

1117 2700 1283 2783 jura
1331 2701 1545 2764 civilia
1590 2702 1882 2765 existenti
1926 2702 2222 2764 similiter
2257 2700 2641 2786 providetur
2689 2702 2755 2763 in
2803 2699 3056 2762 ecclesia
3113 2697 3291 2782 Traj.

1229 2806 1305 2870 F.
1403 2806 1795 2871 Ghiselberto
1864 2808 1940 2871 de
2017 2807 2252 2891 Campo
2321 2809 2555 2870 rectori
2614 2805 2897 2890 capellae
2957 2804 3024 2867 S.
3087 2804 3407 2889 Spiritus,
3457 2825 3620 2890 quae
3665 2804 3849 2868 ultra
3893 2804 3976 2866 20

1141 2912 1411 2993 florenos
1457 2915 1608 2977 auri
1652 2916 1989 2979 annuatim
2035 2935 2162 2978 non
2200 2914 2398 2996 valet,
2455 2911 2635 2996 Traj.
2668 2911 2887 2992 dioec„
2937 2910 3344 2975 baccalaureo
3376 2913 3443 2974 in
3480 2909 3747 2994 leyibus,
3795 2929 3984 2973 reser-

1142 3026 1336 3083 vatur
1398 3019 1758 3102 beneficium
1813 3021 2264 3103 conferendum
2310 3041 2350 3083 a
2397 3020 2681 3104 capitulo
2728 3018 2785 3082 b.
2835 3018 3092 3081 Mariae
3147 3016 3325 3101 Traj.
3375 3026 3434 3082 et
3477 3038 3614 3081 cum
3664 3037 3823 3080 cura
3868 3017 3984 3097 25,

1146 3129 1283 3190 sine
1327 3148 1484 3191 cura
1530 3150 1671 3193 vero
1720 3131 1809 3193 16
1855 3149 2220 3193 marcarum
2268 3129 2523 3212 arqenti
2566 3127 2842 3190 valorem
2889 3146 3174 3189 annuum
3219 3145 3345 3190 non
3391 3123 3701 3190 excedens.
3739 3159 3821 3171 ——
3855 3122 3987 3187 Pro

1142 3235 1413 3318 sinqulis
1458 3235 1851 3319 deputantur
1898 3243 2268 3300 executores.

1152 3414 1552 3481 Litterarum
1600 3418 1894 3483 scientia.
1923 3466 1939 3481 .
1972 3466 1986 3481 .
2016 3465 2031 3480 .
2081 3417 2234 3482 Dat.
2284 3416 2652 3498 Avinione,
2701 3415 2764 3480 V
2810 3414 2920 3479 Kl.
2971 3414 3343 3497 Februarii,
3393 3434 3565 3478 anno
3613 3413 3844 3499 primo·

1339 3533 1463 3596 Ray.
1499 3534 1596 3582 Δυ.
1632 3534 1821 3583 scilicet
1853 3534 1895 3583 A
1939 3530 2001 3584 Τ.
2036 3534 2088 3592 ⁴2,
2117 3531 2324 3597 s.104;
2363 3532 2487 3597 Bs.
2512 3531 2638 3594 207;
2675 3530 2713 3580 C
2759 3533 2814 3580 T.
2848 3530 2904 3594 3,
2932 3530 3143 3595 f.435;
3181 3531 3223 3580 D
3270 3532 3326 3581 T.
3361 3529 3416 3593 7,
3442 3528 3675 3595 f.166⁸;
3713 3529 3753 3579 E
3779 3527 3999 3594 fimo-3

1271 3617 1307 3666 F
1354 3619 1405 3665 r.
1442 3616 1499 3678 9,
1528 3620 1586 3682 s.
1622 3616 1762 3667 2570.

1069 3744 1127 3807 1)
1163 3744 1358 3807 Broek‚
1396 3743 1549 3806 cujus
1582 3745 1818 3796 nominis
1854 3745 1987 3795 varii
2023 3744 2080 3794 in
2115 3750 2298 3794 nostra
2335 3745 2504 3808 patria
2541 3743 2658 3793 loci.

909 4148 1374 4218 1954—1963.
1868 4151 2079 4232 1371,
2127 4147 2446 4213 Januarii
2491 4152 2615 4233 28,
2664 4152 3031 4217 Avenionis.

1234 4305 1321 4370 A.
1418 4306 1799 4390 Praeposito
1873 4305 2159 4368 ecclesiae
2230 4303 2297 4367 S.
2361 4303 2684 4368 Johannis
2754 4305 2936 4388 Traj.
2999 4305 3387 4388 mandatur,
3447 4314 3522 4370 ut
3577 4305 3882 4371 Bertoldo
3926 4305 3995 4369 de

1152 4411 1535 4476 Rowenhove
1561 4412 1613 4494 l)
1675 4410 2053 4475 subdiacono
2079 4459 2095 4492 ,
2152 4412 2447 4475 canonico
2495 4412 2779 4475 ecclesiae
2826 4411 2893 4476 S.
2943 4411 3301 4477 Salvatoris
3355 4411 3536 4495 Traj.
3557 4462 3574 4494 ,
3622 4414 3692 4476 in
3736 4419 3997 4498 utroque

1129 4520 1290 4602 jure
1335 4518 1778 4599 baccalaureo‚
1824 4539 1866 4581 a
1910 4520 1999 4583 19
2047 4520 2235 4581 annis
2280 4520 2586 4602 maqistro
2633 4520 2703 4581 in
2747 4518 2996 4582 artibus
3041 4526 3102 4582 et
3145 4521 3216 4583 in
3259 4519 3577 4602 facultate
3612 4519 3996 4584 decretorum

1146 4624 1431 4689 Parisiis
1478 4633 1624 4689 actu
1675 4626 1931 4709 leyenti,
1981 4624 2271 4707 conferat
2317 4626 2759 4689 canonicatum
2803 4633 2864 4690 et
2892 4632 3162 4689 reservet
3191 4625 3623 4711 praebendam
3653 4627 3723 4689 in
3753 4625 3998 4691 ecclesia

1144 4730 1212 4794 S.
1263 4730 1521 4795 Mariae
1575 4731 1756 4813 Traj.

1242 4835 1321 4900 B.
1416 4836 1640 4900 Eidem
1708 4835 2094 4919 mandatur,
2163 4842 2239 4898 ut
2311 4835 2607 4900 Arnoldo
2675 4836 2753 4899 de
2833 4835 3106 4901 Trichen
3161 4845 3471 4922 perpetuo
3538 4838 3870 4922 capellano
3934 4838 3998 4900 in

1149 4943 1401 5027 capella
1447 4943 1523 5005 de
1578 4940 1881 5023 Trichen,
1909 4941 1962 5025 2)
2011 4942 2137 5004 sita
2182 4944 2252 5004 in
2287 4942 2660 5025 parochiali
2704 4942 2958 5006 ecclesia
3003 4941 3079 5006 de
3125 4941 3380 5007 Malsen
3436 4941 3615 5027 Traj.
3663 4943 3890 5025 dioec„
3934 4943 3995 5005 in

1157 5047 1404 5113 artibus
1448 5049 1753 5133 maqistro
1801 5054 1858 5110 et
1904 5049 1973 5111 in
2024 5046 2287 5110 decretis
2331 5046 2647 5129 scholari,
2695 5048 2990 5112 similiter
3023 5048 3357 5133 provideri
3397 5047 3622 5129 faciat.

1238 5152 1311 5218 O.
1404 5152 1628 5216 Eidem
1659 5152 2031 5236 mandatur,
2064 5159 2139 5216 ut
2160 5151 2458 5215 Johanni
2488 5152 2564 5216 de
2587 5152 2994 5238 Beeseqhoem
3011 5152 3066 5236 3)
3088 5160 3400 5239 perpetuo
3432 5158 3501 5217 in
3532 5153 3786 5217 ecclesia
3818 5151 3993 5235 Traj.

1149 5261 1414 5341 vicario,
1447 5259 1523 5323 de
1549 5280 1772 5345 yenere
1803 5258 2082 5323 militum
2100 5266 2473 5343 procreato,
2507 5260 2803 5323 similiter
2822 5259 3159 5344 provideri
3186 5259 3394 5342 faciat
3425 5260 3496 5323 in
3526 5260 3781 5323 ecclesia
3814 5258 3990 5341 Traj.

1249 5366 1331 5429 D.
1429 5366 1654 5431 Eidem
1699 5366 2072 5448 mandatur,
2105 5373 2179 5429 ut
2208 5365 2504 5430 Johanni
2534 5365 2610 5429 de
2639 5365 2938 5430 Maersen
2968 5367 3189 5431 clerico
3230 5366 3412 5450 Traj.
3446 5366 3667 5449 dioec,
3702 5367 3997 5451 mayistro

1165 5472 1235 5534 in
1284 5470 1535 5535 artibus
1581 5479 1640 5535 et
1674 5493 1799 5556 per
1847 5470 2004 5535 duos
2051 5472 2303 5534 circiter
2347 5490 2549 5533 annos
2594 5472 2664 5534 in
2700 5470 2961 5534 decretis
2998 5470 3302 5553 studenti,
3349 5477 3616 5535 reservet
3649 5469 3998 5553 beneficium

1162 5576 1618 5658 conferendum
1664 5576 1744 5640 ab
1790 5576 2009 5641 abbate
2054 5584 2114 5640 et
2159 5583 2461 5640 conventu
2505 5578 2873 5641 monasterii
2918 5576 3372 5661 Eqmondensis
3416 5583 3476 5640 et
3516 5597 3656 5641 cum
3693 5597 3852 5640 cura
3887 5577 3968 5640 25
3980 5621 3995 5657 ,

1151 5685 1287 5747 sine
1333 5703 1493 5747 cura
1538 5704 1681 5747 vero
1725 5685 1816 5748 16
1862 5702 2227 5747 marcarum
2273 5684 2525 5766 arqenti
2568 5684 2844 5747 valorem
2891 5703 3177 5748 annuum
3221 5704 3349 5749 non
3395 5682 3706 5748 excedens.
