<?xml version="1.0" encoding="UTF-8"?>
<!DOCTYPE html PUBLIC "-//W3C//DTD XHTML 1.0 Transitional//EN"
    "http://www.w3.org/TR/xhtml1/DTD/xhtml1-transitional.dtd">
<html xmlns="http://www.w3.org/1999/xhtml" xml:lang="en" lang="en">
 <head>
  <title>
</title>
<meta http-equiv="Content-Type" content="text/html;charset=utf-8" />
  <meta name='ocr-system' content='tesseract 3.04.00' />
  <meta name='ocr-capabilities' content='ocr_page ocr_carea ocr_par ocr_line ocrx_word'/>
</head>
<body>
  <div class='ocr_page' id='page_1' title='image "./bullariumtrajec00nethgoog_0268.png"; bbox 0 0 4450 6684; ppageno 0'>
   <div class='ocr_carea' id='block_1_1' title="bbox 941 499 2703 568">
    <p class='ocr_par' dir='ltr' id='par_1_1' title="bbox 941 499 2703 568">
     <span class='ocr_line' id='line_1_1' title="bbox 941 499 2703 568; baseline 0.003 -5"><span class='ocrx_word' id='word_1_1' title='bbox 941 499 1068 563; x_wconf 81' lang='lat'>170</span> <span class='ocrx_word' id='word_1_2' title='bbox 2230 503 2565 568; x_wconf 73' lang='lat' dir='ltr'>Unsnms</span> <span class='ocrx_word' id='word_1_3' title='bbox 2619 502 2703 568; x_wconf 84' lang='lat' dir='ltr'>V.</span> 
     </span>
    </p>
   </div>
   <div class='ocr_carea' id='block_1_2' title="bbox 932 723 4007 3353">
    <p class='ocr_par' dir='ltr' id='par_1_2' title="bbox 932 723 4007 3353">
     <span class='ocr_line' id='line_1_2' title="bbox 934 723 4004 816; baseline 0.003 -32"><span class='ocrx_word' id='word_1_4' title='bbox 934 725 1300 809; x_wconf 90' lang='lat' dir='ltr'>postposito</span> <span class='ocrx_word' id='word_1_5' title='bbox 1351 725 1551 787; x_wconf 89' lang='lat' dir='ltr'>etiam</span> <span class='ocrx_word' id='word_1_6' title='bbox 1598 726 1666 788; x_wconf 90' lang='lat' dir='ltr'>in</span> <span class='ocrx_word' id='word_1_7' title='bbox 1716 723 1893 789; x_wconf 87' lang='lat' dir='ltr'>dicta</span> <span class='ocrx_word' id='word_1_8' title='bbox 1938 726 2219 794; x_wconf 84' lang='lat' dir='ltr'>ecclesia</span> <span class='ocrx_word' id='word_1_9' title='bbox 2266 725 2620 792; x_wconf 90' lang='lat' dir='ltr'>nonnullos</span> <span class='ocrx_word' id='word_1_10' title='bbox 2666 728 2968 794; x_wconf 91' lang='lat' dir='ltr'>homines</span> <span class='ocrx_word' id='word_1_11' title='bbox 3016 729 3171 794; x_wconf 81' lang='lat' dir='ltr'>ville</span> <span class='ocrx_word' id='word_1_12' title='bbox 3205 727 3501 815; x_wconf 91' lang='lat' dir='ltr'>predicte</span> <span class='ocrx_word' id='word_1_13' title='bbox 3535 728 3783 793; x_wconf 91' lang='lat' dir='ltr'>dudum</span> <span class='ocrx_word' id='word_1_14' title='bbox 3819 750 4004 816; x_wconf 90' lang='lat' dir='ltr'>cepe·</span> 
     </span>
     <span class='ocr_line' id='line_1_3' title="bbox 932 832 4003 920; baseline 0 -20"><span class='ocrx_word' id='word_1_15' title='bbox 932 841 1089 900; x_wconf 90' lang='lat' dir='ltr'>runt</span> <span class='ocrx_word' id='word_1_16' title='bbox 1137 842 1206 900; x_wconf 87' lang='lat' dir='ltr'>et</span> <span class='ocrx_word' id='word_1_17' title='bbox 1253 856 1402 917; x_wconf 74' lang='lat' dir='ltr'>e08,</span> <span class='ocrx_word' id='word_1_18' title='bbox 1451 834 1661 898; x_wconf 91' lang='lat' dir='ltr'>donec</span> <span class='ocrx_word' id='word_1_19' title='bbox 1710 854 1782 898; x_wconf 92' lang='lat' dir='ltr'>se</span> <span class='ocrx_word' id='word_1_20' title='bbox 1829 832 2261 913; x_wconf 80' lang='lat' dir='ltr'>redimerent,</span> <span class='ocrx_word' id='word_1_21' title='bbox 2313 834 2659 899; x_wconf 89' lang='lat' dir='ltr'>tormentis</span> <span class='ocrx_word' id='word_1_22' title='bbox 2707 842 3189 920; x_wconf 82' lang='lat' dir='ltr'>exposuerunt,</span> <span class='ocrx_word' id='word_1_23' title='bbox 3239 836 3506 900; x_wconf 86' lang='lat' dir='ltr'>visitare</span> <span class='ocrx_word' id='word_1_24' title='bbox 3556 856 3688 900; x_wconf 92' lang='lat' dir='ltr'>non</span> <span class='ocrx_word' id='word_1_25' title='bbox 3737 837 4003 903; x_wconf 84' lang='lat' dir='ltr'>audent.</span> 
     </span>
     <span class='ocr_line' id='line_1_4' title="bbox 934 939 4003 1029; baseline 0.001 -23"><span class='ocrx_word' id='word_1_26' title='bbox 934 942 1154 1018; x_wconf 81' lang='lat' dir='ltr'>Quare</span> <span class='ocrx_word' id='word_1_27' title='bbox 1202 964 1320 1029; x_wconf 92' lang='lat' dir='ltr'>pro</span> <span class='ocrx_word' id='word_1_28' title='bbox 1369 947 1557 1027; x_wconf 89' lang='lat' dir='ltr'>parte</span> <span class='ocrx_word' id='word_1_29' title='bbox 1605 939 1931 1004; x_wconf 89' lang='lat' dir='ltr'>dictorum</span> <span class='ocrx_word' id='word_1_30' title='bbox 1980 940 2434 1005; x_wconf 83' lang='lat' dir='ltr'>universitatis</span> <span class='ocrx_word' id='word_1_31' title='bbox 2481 942 2672 1006; x_wconf 92' lang='lat' dir='ltr'>nobis</span> <span class='ocrx_word' id='word_1_32' title='bbox 2704 942 2829 1006; x_wconf 90' lang='lat' dir='ltr'>fuit</span> <span class='ocrx_word' id='word_1_33' title='bbox 2860 941 3200 1007; x_wconf 87' lang='lat' dir='ltr'>humiliter</span> <span class='ocrx_word' id='word_1_34' title='bbox 3231 943 3702 1028; x_wconf 77' lang='lat' dir='ltr'>supplicatum,</span> <span class='ocrx_word' id='word_1_35' title='bbox 3753 951 3829 1009; x_wconf 90' lang='lat' dir='ltr'>ut</span> <span class='ocrx_word' id='word_1_36' title='bbox 3861 967 4003 1010; x_wconf 88' lang='lat' dir='ltr'>cum</span> 
     </span>
     <span class='ocr_line' id='line_1_5' title="bbox 934 1044 4002 1135; baseline 0.002 -22"><span class='ocrx_word' id='word_1_37' title='bbox 934 1048 1253 1135; x_wconf 90' lang='lat' dir='ltr'>predicta.</span> <span class='ocrx_word' id='word_1_38' title='bbox 1291 1047 1716 1134; x_wconf 79' lang='lat' dir='ltr'>parrochialis</span> <span class='ocrx_word' id='word_1_39' title='bbox 1778 1044 2058 1112; x_wconf 83' lang='lat' dir='ltr'>ecclesia</span> <span class='ocrx_word' id='word_1_40' title='bbox 2104 1047 2174 1110; x_wconf 94' lang='lat' dir='ltr'>in</span> <span class='ocrx_word' id='word_1_41' title='bbox 2221 1046 2590 1112; x_wconf 81' lang='lat' dir='ltr'>redditibus</span> <span class='ocrx_word' id='word_1_42' title='bbox 2637 1047 2981 1114; x_wconf 88' lang='lat' dir='ltr'>habundet</span> <span class='ocrx_word' id='word_1_43' title='bbox 3025 1049 3178 1132; x_wconf 83' lang='lat' dir='ltr'>(sic)</span> <span class='ocrx_word' id='word_1_44' title='bbox 3224 1049 3564 1135; x_wconf 90' lang='lat' dir='ltr'>ipsiusque</span> <span class='ocrx_word' id='word_1_45' title='bbox 3611 1051 4002 1119; x_wconf 81' lang='lat' dir='ltr'>universitas</span> 
     </span>
     <span class='ocr_line' id='line_1_6' title="bbox 937 1153 4002 1242; baseline 0.001 -22"><span class='ocrx_word' id='word_1_46' title='bbox 937 1156 1006 1220; x_wconf 93' lang='lat' dir='ltr'>in</span> <span class='ocrx_word' id='word_1_47' title='bbox 1071 1156 1368 1242; x_wconf 86' lang='lat' dir='ltr'>predicta</span> <span class='ocrx_word' id='word_1_48' title='bbox 1430 1154 1587 1219; x_wconf 85' lang='lat' dir='ltr'>villa</span> <span class='ocrx_word' id='word_1_49' title='bbox 1650 1153 1978 1239; x_wconf 89' lang='lat' dir='ltr'>quandam</span> <span class='ocrx_word' id='word_1_50' title='bbox 2046 1153 2364 1239; x_wconf 89' lang='lat' dir='ltr'>capellam</span> <span class='ocrx_word' id='word_1_51' title='bbox 2432 1156 2554 1220; x_wconf 92' lang='lat' dir='ltr'>sub</span> <span class='ocrx_word' id='word_1_52' title='bbox 2620 1157 2939 1221; x_wconf 87' lang='lat' dir='ltr'>vocabulo</span> <span class='ocrx_word' id='word_1_53' title='bbox 3001 1157 3180 1221; x_wconf 88' lang='lat' dir='ltr'>beati</span> <span class='ocrx_word' id='word_1_54' title='bbox 3243 1157 3562 1238; x_wconf 89' lang='lat' dir='ltr'>Dionisii,</span> <span class='ocrx_word' id='word_1_55' title='bbox 3624 1164 3808 1222; x_wconf 91' lang='lat' dir='ltr'>certa</span> <span class='ocrx_word' id='word_1_56' title='bbox 3854 1158 4002 1224; x_wconf 88' lang='lat' dir='ltr'>dote</span> 
     </span>
     <span class='ocr_line' id='line_1_7' title="bbox 937 1260 4004 1349; baseline 0 -20"><span class='ocrx_word' id='word_1_57' title='bbox 937 1265 1307 1348; x_wconf 84' lang='lat' dir='ltr'>assignata,</span> <span class='ocrx_word' id='word_1_58' title='bbox 1373 1261 1455 1324; x_wconf 91' lang='lat' dir='ltr'>de</span> <span class='ocrx_word' id='word_1_59' title='bbox 1523 1260 1621 1324; x_wconf 89' lang='lat' dir='ltr'>tui</span> <span class='ocrx_word' id='word_1_60' title='bbox 1686 1260 1964 1325; x_wconf 80' lang='lat' dir='ltr'>licencia</span> <span class='ocrx_word' id='word_1_61' title='bbox 2025 1263 2316 1325; x_wconf 87' lang='lat' dir='ltr'>construi</span> <span class='ocrx_word' id='word_1_62' title='bbox 2380 1262 2693 1346; x_wconf 76' lang='lat' dir='ltr'>fecerint,</span> <span class='ocrx_word' id='word_1_63' title='bbox 2757 1285 2885 1349; x_wconf 91' lang='lat' dir='ltr'>que</span> <span class='ocrx_word' id='word_1_64' title='bbox 2949 1264 3163 1328; x_wconf 86' lang='lat' dir='ltr'>adhuc</span> <span class='ocrx_word' id='word_1_65' title='bbox 3221 1272 3541 1329; x_wconf 91' lang='lat' dir='ltr'>rectorem</span> <span class='ocrx_word' id='word_1_66' title='bbox 3592 1285 3724 1329; x_wconf 93' lang='lat' dir='ltr'>non</span> <span class='ocrx_word' id='word_1_67' title='bbox 3770 1265 4004 1348; x_wconf 89' lang='lat' dir='ltr'>habet,</span> 
     </span>
     <span class='ocr_line' id='line_1_8' title="bbox 934 1367 4004 1458; baseline 0 -23"><span class='ocrx_word' id='word_1_68' title='bbox 934 1368 1281 1458; x_wconf 88' lang='lat' dir='ltr'>providere</span> <span class='ocrx_word' id='word_1_69' title='bbox 1329 1368 1424 1431; x_wconf 88' lang='lat' dir='ltr'>eis</span> <span class='ocrx_word' id='word_1_70' title='bbox 1467 1387 1662 1453; x_wconf 86' lang='lat' dir='ltr'>super</span> <span class='ocrx_word' id='word_1_71' title='bbox 1701 1367 2035 1452; x_wconf 88' lang='lat' dir='ltr'>premissis</span> <span class='ocrx_word' id='word_1_72' title='bbox 2077 1367 2158 1431; x_wconf 92' lang='lat' dir='ltr'>de</span> <span class='ocrx_word' id='word_1_73' title='bbox 2200 1369 2617 1454; x_wconf 84' lang='lat' dir='ltr'>benignitate</span> <span class='ocrx_word' id='word_1_74' title='bbox 2659 1371 3020 1456; x_wconf 90' lang='lat' dir='ltr'>apostolica</span> <span class='ocrx_word' id='word_1_75' title='bbox 3058 1370 3502 1456; x_wconf 89' lang='lat' dir='ltr'>dignaremur.</span> <span class='ocrx_word' id='word_1_76' title='bbox 3575 1371 3713 1435; x_wconf 83' lang='lat' dir='ltr'>Nos</span> <span class='ocrx_word' id='word_1_77' title='bbox 3754 1372 4004 1458; x_wconf 90' lang='lat' dir='ltr'>itaque,</span> 
     </span>
     <span class='ocr_line' id='line_1_9' title="bbox 933 1473 4005 1566; baseline 0 -22"><span class='ocrx_word' id='word_1_78' title='bbox 933 1477 1314 1564; x_wconf 89' lang='lat' dir='ltr'>hujusmodi</span> <span class='ocrx_word' id='word_1_79' title='bbox 1361 1473 1953 1560; x_wconf 84' lang='lat' dir='ltr'>supplicationibus</span> <span class='ocrx_word' id='word_1_80' title='bbox 2003 1475 2335 1557; x_wconf 89' lang='lat' dir='ltr'>inclinati,</span> <span class='ocrx_word' id='word_1_81' title='bbox 2384 1476 2784 1543; x_wconf 87' lang='lat' dir='ltr'>fraternitati</span> <span class='ocrx_word' id='word_1_82' title='bbox 2835 1484 2947 1543; x_wconf 91' lang='lat' dir='ltr'>tue</span> <span class='ocrx_word' id='word_1_83' title='bbox 2989 1499 3107 1565; x_wconf 91' lang='lat' dir='ltr'>per</span> <span class='ocrx_word' id='word_1_84' title='bbox 3148 1480 3510 1565; x_wconf 88' lang='lat' dir='ltr'>apostolica</span> <span class='ocrx_word' id='word_1_85' title='bbox 3550 1480 3795 1566; x_wconf 86' lang='lat' dir='ltr'>scripta</span> <span class='ocrx_word' id='word_1_86' title='bbox 3833 1501 4005 1546; x_wconf 91' lang='lat' dir='ltr'>man-</span> 
     </span>
     <span class='ocr_line' id='line_1_10' title="bbox 940 1581 4004 1671; baseline -0 -21"><span class='ocrx_word' id='word_1_87' title='bbox 940 1587 1206 1665; x_wconf 90' lang='lat' dir='ltr'>damus,</span> <span class='ocrx_word' id='word_1_88' title='bbox 1279 1581 1627 1668; x_wconf 88' lang='lat' dir='ltr'>quatinus,</span> <span class='ocrx_word' id='word_1_89' title='bbox 1702 1581 1755 1644; x_wconf 92' lang='lat' dir='ltr'>si</span> <span class='ocrx_word' id='word_1_90' title='bbox 1826 1583 2075 1645; x_wconf 86' lang='lat' dir='ltr'>vocatis</span> <span class='ocrx_word' id='word_1_91' title='bbox 2147 1581 2323 1647; x_wconf 91' lang='lat' dir='ltr'>dicte</span> <span class='ocrx_word' id='word_1_92' title='bbox 2388 1584 2663 1649; x_wconf 89' lang='lat' dir='ltr'>ecclesie</span> <span class='ocrx_word' id='word_1_93' title='bbox 2727 1591 2982 1650; x_wconf 90' lang='lat' dir='ltr'>rectore</span> <span class='ocrx_word' id='word_1_94' title='bbox 3045 1606 3163 1670; x_wconf 90' lang='lat' dir='ltr'>pro</span> <span class='ocrx_word' id='word_1_95' title='bbox 3221 1593 3514 1671; x_wconf 89' lang='lat' dir='ltr'>tempore</span> <span class='ocrx_word' id='word_1_96' title='bbox 3562 1587 3896 1651; x_wconf 83' lang='lat' dir='ltr'>existente</span> <span class='ocrx_word' id='word_1_97' title='bbox 3940 1594 4004 1651; x_wconf 92' lang='lat' dir='ltr'>et</span> 
     </span>
     <span class='ocr_line' id='line_1_11' title="bbox 937 1686 4001 1777; baseline -0 -20"><span class='ocrx_word' id='word_1_98' title='bbox 937 1693 1112 1774; x_wconf 89' lang='lat' dir='ltr'>aliis,</span> <span class='ocrx_word' id='word_1_99' title='bbox 1162 1691 1271 1776; x_wconf 90' lang='lat' dir='ltr'>qui</span> <span class='ocrx_word' id='word_1_100' title='bbox 1322 1688 1569 1753; x_wconf 89' lang='lat' dir='ltr'>fuerint</span> <span class='ocrx_word' id='word_1_101' title='bbox 1617 1686 1966 1769; x_wconf 87' lang='lat' dir='ltr'>evocandi,</span> <span class='ocrx_word' id='word_1_102' title='bbox 2018 1688 2336 1774; x_wconf 88' lang='lat' dir='ltr'>premissa</span> <span class='ocrx_word' id='word_1_103' title='bbox 2385 1691 2706 1775; x_wconf 88' lang='lat' dir='ltr'>repereris</span> <span class='ocrx_word' id='word_1_104' title='bbox 2747 1692 3028 1756; x_wconf 87' lang='lat' dir='ltr'>veritate</span> <span class='ocrx_word' id='word_1_105' title='bbox 3062 1691 3307 1770; x_wconf 90' lang='lat' dir='ltr'>fulciri,</span> <span class='ocrx_word' id='word_1_106' title='bbox 3356 1692 3426 1755; x_wconf 90' lang='lat' dir='ltr'>in</span> <span class='ocrx_word' id='word_1_107' title='bbox 3461 1691 3694 1756; x_wconf 89' lang='lat' dir='ltr'>eadem</span> <span class='ocrx_word' id='word_1_108' title='bbox 3729 1693 4001 1777; x_wconf 90' lang='lat' dir='ltr'>capella,</span> 
     </span>
     <span class='ocr_line' id='line_1_12' title="bbox 939 1795 4005 1885; baseline -0.001 -20"><span class='ocrx_word' id='word_1_109' title='bbox 939 1800 1199 1866; x_wconf 90' lang='lat' dir='ltr'>sublato</span> <span class='ocrx_word' id='word_1_110' title='bbox 1267 1795 1623 1880; x_wconf 89' lang='lat' dir='ltr'>cujuslibet</span> <span class='ocrx_word' id='word_1_111' title='bbox 1688 1795 2152 1881; x_wconf 85' lang='lat' dir='ltr'>appellationis</span> <span class='ocrx_word' id='word_1_112' title='bbox 2216 1797 2535 1879; x_wconf 89' lang='lat' dir='ltr'>articulo,</span> <span class='ocrx_word' id='word_1_113' title='bbox 2601 1797 2681 1860; x_wconf 88' lang='lat' dir='ltr'>ad</span> <span class='ocrx_word' id='word_1_114' title='bbox 2732 1798 3292 1884; x_wconf 89' lang='lat' dir='ltr'>presentationem</span> <span class='ocrx_word' id='word_1_115' title='bbox 3345 1797 3503 1862; x_wconf 90' lang='lat' dir='ltr'>dicti</span> <span class='ocrx_word' id='word_1_116' title='bbox 3549 1799 3822 1863; x_wconf 89' lang='lat' dir='ltr'>rectoris</span> <span class='ocrx_word' id='word_1_117' title='bbox 3868 1819 4005 1885; x_wconf 89' lang='lat' dir='ltr'>per-</span> 
     </span>
     <span class='ocr_line' id='line_1_13' title="bbox 937 1902 4002 1989; baseline -0.002 -17"><span class='ocrx_word' id='word_1_118' title='bbox 937 1926 1166 1972; x_wconf 90' lang='lat' dir='ltr'>sonam</span> <span class='ocrx_word' id='word_1_119' title='bbox 1230 1902 1595 1989; x_wconf 78' lang='lat' dir='ltr'>ydoneam,</span> <span class='ocrx_word' id='word_1_120' title='bbox 1660 1921 1788 1985; x_wconf 91' lang='lat' dir='ltr'>que</span> <span class='ocrx_word' id='word_1_121' title='bbox 1852 1921 2073 1965; x_wconf 88' lang='lat' dir='ltr'>curam</span> <span class='ocrx_word' id='word_1_122' title='bbox 2144 1903 2505 1967; x_wconf 87' lang='lat' dir='ltr'>animarum</span> <span class='ocrx_word' id='word_1_123' title='bbox 2573 1903 2977 1988; x_wconf 88' lang='lat' dir='ltr'>singularum</span> <span class='ocrx_word' id='word_1_124' title='bbox 3026 1924 3454 1989; x_wconf 89' lang='lat' dir='ltr'>personarum</span> <span class='ocrx_word' id='word_1_125' title='bbox 3502 1903 3677 1969; x_wconf 91' lang='lat' dir='ltr'>dicte</span> <span class='ocrx_word' id='word_1_126' title='bbox 3726 1904 3880 1968; x_wconf 80' lang='lat' dir='ltr'>ville</span> <span class='ocrx_word' id='word_1_127' title='bbox 3925 1903 4002 1967; x_wconf 90' lang='lat' dir='ltr'>de</span> 
     </span>
     <span class='ocr_line' id='line_1_14' title="bbox 939 2007 3999 2097; baseline -0.002 -19"><span class='ocrx_word' id='word_1_128' title='bbox 939 2008 1481 2097; x_wconf 80' lang='lat' dir='ltr'>Stywikerawald</span> <span class='ocrx_word' id='word_1_129' title='bbox 1531 2008 1600 2071; x_wconf 94' lang='lat' dir='ltr'>in</span> <span class='ocrx_word' id='word_1_130' title='bbox 1648 2007 1951 2071; x_wconf 91' lang='lat' dir='ltr'>omnibus</span> <span class='ocrx_word' id='word_1_131' title='bbox 2001 2013 2192 2092; x_wconf 85' lang='lat' dir='ltr'>gerat</span> <span class='ocrx_word' id='word_1_132' title='bbox 2239 2015 2307 2074; x_wconf 97' lang='lat' dir='ltr'>et</span> <span class='ocrx_word' id='word_1_133' title='bbox 2352 2009 2600 2075; x_wconf 88' lang='lat' dir='ltr'>habeat</span> <span class='ocrx_word' id='word_1_134' title='bbox 2646 2016 2716 2074; x_wconf 90' lang='lat' dir='ltr'>et</span> <span class='ocrx_word' id='word_1_135' title='bbox 2763 2011 2858 2074; x_wconf 89' lang='lat' dir='ltr'>eis</span> <span class='ocrx_word' id='word_1_136' title='bbox 2906 2010 3351 2075; x_wconf 89' lang='lat' dir='ltr'>ecclesiastica</span> <span class='ocrx_word' id='word_1_137' title='bbox 3392 2010 3821 2075; x_wconf 87' lang='lat' dir='ltr'>Sacramenta</span> <span class='ocrx_word' id='word_1_138' title='bbox 3852 2030 3999 2095; x_wconf 91' lang='lat' dir='ltr'>que-</span> 
     </span>
     <span class='ocr_line' id='line_1_15' title="bbox 943 2113 4003 2203; baseline -0.002 -19"><span class='ocrx_word' id='word_1_139' title='bbox 943 2138 1203 2203; x_wconf 91' lang='lat' dir='ltr'>cunque</span> <span class='ocrx_word' id='word_1_140' title='bbox 1252 2136 1370 2200; x_wconf 91' lang='lat' dir='ltr'>per</span> <span class='ocrx_word' id='word_1_141' title='bbox 1416 2119 1705 2178; x_wconf 86' lang='lat' dir='ltr'>rectores</span> <span class='ocrx_word' id='word_1_142' title='bbox 1754 2113 2258 2199; x_wconf 87' lang='lat' dir='ltr'>parrochialium</span> <span class='ocrx_word' id='word_1_143' title='bbox 2306 2116 2730 2180; x_wconf 90' lang='lat' dir='ltr'>ecclesiarum</span> <span class='ocrx_word' id='word_1_144' title='bbox 2779 2117 2914 2179; x_wconf 90' lang='lat' dir='ltr'>suis</span> <span class='ocrx_word' id='word_1_145' title='bbox 2947 2116 3393 2202; x_wconf 86' lang='lat' dir='ltr'>parrochianis</span> <span class='ocrx_word' id='word_1_146' title='bbox 3426 2117 3784 2181; x_wconf 89' lang='lat' dir='ltr'>ministrari</span> <span class='ocrx_word' id='word_1_147' title='bbox 3817 2116 4003 2180; x_wconf 86' lang='lat' dir='ltr'>solita</span> 
     </span>
     <span class='ocr_line' id='line_1_16' title="bbox 940 2221 4004 2310; baseline -0.001 -20"><span class='ocrx_word' id='word_1_148' title='bbox 940 2226 1304 2303; x_wconf 88' lang='lat' dir='ltr'>ministret,</span> <span class='ocrx_word' id='word_1_149' title='bbox 1356 2222 1511 2286; x_wconf 89' lang='lat' dir='ltr'>dote</span> <span class='ocrx_word' id='word_1_150' title='bbox 1560 2222 1909 2285; x_wconf 87' lang='lat' dir='ltr'>sufficienti</span> <span class='ocrx_word' id='word_1_151' title='bbox 1959 2243 2076 2306; x_wconf 91' lang='lat' dir='ltr'>per</span> <span class='ocrx_word' id='word_1_152' title='bbox 2124 2221 2335 2286; x_wconf 91' lang='lat' dir='ltr'>dictos</span> <span class='ocrx_word' id='word_1_153' title='bbox 2382 2224 2884 2288; x_wconf 86' lang='lat' dir='ltr'>universitatem</span> <span class='ocrx_word' id='word_1_154' title='bbox 2932 2225 3000 2287; x_wconf 92' lang='lat' dir='ltr'>in</span> <span class='ocrx_word' id='word_1_155' title='bbox 3045 2224 3378 2310; x_wconf 89' lang='lat' dir='ltr'>premissis</span> <span class='ocrx_word' id='word_1_156' title='bbox 3412 2224 3716 2309; x_wconf 90' lang='lat' dir='ltr'>primitus</span> <span class='ocrx_word' id='word_1_157' title='bbox 3747 2224 4004 2288; x_wconf 87' lang='lat' dir='ltr'>realiter</span> 
     </span>
     <span class='ocr_line' id='line_1_17' title="bbox 941 2328 4004 2418; baseline -0.002 -19"><span class='ocrx_word' id='word_1_158' title='bbox 941 2335 1306 2418; x_wconf 79' lang='lat' dir='ltr'>assignata,</span> <span class='ocrx_word' id='word_1_159' title='bbox 1356 2331 1424 2394; x_wconf 92' lang='lat' dir='ltr'>in</span> <span class='ocrx_word' id='word_1_160' title='bbox 1471 2338 1793 2393; x_wconf 87' lang='lat' dir='ltr'>rectorem</span> <span class='ocrx_word' id='word_1_161' title='bbox 1844 2329 2173 2391; x_wconf 87' lang='lat' dir='ltr'>instituas.</span> <span class='ocrx_word' id='word_1_162' title='bbox 2236 2329 2304 2393; x_wconf 84' lang='lat' dir='ltr'>Si</span> <span class='ocrx_word' id='word_1_163' title='bbox 2351 2350 2506 2393; x_wconf 82' lang='lat' dir='ltr'>vero</span> <span class='ocrx_word' id='word_1_164' title='bbox 2555 2330 2848 2416; x_wconf 90' lang='lat' dir='ltr'>prefatus</span> <span class='ocrx_word' id='word_1_165' title='bbox 2894 2336 3113 2395; x_wconf 89' lang='lat' dir='ltr'>rector</span> <span class='ocrx_word' id='word_1_166' title='bbox 3158 2351 3506 2416; x_wconf 89' lang='lat' dir='ltr'>personam</span> <span class='ocrx_word' id='word_1_167' title='bbox 3553 2329 3881 2413; x_wconf 83' lang='lat' dir='ltr'>ydoneam</span> <span class='ocrx_word' id='word_1_168' title='bbox 3927 2328 4004 2393; x_wconf 88' lang='lat' dir='ltr'>ad</span> 
     </span>
     <span class='ocr_line' id='line_1_18' title="bbox 938 2434 4002 2523; baseline -0.001 -19"><span class='ocrx_word' id='word_1_169' title='bbox 938 2440 1178 2504; x_wconf 87' lang='lat' dir='ltr'>dictam</span> <span class='ocrx_word' id='word_1_170' title='bbox 1228 2437 1545 2522; x_wconf 85' lang='lat' dir='ltr'>capellam</span> <span class='ocrx_word' id='word_1_171' title='bbox 1596 2434 1717 2500; x_wconf 88' lang='lat' dir='ltr'>tibi</span> <span class='ocrx_word' id='word_1_172' title='bbox 1765 2441 2150 2519; x_wconf 88' lang='lat' dir='ltr'>presentare</span> <span class='ocrx_word' id='word_1_173' title='bbox 2198 2434 2531 2499; x_wconf 86' lang='lat' dir='ltr'>distulerit</span> <span class='ocrx_word' id='word_1_174' title='bbox 2578 2435 2684 2500; x_wconf 86' lang='lat' dir='ltr'>vel</span> <span class='ocrx_word' id='word_1_175' title='bbox 2733 2443 2799 2500; x_wconf 91' lang='lat' dir='ltr'>te</span> <span class='ocrx_word' id='word_1_176' title='bbox 2848 2437 2915 2499; x_wconf 90' lang='lat' dir='ltr'>in</span> <span class='ocrx_word' id='word_1_177' title='bbox 2964 2437 3299 2523; x_wconf 90' lang='lat' dir='ltr'>premissis</span> <span class='ocrx_word' id='word_1_178' title='bbox 3341 2437 3626 2500; x_wconf 82' lang='lat' dir='ltr'>voluerit</span> <span class='ocrx_word' id='word_1_179' title='bbox 3656 2434 4002 2522; x_wconf 90' lang='lat' dir='ltr'>impedire,</span> 
     </span>
     <span class='ocr_line' id='line_1_19' title="bbox 947 2541 4007 2629; baseline -0.002 -18"><span class='ocrx_word' id='word_1_180' title='bbox 947 2554 1020 2612; x_wconf 90' lang='lat' dir='ltr'>tu</span> <span class='ocrx_word' id='word_1_181' title='bbox 1069 2546 1530 2609; x_wconf 88' lang='lat' dir='ltr'>nichilominus</span> <span class='ocrx_word' id='word_1_182' title='bbox 1579 2541 1857 2607; x_wconf 86' lang='lat' dir='ltr'>eandem</span> <span class='ocrx_word' id='word_1_183' title='bbox 1906 2541 2226 2627; x_wconf 90' lang='lat' dir='ltr'>capellam</span> <span class='ocrx_word' id='word_1_184' title='bbox 2272 2562 2552 2627; x_wconf 92' lang='lat' dir='ltr'>persone</span> <span class='ocrx_word' id='word_1_185' title='bbox 2601 2541 2895 2627; x_wconf 88' lang='lat' dir='ltr'>ydonee,</span> <span class='ocrx_word' id='word_1_186' title='bbox 2956 2564 3082 2629; x_wconf 90' lang='lat' dir='ltr'>que</span> <span class='ocrx_word' id='word_1_187' title='bbox 3131 2542 3508 2628; x_wconf 88' lang='lat' dir='ltr'>hujusmodi</span> <span class='ocrx_word' id='word_1_188' title='bbox 3555 2564 3777 2607; x_wconf 92' lang='lat' dir='ltr'>curam</span> <span class='ocrx_word' id='word_1_189' title='bbox 3828 2547 4007 2628; x_wconf 89' lang='lat' dir='ltr'>gerat</span> 
     </span>
     <span class='ocr_line' id='line_1_20' title="bbox 943 2647 4002 2734; baseline -0.002 -15"><span class='ocrx_word' id='word_1_190' title='bbox 943 2661 1011 2719; x_wconf 87' lang='lat' dir='ltr'>et</span> <span class='ocrx_word' id='word_1_191' title='bbox 1058 2651 1501 2718; x_wconf 85' lang='lat' dir='ltr'>ecclesiastica</span> <span class='ocrx_word' id='word_1_192' title='bbox 1549 2649 1974 2713; x_wconf 84' lang='lat' dir='ltr'>Sacramenta</span> <span class='ocrx_word' id='word_1_193' title='bbox 2022 2647 2382 2729; x_wconf 86' lang='lat' dir='ltr'>ministret,</span> <span class='ocrx_word' id='word_1_194' title='bbox 2417 2653 2494 2711; x_wconf 91' lang='lat' dir='ltr'>ut</span> <span class='ocrx_word' id='word_1_195' title='bbox 2527 2648 2874 2734; x_wconf 84' lang='lat' dir='ltr'>prefertur,</span> <span class='ocrx_word' id='word_1_196' title='bbox 2908 2648 3087 2713; x_wconf 91' lang='lat' dir='ltr'>dicta</span> <span class='ocrx_word' id='word_1_197' title='bbox 3120 2649 3274 2713; x_wconf 89' lang='lat' dir='ltr'>dote</span> <span class='ocrx_word' id='word_1_198' title='bbox 3308 2649 3611 2734; x_wconf 87' lang='lat' dir='ltr'>primitus</span> <span class='ocrx_word' id='word_1_199' title='bbox 3644 2648 4002 2733; x_wconf 85' lang='lat' dir='ltr'>assignata,</span> 
     </span>
     <span class='ocr_line' id='line_1_21' title="bbox 948 2755 4002 2847; baseline -0.002 -21"><span class='ocrx_word' id='word_1_200' title='bbox 948 2760 1389 2847; x_wconf 90' lang='lat' dir='ltr'>appellatione</span> <span class='ocrx_word' id='word_1_201' title='bbox 1454 2762 1741 2837; x_wconf 89' lang='lat' dir='ltr'>remota,</span> <span class='ocrx_word' id='word_1_202' title='bbox 1806 2755 2101 2819; x_wconf 90' lang='lat' dir='ltr'>conferre</span> <span class='ocrx_word' id='word_1_203' title='bbox 2164 2761 2234 2819; x_wconf 92' lang='lat' dir='ltr'>et</span> <span class='ocrx_word' id='word_1_204' title='bbox 2296 2755 2631 2839; x_wconf 89' lang='lat' dir='ltr'>assignare</span> <span class='ocrx_word' id='word_1_205' title='bbox 2680 2776 3009 2840; x_wconf 89' lang='lat' dir='ltr'>procures.</span> <span class='ocrx_word' id='word_1_206' title='bbox 3104 2755 3462 2820; x_wconf 85' lang='lat' dir='ltr'>Provideas</span> <span class='ocrx_word' id='word_1_207' title='bbox 3512 2761 3768 2837; x_wconf 89' lang='lat' dir='ltr'>tamen,</span> <span class='ocrx_word' id='word_1_208' title='bbox 3819 2762 3894 2820; x_wconf 92' lang='lat' dir='ltr'>ut</span> <span class='ocrx_word' id='word_1_209' title='bbox 3936 2755 4002 2819; x_wconf 90' lang='lat' dir='ltr'>in</span> 
     </span>
     <span class='ocr_line' id='line_1_22' title="bbox 942 2862 4003 2955; baseline -0.003 -22"><span class='ocrx_word' id='word_1_210' title='bbox 942 2869 1087 2955; x_wconf 86' lang='lat' dir='ltr'>ipsa</span> <span class='ocrx_word' id='word_1_211' title='bbox 1133 2867 1385 2954; x_wconf 88' lang='lat' dir='ltr'>capella</span> <span class='ocrx_word' id='word_1_212' title='bbox 1431 2884 1547 2951; x_wconf 88' lang='lat' dir='ltr'>pro</span> <span class='ocrx_word' id='word_1_213' title='bbox 1595 2863 1909 2927; x_wconf 86' lang='lat' dir='ltr'>facultate</span> <span class='ocrx_word' id='word_1_214' title='bbox 1958 2862 2083 2926; x_wconf 91' lang='lat' dir='ltr'>loci</span> <span class='ocrx_word' id='word_1_215' title='bbox 2135 2863 2329 2926; x_wconf 89' lang='lat' dir='ltr'>matri</span> <span class='ocrx_word' id='word_1_216' title='bbox 2377 2863 2654 2927; x_wconf 90' lang='lat' dir='ltr'>ecclesie</span> <span class='ocrx_word' id='word_1_217' title='bbox 2703 2870 3083 2949; x_wconf 90' lang='lat' dir='ltr'>competens</span> <span class='ocrx_word' id='word_1_218' title='bbox 3121 2863 3332 2928; x_wconf 91' lang='lat' dir='ltr'>honor</span> <span class='ocrx_word' id='word_1_219' title='bbox 3374 2868 3703 2944; x_wconf 75' lang='lat' dir='ltr'>servetur3</span> <span class='ocrx_word' id='word_1_220' title='bbox 3752 2871 4003 2928; x_wconf 90' lang='lat' dir='ltr'>contra-</span> 
     </span>
     <span class='ocr_line' id='line_1_23' title="bbox 944 2967 4005 3058; baseline -0.001 -22"><span class='ocrx_word' id='word_1_221' title='bbox 944 2972 1228 3038; x_wconf 91' lang='lat' dir='ltr'>dictores</span> <span class='ocrx_word' id='word_1_222' title='bbox 1294 2971 1689 3035; x_wconf 89' lang='lat' dir='ltr'>auctoritate</span> <span class='ocrx_word' id='word_1_223' title='bbox 1753 2975 2015 3053; x_wconf 84' lang='lat' dir='ltr'>nostra,</span> <span class='ocrx_word' id='word_1_224' title='bbox 2082 2970 2527 3056; x_wconf 86' lang='lat' dir='ltr'>appellatione</span> <span class='ocrx_word' id='word_1_225' title='bbox 2577 2971 2978 3056; x_wconf 89' lang='lat' dir='ltr'>postposita,</span> <span class='ocrx_word' id='word_1_226' title='bbox 3043 2971 3539 3057; x_wconf 90' lang='lat' dir='ltr'>compescendo.</span> <span class='ocrx_word' id='word_1_227' title='bbox 3633 2972 3788 3036; x_wconf 92' lang='lat' dir='ltr'>Dat.</span> <span class='ocrx_word' id='word_1_228' title='bbox 3836 2967 4005 3058; x_wconf 84' lang='lat' dir='ltr'>apud</span> 
     </span>
     <span class='ocr_line' id='line_1_24' title="bbox 938 3075 4004 3166; baseline -0.001 -21"><span class='ocrx_word' id='word_1_229' title='bbox 938 3080 1592 3145; x_wconf 85' lang='lat' dir='ltr'>Montemflasconem</span> <span class='ocrx_word' id='word_1_230' title='bbox 1656 3077 2205 3162; x_wconf 90' lang='lat' dir='ltr'>Balneoregensis</span> <span class='ocrx_word' id='word_1_231' title='bbox 2271 3075 2586 3160; x_wconf 89' lang='lat' dir='ltr'>diocesis,</span> <span class='ocrx_word' id='word_1_232' title='bbox 2655 3078 2863 3142; x_wconf 86' lang='lat' dir='ltr'><strong>VIIII</strong></span> <span class='ocrx_word' id='word_1_233' title='bbox 2908 3077 3022 3144; x_wconf 82' lang='lat' dir='ltr'>Kl.</span> <span class='ocrx_word' id='word_1_234' title='bbox 3070 3079 3271 3162; x_wconf 86' lang='lat' dir='ltr'>Julii,</span> <span class='ocrx_word' id='word_1_235' title='bbox 3329 3080 3752 3166; x_wconf 88' lang='lat' dir='ltr'>pontificatus</span> <span class='ocrx_word' id='word_1_236' title='bbox 3804 3078 4004 3143; x_wconf 89' lang='lat' dir='ltr'>nostri</span> 
     </span>
     <span class='ocr_line' id='line_1_25' title="bbox 941 3190 1373 3251; baseline -0.014 0"><span class='ocrx_word' id='word_1_237' title='bbox 941 3208 1114 3251; x_wconf 89' lang='lat' dir='ltr'>anno</span> <span class='ocrx_word' id='word_1_238' title='bbox 1163 3190 1373 3249; x_wconf 83' lang='lat' dir='ltr'>sexto.</span> 
     </span>
     <span class='ocr_line' id='line_1_26' title="bbox 1364 3286 2102 3353; baseline 0.003 -16"><span class='ocrx_word' id='word_1_239' title='bbox 1364 3292 1486 3353; x_wconf 68' lang='lat' dir='ltr'>Beq.</span> <span class='ocrx_word' id='word_1_240' title='bbox 1521 3288 1615 3339; x_wconf 80' lang='grc' dir='ltr'>Δυ.</span> <span class='ocrx_word' id='word_1_241' title='bbox 1659 3286 1719 3337; x_wconf 89' lang='lat' dir='ltr'>T.</span> <span class='ocrx_word' id='word_1_242' title='bbox 1754 3288 1839 3350; x_wconf 86' lang='grc'>19,</span> <span class='ocrx_word' id='word_1_243' title='bbox 1868 3290 1928 3352; x_wconf 79' lang='lat' dir='ltr'>s.</span> <span class='ocrx_word' id='word_1_244' title='bbox 1963 3287 2102 3339; x_wconf 68' lang='lat'>390⁹.</span> 
     </span>
    </p>
   </div>
   <div class='ocr_carea' id='block_1_3' title="bbox 1094 3415 1493 3480">
    <p class='ocr_par' dir='ltr' id='par_1_3' title="bbox 1094 3415 1493 3480">
     <span class='ocr_line' id='line_1_27' title="bbox 1094 3415 1493 3480; baseline -0.005 -14"><span class='ocrx_word' id='word_1_245' title='bbox 1094 3417 1151 3480; x_wconf 91' lang='lat'>1)</span> <span class='ocrx_word' id='word_1_246' title='bbox 1187 3415 1493 3480; x_wconf 81' lang='lat' dir='ltr'>Steenwijk.</span> 
     </span>
    </p>
   </div>
   <div class='ocr_carea' id='block_1_4' title="bbox 943 3707 3199 3825">
    <p class='ocr_par' dir='ltr' id='par_1_4' title="bbox 943 3707 3199 3825">
     <span class='ocr_line' id='line_1_28' title="bbox 943 3707 3199 3825; baseline -0.002 -15"><span class='ocrx_word' id='word_1_247' title='bbox 943 3745 1134 3811; x_wconf 79' lang='grc'><strong>1867.</strong></span> <span class='ocrx_word' id='word_1_248' title='bbox 1766 3745 1971 3824; x_wconf 81' lang='grc'><strong>1368,</strong></span> <span class='ocrx_word' id='word_1_249' title='bbox 2021 3742 2197 3805; x_wconf 77' lang='grc' dir='ltr'><strong><em>,Ιιιῐίἰ</em></strong></span> <span class='ocrx_word' id='word_1_250' title='bbox 2242 3743 2365 3823; x_wconf 80' lang='grc'>28,</span> <span class='ocrx_word' id='word_1_251' title='bbox 2410 3762 2515 3825; x_wconf 79' lang='lat' dir='ltr'>ap.</span> <span class='ocrx_word' id='word_1_252' title='bbox 2567 3707 3199 3822; x_wconf 58' lang='lat' dir='ltr'>Montemflasconem.</span> 
     </span>
    </p>
   </div>
   <div class='ocr_carea' id='block_1_5' title="bbox 1161 3895 4003 4195">
    <p class='ocr_par' dir='ltr' id='par_1_5' title="bbox 1161 3895 4003 4195">
     <span class='ocr_line' id='line_1_29' title="bbox 1260 3895 4000 3979; baseline -0.001 -18"><span class='ocrx_word' id='word_1_253' title='bbox 1260 3898 1613 3979; x_wconf 82' lang='lat' dir='ltr'>Godefrido</span> <span class='ocrx_word' id='word_1_254' title='bbox 1660 3897 1735 3960; x_wconf 82' lang='lat' dir='ltr'>de</span> <span class='ocrx_word' id='word_1_255' title='bbox 1784 3895 2099 3959; x_wconf 82' lang='lat' dir='ltr'>Nersclom</span> <span class='ocrx_word' id='word_1_256' title='bbox 2147 3897 2216 3957; x_wconf 77' lang='lat' dir='ltr'>in</span> <span class='ocrx_word' id='word_1_257' title='bbox 2263 3895 2527 3958; x_wconf 78' lang='lat' dir='ltr'>decretis</span> <span class='ocrx_word' id='word_1_258' title='bbox 2575 3895 2985 3959; x_wconf 80' lang='lat' dir='ltr'>baccalaureo</span> <span class='ocrx_word' id='word_1_259' title='bbox 3033 3896 3453 3978; x_wconf 80' lang='lat' dir='ltr'>conferuntur</span> <span class='ocrx_word' id='word_1_260' title='bbox 3501 3896 3902 3959; x_wconf 77' lang='lat' dir='ltr'>canonicatus</span> <span class='ocrx_word' id='word_1_261' title='bbox 3946 3901 4000 3958; x_wconf 87' lang='lat' dir='ltr'>et</span> 
     </span>
     <span class='ocr_line' id='line_1_30' title="bbox 1161 4001 4003 4091; baseline -0.002 -22"><span class='ocrx_word' id='word_1_262' title='bbox 1161 4005 1527 4091; x_wconf 76' lang='lat' dir='ltr'>praebenda</span> <span class='ocrx_word' id='word_1_263' title='bbox 1576 4025 1713 4067; x_wconf 82' lang='lat' dir='ltr'>eum</span> <span class='ocrx_word' id='word_1_264' title='bbox 1762 4004 2224 4087; x_wconf 77' lang='lat' dir='ltr'>supplemento,</span> <span class='ocrx_word' id='word_1_265' title='bbox 2274 4005 2344 4065; x_wconf 79' lang='lat' dir='ltr'>in</span> <span class='ocrx_word' id='word_1_266' title='bbox 2391 4004 2648 4066; x_wconf 84' lang='lat' dir='ltr'>ecclesia</span> <span class='ocrx_word' id='word_1_267' title='bbox 2697 4002 2879 4085; x_wconf 84' lang='lat' dir='ltr'>Traj.</span> <span class='ocrx_word' id='word_1_268' title='bbox 2919 4011 3211 4067; x_wconf 82' lang='lat' dir='ltr'>vacantes</span> <span class='ocrx_word' id='word_1_269' title='bbox 3245 4025 3371 4088; x_wconf 82' lang='lat' dir='ltr'>per</span> <span class='ocrx_word' id='word_1_270' title='bbox 3410 4003 3642 4067; x_wconf 78' lang='lat' dir='ltr'>obitum</span> <span class='ocrx_word' id='word_1_271' title='bbox 3684 4001 4003 4066; x_wconf 81' lang='lat' dir='ltr'>Tilmanm&#39;</span> 
     </span>
     <span class='ocr_line' id='line_1_31' title="bbox 1174 4109 3765 4195; baseline -0.002 -17"><span class='ocrx_word' id='word_1_272' title='bbox 1174 4114 1294 4194; x_wconf 86' lang='lat' dir='ltr'>„de</span> <span class='ocrx_word' id='word_1_273' title='bbox 1344 4111 1642 4177; x_wconf 84' lang='lat' dir='ltr'>Strienz&#39;’</span> <span class='ocrx_word' id='word_1_274' title='bbox 1673 4111 1725 4193; x_wconf 89' lang='lat'>1)</span> <span class='ocrx_word' id='word_1_275' title='bbox 1772 4111 2153 4195; x_wconf 79' lang='lat' dir='ltr'>apostolicae</span> <span class='ocrx_word' id='word_1_276' title='bbox 2198 4110 2363 4172; x_wconf 83' lang='lat' dir='ltr'>sedis</span> <span class='ocrx_word' id='word_1_277' title='bbox 2409 4109 2748 4194; x_wconf 75' lang='lat' dir='ltr'>capellani.</span> <span class='ocrx_word' id='word_1_278' title='bbox 2801 4146 2882 4156; x_wconf 92' lang='lat'>—</span> <span class='ocrx_word' id='word_1_279' title='bbox 2933 4109 3351 4194; x_wconf 78' lang='lat' dir='ltr'>Deputantur</span> <span class='ocrx_word' id='word_1_280' title='bbox 3397 4117 3765 4174; x_wconf 71' lang='lat' dir='ltr'>executores.</span> 
     </span>
    </p>
   </div>
   <div class='ocr_carea' id='block_1_6' title="bbox 1170 4292 3996 4379">
    <p class='ocr_par' dir='ltr' id='par_1_6' title="bbox 1170 4292 3996 4379">
     <span class='ocr_line' id='line_1_32' title="bbox 1170 4292 3996 4379; baseline -0.001 -20"><span class='ocrx_word' id='word_1_281' title='bbox 1170 4296 1574 4360; x_wconf 89' lang='lat' dir='ltr'>Litterarum</span> <span class='ocrx_word' id='word_1_282' title='bbox 1647 4292 1943 4357; x_wconf 91' lang='lat' dir='ltr'>scientia.</span> <span class='ocrx_word' id='word_1_283' title='bbox 1974 4340 1988 4355; x_wconf 89' lang='lat'>.</span> <span class='ocrx_word' id='word_1_284' title='bbox 2020 4340 2035 4355; x_wconf 92' lang='lat'>.</span> <span class='ocrx_word' id='word_1_285' title='bbox 2065 4339 2081 4355; x_wconf 93' lang='lat'>.</span> <span class='ocrx_word' id='word_1_286' title='bbox 2152 4292 2307 4356; x_wconf 90' lang='lat' dir='ltr'>Dat.</span> <span class='ocrx_word' id='word_1_287' title='bbox 2380 4292 2556 4379; x_wconf 90' lang='lat' dir='ltr'>apud</span> <span class='ocrx_word' id='word_1_288' title='bbox 2625 4293 3314 4376; x_wconf 87' lang='lat' dir='ltr'>Montemflasconem,</span> <span class='ocrx_word' id='word_1_289' title='bbox 3385 4293 3452 4359; x_wconf 76' lang='lat' dir='ltr'><strong>V</strong></span> <span class='ocrx_word' id='word_1_290' title='bbox 3511 4293 3623 4359; x_wconf 85' lang='lat' dir='ltr'>Kl.</span> <span class='ocrx_word' id='word_1_291' title='bbox 3685 4292 3996 4379; x_wconf 83' lang='lat' dir='ltr'>Augusti,</span> 
     </span>
    </p>
   </div>
   <div class='ocr_carea' id='block_1_7' title="bbox 941 4407 2096 4579">
    <p class='ocr_par' dir='ltr' id='par_1_7' title="bbox 941 4407 2096 4579">
     <span class='ocr_line' id='line_1_33' title="bbox 941 4407 1376 4468; baseline -0.009 0"><span class='ocrx_word' id='word_1_292' title='bbox 941 4425 1114 4468; x_wconf 89' lang='lat' dir='ltr'>anno</span> <span class='ocrx_word' id='word_1_293' title='bbox 1164 4407 1376 4466; x_wconf 86' lang='lat' dir='ltr'>sexto.</span> 
     </span>
     <span class='ocr_line' id='line_1_34' title="bbox 1361 4514 2096 4579; baseline 0 -15"><span class='ocrx_word' id='word_1_294' title='bbox 1361 4518 1483 4579; x_wconf 62' lang='grc' dir='ltr'>Περ.</span> <span class='ocrx_word' id='word_1_295' title='bbox 1519 4517 1615 4566; x_wconf 75' lang='grc' dir='ltr'>Αυ.</span> <span class='ocrx_word' id='word_1_296' title='bbox 1661 4518 1714 4564; x_wconf 82' lang='grc' dir='ltr'>Τ.</span> <span class='ocrx_word' id='word_1_297' title='bbox 1750 4514 1839 4571; x_wconf 77' lang='grc'>17,</span> <span class='ocrx_word' id='word_1_298' title='bbox 1865 4516 1920 4579; x_wconf 80' lang='lat' dir='ltr'>s.</span> <span class='ocrx_word' id='word_1_299' title='bbox 1958 4514 2096 4564; x_wconf 69' lang='lat'>293⁰.</span> 
     </span>
    </p>
   </div>
   <div class='ocr_carea' id='block_1_8' title="bbox 1096 4642 2813 4713">
    <p class='ocr_par' dir='ltr' id='par_1_8' title="bbox 1096 4642 2813 4713">
     <span class='ocr_line' id='line_1_35' title="bbox 1096 4642 2813 4713; baseline -0.002 -14"><span class='ocrx_word' id='word_1_300' title='bbox 1096 4648 1152 4712; x_wconf 81' lang='grc'>1)</span> <span class='ocrx_word' id='word_1_301' title='bbox 1190 4649 1496 4713; x_wconf 82' lang='lat' dir='ltr'>Legendum</span> <span class='ocrx_word' id='word_1_302' title='bbox 1533 4648 1761 4697; x_wconf 82' lang='lat' dir='ltr'>videtur:</span> <span class='ocrx_word' id='word_1_303' title='bbox 1801 4648 1866 4696; x_wconf 90' lang='lat' dir='ltr'>de</span> <span class='ocrx_word' id='word_1_304' title='bbox 1901 4645 2120 4710; x_wconf 60' lang='lat' dir='ltr'>Stry-em</span> <span class='ocrx_word' id='word_1_305' title='bbox 2154 4646 2249 4696; x_wconf 84' lang='lat' dir='ltr'>cfr.</span> <span class='ocrx_word' id='word_1_306' title='bbox 2284 4659 2446 4709; x_wconf 82' lang='lat' dir='ltr'>supra</span> <span class='ocrx_word' id='word_1_307' title='bbox 2482 4658 2631 4693; x_wconf 85' lang='lat' dir='ltr'>num.</span> <span class='ocrx_word' id='word_1_308' title='bbox 2666 4642 2813 4695; x_wconf 74' lang='lat'>1654.</span> 
     </span>
    </p>
   </div>
   <div class='ocr_carea' id='block_1_9' title="bbox 942 5064 3262 5152">
    <p class='ocr_par' dir='ltr' id='par_1_9' title="bbox 942 5064 3262 5152">
     <span class='ocr_line' id='line_1_36' title="bbox 942 5064 3262 5152; baseline 0 -21"><span class='ocrx_word' id='word_1_309' title='bbox 942 5064 1132 5133; x_wconf 81' lang='grc'><strong>1868.</strong></span> <span class='ocrx_word' id='word_1_310' title='bbox 1690 5068 1902 5148; x_wconf 84' lang='grc'><strong>1368,</strong></span> <span class='ocrx_word' id='word_1_311' title='bbox 1954 5069 2239 5152; x_wconf 77' lang='lat' dir='ltr'>Auyusti</span> <span class='ocrx_word' id='word_1_312' title='bbox 2284 5070 2360 5150; x_wconf 86' lang='lat'>3,</span> <span class='ocrx_word' id='word_1_313' title='bbox 2410 5067 2546 5152; x_wconf 78' lang='lat' dir='ltr'>(ap.</span> <span class='ocrx_word' id='word_1_314' title='bbox 2597 5066 3262 5151; x_wconf 77' lang='lat' dir='ltr'>Montemflasconem).</span> 
     </span>
    </p>
   </div>
   <div class='ocr_carea' id='block_1_10' title="bbox 1167 5221 4005 5732">
    <p class='ocr_par' dir='ltr' id='par_1_10' title="bbox 1167 5221 4005 5732">
     <span class='ocr_line' id='line_1_37' title="bbox 1262 5221 4005 5306; baseline -0.001 -20"><span class='ocrx_word' id='word_1_315' title='bbox 1262 5223 1554 5287; x_wconf 81' lang='lat' dir='ltr'>Goswino</span> <span class='ocrx_word' id='word_1_316' title='bbox 1617 5222 1693 5285; x_wconf 85' lang='lat' dir='ltr'>de</span> <span class='ocrx_word' id='word_1_317' title='bbox 1755 5221 2172 5306; x_wconf 76' lang='lat' dir='ltr'>Doetinyhem</span> <span class='ocrx_word' id='word_1_318' title='bbox 2233 5223 2466 5285; x_wconf 77' lang='lat' dir='ltr'>rectori</span> <span class='ocrx_word' id='word_1_319' title='bbox 2529 5222 2765 5285; x_wconf 82' lang='lat' dir='ltr'>altaris</span> <span class='ocrx_word' id='word_1_320' title='bbox 2829 5221 2895 5286; x_wconf 82' lang='lat' dir='ltr'>S.</span> <span class='ocrx_word' id='word_1_321' title='bbox 2968 5221 3298 5286; x_wconf 81' lang='lat' dir='ltr'>Barba-rae</span> <span class='ocrx_word' id='word_1_322' title='bbox 3356 5225 3470 5287; x_wconf 80' lang='lat' dir='ltr'>siti</span> <span class='ocrx_word' id='word_1_323' title='bbox 3525 5225 3594 5287; x_wconf 80' lang='lat' dir='ltr'>in</span> <span class='ocrx_word' id='word_1_324' title='bbox 3639 5223 3894 5287; x_wconf 73' lang='lat' dir='ltr'>ecclesia</span> <span class='ocrx_word' id='word_1_325' title='bbox 3936 5221 4005 5284; x_wconf 80' lang='lat' dir='ltr'>de</span> 
     </span>
     <span class='ocr_line' id='line_1_38' title="bbox 1168 5327 4004 5415; baseline 0 -21"><span class='ocrx_word' id='word_1_326' title='bbox 1168 5330 1611 5415; x_wconf 72' lang='lat' dir='ltr'>Doetinyhem,</span> <span class='ocrx_word' id='word_1_327' title='bbox 1660 5331 1728 5392; x_wconf 80' lang='lat' dir='ltr'>in</span> <span class='ocrx_word' id='word_1_328' title='bbox 1775 5328 2023 5392; x_wconf 78' lang='lat' dir='ltr'>artibus</span> <span class='ocrx_word' id='word_1_329' title='bbox 2069 5330 2405 5412; x_wconf 76' lang='lat' dir='ltr'>maqistro,</span> <span class='ocrx_word' id='word_1_330' title='bbox 2455 5336 2820 5392; x_wconf 83' lang='lat' dir='ltr'>reservatur</span> <span class='ocrx_word' id='word_1_331' title='bbox 2866 5327 3226 5411; x_wconf 79' lang='lat' dir='ltr'>beneficium</span> <span class='ocrx_word' id='word_1_332' title='bbox 3273 5329 3719 5411; x_wconf 80' lang='lat' dir='ltr'>conferendum</span> <span class='ocrx_word' id='word_1_333' title='bbox 3760 5351 3802 5393; x_wconf 90' lang='lat' dir='ltr'>a</span> <span class='ocrx_word' id='word_1_334' title='bbox 3841 5330 4004 5415; x_wconf 80' lang='lat' dir='ltr'>capi-</span> 
     </span>
     <span class='ocr_line' id='line_1_39' title="bbox 1171 5434 4003 5519; baseline -0 -19"><span class='ocrx_word' id='word_1_335' title='bbox 1171 5438 1305 5501; x_wconf 79' lang='lat' dir='ltr'>tulo</span> <span class='ocrx_word' id='word_1_336' title='bbox 1352 5438 1638 5501; x_wconf 83' lang='lat' dir='ltr'>ecclesiae</span> <span class='ocrx_word' id='word_1_337' title='bbox 1683 5436 1737 5500; x_wconf 80' lang='lat' dir='ltr'>b.</span> <span class='ocrx_word' id='word_1_338' title='bbox 1786 5435 2046 5499; x_wconf 80' lang='lat' dir='ltr'>Mariae</span> <span class='ocrx_word' id='word_1_339' title='bbox 2101 5434 2286 5517; x_wconf 83' lang='lat' dir='ltr'>Traj.</span> <span class='ocrx_word' id='word_1_340' title='bbox 2334 5441 2393 5499; x_wconf 88' lang='lat' dir='ltr'>et</span> <span class='ocrx_word' id='word_1_341' title='bbox 2438 5456 2578 5499; x_wconf 84' lang='lat' dir='ltr'>cum</span> <span class='ocrx_word' id='word_1_342' title='bbox 2626 5456 2783 5499; x_wconf 84' lang='lat' dir='ltr'>cura</span> <span class='ocrx_word' id='word_1_343' title='bbox 2829 5436 2917 5499; x_wconf 70' lang='lat'>25</span> <span class='ocrx_word' id='word_1_344' title='bbox 2931 5485 2948 5519; x_wconf 93' lang='lat'>,</span> <span class='ocrx_word' id='word_1_345' title='bbox 2996 5438 3129 5500; x_wconf 84' lang='lat' dir='ltr'>sine</span> <span class='ocrx_word' id='word_1_346' title='bbox 3161 5457 3321 5501; x_wconf 76' lang='lat' dir='ltr'>cura</span> <span class='ocrx_word' id='word_1_347' title='bbox 3350 5457 3494 5501; x_wconf 83' lang='lat' dir='ltr'>vero</span> <span class='ocrx_word' id='word_1_348' title='bbox 3526 5438 3617 5501; x_wconf 85' lang='grc'>18</span> <span class='ocrx_word' id='word_1_349' title='bbox 3646 5457 4003 5502; x_wconf 77' lang='lat' dir='ltr'>marcarum</span> 
     </span>
     <span class='ocr_line' id='line_1_40' title="bbox 1167 5540 4002 5628; baseline -0.001 -22"><span class='ocrx_word' id='word_1_350' title='bbox 1167 5544 1421 5627; x_wconf 71' lang='lat' dir='ltr'>arqenti</span> <span class='ocrx_word' id='word_1_351' title='bbox 1464 5543 1741 5606; x_wconf 85' lang='lat' dir='ltr'>valorem</span> <span class='ocrx_word' id='word_1_352' title='bbox 1787 5561 2072 5605; x_wconf 79' lang='lat' dir='ltr'>annuum</span> <span class='ocrx_word' id='word_1_353' title='bbox 2119 5561 2248 5605; x_wconf 77' lang='lat' dir='ltr'>non</span> <span class='ocrx_word' id='word_1_354' title='bbox 2292 5540 2606 5604; x_wconf 80' lang='lat' dir='ltr'>excedens.</span> <span class='ocrx_word' id='word_1_355' title='bbox 2654 5577 2736 5587; x_wconf 90' lang='lat'>—</span> <span class='ocrx_word' id='word_1_356' title='bbox 2779 5540 3195 5625; x_wconf 82' lang='lat' dir='ltr'>Deputantur</span> <span class='ocrx_word' id='word_1_357' title='bbox 3225 5550 3604 5624; x_wconf 77' lang='lat' dir='ltr'>executores,</span> <span class='ocrx_word' id='word_1_358' title='bbox 3654 5543 3824 5607; x_wconf 75' lang='lat' dir='ltr'>inter</span> <span class='ocrx_word' id='word_1_359' title='bbox 3855 5560 4002 5628; x_wconf 72' lang='lat' dir='ltr'>quos</span> 
     </span>
     <span class='ocr_line' id='line_1_41' title="bbox 1169 5645 2765 5732; baseline -0.001 -20"><span class='ocrx_word' id='word_1_360' title='bbox 1169 5648 1529 5732; x_wconf 79' lang='lat' dir='ltr'>Stephanus</span> <span class='ocrx_word' id='word_1_361' title='bbox 1575 5648 1652 5711; x_wconf 82' lang='lat' dir='ltr'>de</span> <span class='ocrx_word' id='word_1_362' title='bbox 1698 5647 2143 5732; x_wconf 76' lang='lat' dir='ltr'>Everdinyhen</span> <span class='ocrx_word' id='word_1_363' title='bbox 2189 5648 2528 5710; x_wconf 77' lang='lat' dir='ltr'>canonicus</span> <span class='ocrx_word' id='word_1_364' title='bbox 2583 5645 2765 5730; x_wconf 85' lang='lat' dir='ltr'>Traj.</span> 
     </span>
    </p>
   </div>
   <div class='ocr_carea' id='block_1_11' title="bbox 4361 0 4370 2556">
    <p class='ocr_par' dir='ltr' id='par_1_11' title="bbox 4361 0 4370 2556">
     <span class='ocr_line' id='line_1_42' title="bbox 4361 0 4370 2556; baseline 0 0"><span class='ocrx_word' id='word_1_365' title='bbox 4361 0 4370 2556; x_wconf 95' lang='lat' dir='ltr'> </span> 
     </span>
    </p>
   </div>
   <div class='ocr_carea' id='block_1_12' title="bbox 4358 2761 4373 6640">
    <p class='ocr_par' dir='ltr' id='par_1_12' title="bbox 4358 2761 4373 6640">
     <span class='ocr_line' id='line_1_43' title="bbox 4358 2761 4373 6640; baseline 0 0"><span class='ocrx_word' id='word_1_366' title='bbox 4358 2761 4373 6640; x_wconf 95' lang='lat' dir='ltr'> </span> 
     </span>
    </p>
   </div>
  </div>
 </body>
</html>
