4450 6684
729 439 815 503 27
824 439 861 502 4
1974 434 2381 502 Gnneoams
2425 434 2547 500 XI.

954 669 1013 725 et
1073 683 1213 726 cnm
1274 681 1432 725 cura
1493 662 1628 725 120
1645 708 1663 742 ,
1726 662 1860 724 sine
1920 679 2077 722 cura
2140 679 2284 723 vero
2331 661 2420 722 30
2472 657 2784 723 librarum
2839 657 3078 723 Turon.
3119 679 3472 744 parvorum
3518 678 3800 722 annuum

957 770 1228 833 calorem
1276 789 1402 832 non
1447 767 1801 844 excedente,·
1847 765 2016 851 quod
2061 773 2276 829 autem
2306 786 2446 828 cum
2477 765 2638 829 idem
2670 765 2999 829 Johannes
3029 764 3396 846 obtinuerit,
3446 767 3516 828 in
3546 765 3800 829 ecclesia

954 875 1030 938 de
1092 874 1428 939 Dordraco
1489 876 1925 938 canonicatum
1986 880 2046 936 et
2100 871 2528 956 praebendam
2590 880 2782 957 atque
2825 875 2892 936 in
2941 872 2996 936 b.
3045 872 3302 936 Mariae
3347 893 3578 954 unam,
3627 874 3699 936 in
3742 871 3798 936 b.

954 983 1144 1046 Petri
1194 979 1852 1065 Middelburqensibus
1898 980 2126 1060 aliam,
2178 981 2246 1042 in
2293 979 2369 1042 de
2412 978 2703 1063 Gapinqe
2739 979 3216 1064 parochialibus
3247 980 3515 1044 ecclesiis
3548 983 3799 1044 tertiam

955 1090 1348 1174 capellanias
1394 1090 1645 1152 omnino
1694 1088 1997 1150 dimittat.

958 1272 1249 1356 Dignum
1314 1268 1725 1336 arbitramur.
1755 1316 1772 1334 .
1803 1316 1862 1333 ..
1936 1269 2086 1333 Dat.
2154 1270 2327 1357 apud
2391 1270 2910 1350 Villamnovam,
2974 1279 3123 1352 eta,
3181 1270 3290 1335 Kl.
3340 1269 3561 1349 Junii,
3625 1289 3797 1334 anno

728 1379 985 1466 quinto.

1156 1467 1277 1528 Περ.
1313 1467 1410 1513 Ao.
1454 1467 1503 1513 T.
1543 1464 1633 1527 2⁴,
1662 1466 1720 1527 s.
1754 1463 1869 1514 321.

726 1916 925 1983 2226.
1629 1919 1838 1997 1375,
1886 1916 2079 1980 Junii
2126 1919 2199 1998 1,
2248 1939 2352 2001 ap.
2419 1918 2907 1982 Villamnovam.

1047 2071 1505 2154 Infrascriptis
1573 2070 1954 2151 mandatur,
2030 2078 2101 2134 ut
2170 2072 2465 2135 Arnoldo
2527 2071 2633 2153 (de
2699 2072 2956 2154 Hoorn)
3017 2074 3333 2157 episcopo,
3404 2071 3687 2154 capitulo
3750 2075 3808 2133 et

958 2178 1394 2240 communitati
1462 2175 1641 2255 Traj.
1702 2197 1824 2260 pro
1886 2176 2125 2238 decenti
2184 2179 2747 2261 recompensatione
2807 2179 3126 2262 assiqnent
3182 2175 3493 2261 quaedam
3533 2174 3804 2259 praedia

950 2305 1154 2368 prope
1222 2304 1436 2346 muros
1517 2282 1696 2362 Traj.
1769 2282 1856 2344 ad
1908 2304 2216 2366 personas
2282 2284 2725 2346 ecclesiasticas
2786 2286 3138 2367 spectantia
3183 2291 3242 2347 et
3288 2290 3684 2367 opportuna,
3739 2285 3805 2344 in

958 2389 1185 2473 quibus
1232 2390 1415 2471 infra
1465 2390 1968 2473 quinquennium
2015 2391 2464 2452 monasterium
2513 2389 2761 2453 ordinis
2812 2390 3280 2454 Carthusiensis
3325 2389 3656 2472 fundetur.

956 2571 1231 2636 Dilectis
1300 2572 1452 2636 filiis
1514 2572 1721 2637 sancti
1790 2571 1981 2635 Pauli
2045 2571 2488 2656 Trajectensis
2551 2578 2620 2636 et
2682 2571 2890 2636 sancti
2941 2571 3289 2636 Laurencii
3335 2571 3403 2634 in
3451 2568 3803 2634 Orsebrect

729 2678 961 2760 (sic)1)
1010 2684 1200 2743 extra
1251 2700 1468 2743 muros
1518 2679 1976 2763 Trajectenses
2024 2678 2571 2742 monasteriorum
2620 2677 2970 2742 abbatibus
3017 2677 3297 2741 salutem
3336 2684 3446 2739 etc.

962 2784 1097 2848 Piis
1161 2785 1333 2849 votis
1396 2785 1684 2848 fidelium
1748 2784 2037 2848 libenter
2100 2787 2448 2849 annuimus
2511 2790 2579 2850 et
2640 2785 2801 2863 hiis,
2851 2804 2978 2869 que
3027 2783 3234 2846 divini
3281 2784 3495 2846 cultus
3544 2787 3611 2846 et
3657 2780 3808 2845 reli·

739 2892 953 2976 gionis
1025 2897 1447 2977 augmentum
1514 2898 1583 2956 et
1629 2893 1991 2955 animarum
2041 2892 2320 2956 salutem
2369 2891 2763 2978 respiciunt,
2811 2890 3101 2954 favorem
3149 2889 3525 2955 benivolum
3570 2889 3806 2973 imper·

740 2998 956 3063 timur.
1036 2999 1350 3064 Exhibita
1396 2998 1717 3085 siquidem
1764 3000 1954 3064 nobis
2002 3021 2211 3086 nuper
2246 3021 2365 3086 pro
2399 3006 2583 3086 parte
2618 2998 3010 3064 venerabilis
3042 2998 3258 3064 fratris
3290 2997 3500 3062 nostri
3531 2995 3807 3062 Arnoldi

744 3106 1032 3191 episcopi
1095 3114 1163 3170 et
1211 3104 1594 3171 dilectorum
1641 3107 1924 3171 filiorum
1973 3107 2240 3193 capituli
2290 3107 2809 3191 Trajcctensium
2861 3126 2935 3169 ac
2983 3104 3470 3169 communitatis
3518 3103 3804 3168 civitatis

739 3211 1181 3296 Trajectensis
1244 3212 1484 3299 peticio
1548 3214 1964 3295 continebat,
2029 3213 2205 3299 quod
2256 3214 2412 3300 ipsi,
2469 3214 2790 3277 habentes
2838 3211 2920 3277 ad
2971 3211 3266 3276 ordinem
3313 3211 3798 3276 Cartusiensem

748 3318 1048 3402 specialis
1098 3318 1473 3383 devocionis
1523 3319 1863 3394 affectum,
1910 3319 2288 3384 desiderant
2334 3341 2451 3405 pro
2495 3319 2697 3383 divini
2733 3319 2947 3383 cultus
2979 3323 3048 3383 et
3080 3317 3412 3402 religionis
3445 3321 3800 3401 augmento

741 3444 817 3487 ac
887 3444 1147 3487 suarum
1214 3431 1282 3488 et
1345 3425 1835 3510 progenitorum
1905 3446 2168 3489 suorum
2219 3426 2580 3490 animarum
2630 3425 2840 3489 salute
2887 3445 3090 3488 unum
3139 3423 3605 3488 monasterium
3651 3421 3812 3485 dicti

740 3527 990 3592 ordinis
1038 3550 1240 3615 prope
1288 3551 1507 3593 muros
1556 3531 1839 3594 civitatis
1888 3530 2180 3615 ejusdem
2226 3530 2502 3595 fundare
2535 3553 2610 3594 ac
2641 3529 2803 3594 illud
2839 3529 2920 3594 de
2955 3529 3143 3593 bonis
3176 3529 3271 3592 eis
3305 3549 3346 3592 a
3376 3529 3518 3593 Deo
3552 3527 3805 3592 collatis

744 3633 1049 3699 edificare
1116 3641 1185 3699 et
1246 3636 1646 3701 sufficienter
1704 3637 1933 3702 dotare
1980 3645 2357 3722 proponunt
2405 3644 2474 3702 et
2522 3637 2695 3723 quod
2743 3638 2866 3723 ipsi
2915 3657 3048 3700 non
3097 3637 3504 3722 repperiunt,
3555 3635 3666 3719 qui
3716 3634 3810 3698 eis

738 3738 972 3826 predia
1019 3762 1221 3826 prope
1270 3762 1489 3806 muros
1536 3743 1909 3827 hujusmodi
1956 3742 2419 3824 consistencia,
2470 3764 2587 3829 pro
2622 3743 3042 3808 edificacione
3077 3748 3145 3806 et
3175 3741 3569 3805 fundacione
3601 3740 3805 3825 ipsius

737 3848 1118 3911 monasterii
1155 3849 1523 3913 necessaria
1555 3871 1629 3913 ac
1663 3849 1832 3914 bene
1866 3849 2169 3913 cedentia
2202 3872 2319 3914 seu
2354 3851 2558 3915 eciam
2594 3857 2945 3937 oportuna,
2980 3849 3265 3915 vendere
3300 3849 3524 3912 velint.
3591 3846 3808 3921 Quare

737 3973 855 4038 pro
906 3960 1089 4039 parte
1139 3956 1426 4041 episcopi
1475 3962 1544 4019 et
1585 3956 1854 4042 capituli
1890 3977 1963 4019 ac
1996 3957 2482 4020 communitatis
2516 3956 2956 4044 predictorum
2991 3957 3181 4021 nobis
3213 3956 3441 4020 extitit
3472 3952 3807 4018 humiliter

736 4061 1211 4145 supplicatum,
1277 4068 1387 4143 ut,
1453 4083 1596 4125 cum
1664 4063 1980 4126 nonnulle
2044 4083 2325 4148 persone
2394 4063 2833 4127 ecclesiastice
2896 4069 3205 4147 exempte
3269 4066 3337 4125 et
3398 4061 3606 4124 eciam
3671 4079 3800 4122 non

736 4171 1046 4249 exempte
1094 4165 1384 4230 habeant
1436 4168 1751 4230 nonnulla
1791 4168 2018 4253 predia
2056 4188 2261 4255 prope
2301 4190 2520 4233 muros
2562 4168 2891 4256 predictos
2932 4190 3048 4256 pro
3093 4167 3517 4233 edificacione
3557 4172 3624 4230 et
3665 4165 3808 4229 fun-

741 4267 1015 4333 dacione
1078 4270 1454 4355 hujusmodi
1521 4275 1917 4356 necessaria,
1983 4283 2276 4339 ceterum
2327 4277 2532 4360 magis
2583 4282 2737 4362 apta
2784 4285 2851 4340 et
2899 4277 3104 4340 eciam
3155 4279 3504 4360 oportuna,
3551 4273 3806 4357 ipsique

741 4376 954 4459 parati
1003 4377 1294 4441 existant
1341 4378 1587 4442 eisdem
1637 4381 1932 4464 personis
1978 4403 2094 4466 pro
2146 4380 2456 4467 predictis
2504 4381 2747 4467 prediis
2794 4383 2860 4445 in
2902 4381 3424 4467 possessionibus
3456 4380 3563 4443 vel
3593 4376 3806 4442 reddi·

738 4477 917 4542 tibus
966 4483 1201 4545 annuis
1248 4486 1929 4570 recompensacionem
1977 4487 2189 4551 facere
2240 4488 2468 4550 utilem
2517 4494 2585 4551 et
2634 4488 2838 4552 eciam
2886 4487 3394 4567 condecentem,
3459 4482 3804 4571 providere

738 4585 835 4648 eis
902 4607 1097 4673 super
1158 4589 1283 4652 hoc
1347 4589 1429 4654 de
1478 4599 1801 4676 oportuno
1849 4593 2138 4657 remedio
2192 4592 2631 4678 dignaremur.
2725 4594 2864 4658 Nos
2908 4592 3138 4678 igitur,
3199 4591 3577 4656 eorumdem
3623 4590 3806 4676 pium

744 4692 1154 4775 propositum
1227 4694 1576 4779 plurimum
1647 4697 1715 4760 in
1788 4698 2069 4762 Domino
2143 4699 2711 4782 commendantes,
2781 4698 3158 4784 hujusmodi
3215 4696 3807 4784 supplicacionibus

736 4796 1071 4879 inclinati,
1135 4798 1517 4865 discrecioni
1583 4810 1798 4867 vestre
1862 4824 1979 4889 per
2043 4806 2402 4891 apostolica
2462 4807 2704 4892 scripta
2750 4805 3217 4871 committimus
3266 4811 3333 4869 et
3380 4802 3801 4881 mandamus,

744 4903 1054 4986 quatinus
1118 4911 1218 4968 tot
1283 4927 1365 4970 ex
1429 4908 1673 4992 prediis
1737 4909 2108 4993 hujusmodi
2172 4933 2377 4997 prope
2443 4911 2651 4976 dictos
2716 4932 2935 4976 muros
2997 4912 3509 4976 consistentibus
3568 4932 3640 4975 ac
3687 4931 3805 4995 pro

738 5007 1162 5075 edificacione
1210 5019 1277 5075 et
1323 5012 1717 5079 fundacione
1751 5014 2126 5099 hujusmodi
2161 5019 2367 5101 magis
2402 5018 2571 5103 aptis
2604 5026 2672 5082 et
2707 5019 2914 5083 eciam
2947 5018 3317 5104 oportunis,
3366 5023 3528 5102 quot
3558 5017 3806 5081 fuerint

742 5118 1111 5181 necessaria
1172 5139 1290 5204 pro
1358 5120 1780 5185 edificacione
1832 5128 1898 5186 et
1942 5121 2337 5188 fundacione
2386 5124 2733 5211 predictis,
2797 5123 2970 5189 facta
3015 5124 3317 5210 primitus
3365 5122 3613 5188 eisdem
3659 5143 3804 5209 per-

747 5221 927 5283 sonis
975 5243 1050 5287 ac
1096 5227 1509 5291 monasteriis
1558 5248 1673 5292 seu
1722 5228 1865 5292 aliis
1912 5230 2108 5312 locis,
2167 5230 2249 5295 ad
2299 5253 2426 5316 que
2471 5232 2615 5318 ipsa
2659 5231 2885 5318 predia
2932 5233 3259 5316 pertinere
3307 5236 3687 5311 noscuntur,
3735 5231 3806 5293 in

739 5325 931 5390 bonis
993 5335 1062 5392 et
1108 5330 1380 5395 utilibus
1426 5334 1949 5418 possessionibus
1997 5357 2115 5400 seu
2160 5336 2529 5401 redditibus
2580 5338 2850 5418 annuis,
2908 5336 3155 5401 eisdem
3205 5337 3616 5401 monasteriis
3664 5337 3800 5400 sive

737 5430 898 5494 locis
961 5432 1130 5497 bene
1177 5434 1601 5520 cedentibus,
1659 5442 2274 5525 recompensacione
2324 5441 2472 5505 utili
2520 5448 2588 5505 et
2635 5442 2839 5506 eciam
2888 5440 3313 5522 condecenti,
3371 5447 3569 5527 prout
3615 5441 3802 5505 vobis

741 5537 1103 5601 secundum
1150 5539 1365 5603 Deum
1415 5543 1626 5606 visum
1664 5543 1864 5608 fuerit
1909 5544 2252 5631 expedire,
2304 5567 2499 5632 super
2542 5546 2778 5633 quibus
2810 5554 3061 5612 vestras
3092 5547 3534 5611 consciencias
3567 5567 3794 5611 onera·
