4450 6684
1834 565 2322 631 Inrnonucrro.
3508 588 3606 633 xv

555 782 786 843 contra
843 778 1271 845 Brabantiam
1341 784 1767 867 caeterosque
1832 781 2054 848 hostes
2100 786 2567 869 praepotentes
2615 786 2861 849 temere
2911 788 3097 869 gesto
3145 789 3379 873 captus
3426 791 3603 852 esset

554 901 818 969 unaque
847 903 997 949 cum
1028 882 1276 950 Ottone
1307 883 1610 950 Gelrensi
1640 885 1879 951 comite
1911 884 2304 969 custoditus,
2340 886 2499 973 ipsis
2529 885 2885 953 liberandis
2917 888 3205 973 Trajecti
3235 887 3319 955 ad
3345 889 3599 956 Mosam

553 984 914 1051 intervenit
973 986 1133 1052 Otto
1196 1007 1318 1052 rex
1346 987 1421 1070 ¹).
1514 987 1830 1055 Similiter
1888 989 2287 1056 Wilhelmus
2348 1011 2567 1057 comes
2613 991 2678 1075 I,
2741 991 2900 1056 dum
2946 1013 3063 1080 pro
3112 993 3428 1059 comitatu
3475 993 3602 1059 sibi

554 1087 950 1155 vindicando
1005 1095 1236 1156 contra
1280 1089 1689 1158 Ludovicum
1737 1093 2131 1160 Lossensem
2177 1092 2520 1161 dimicaret
2565 1096 3066 1184 praesulemque
3113 1098 3604 1183 Trajectensem

556 1197 897 1259 strenuum
958 1214 1221 1283 quoque
1293 1194 1738 1263 adversarium
1796 1197 2074 1264 haberet
2095 1247 2112 1282 ,
2185 1198 2451 1265 Ottonis
2499 1200 2671 1286 regis
2720 1199 2980 1266 assidue
3026 1202 3323 1289 partibus
3369 1201 3607 1269 favisse

556 1301 789 1367 merito
836 1301 1202 1388 conjicitur.

778 1405 884 1471 Ex
930 1404 1122 1472 dictis
1168 1406 1475 1492 colligere
1520 1407 1712 1490 licet,
1775 1404 2259 1473 Theodericum
2306 1406 2389 1473 de
2437 1407 2574 1473 Are
2619 1407 2798 1474 hisce
2847 1414 2915 1474 et
2962 1408 3092 1474 illis
3140 1410 3608 1476 certaminibus

555 1529 815 1597 semper
875 1510 1278 1598 implicatum
1298 1559 1316 1594 ‚
1377 1510 1447 1575 in
1511 1515 1697 1576 tanta
1757 1531 1976 1577 rerum
2037 1510 2327 1576 civilium
2392 1511 2773 1577 confusione
2829 1533 2949 1578 sua
3002 1514 3222 1600 potius
3270 1515 3610 1581 commoda

559 1613 959 1699 quaesivisse
1027 1635 1224 1701 quam
1294 1615 1543 1681 monito
1611 1615 1859 1702 papali,
1925 1620 2001 1680 ut
2063 1614 2328 1680 Ottonis
2391 1616 2688 1703 partibus
2750 1615 3031 1701 faveret,
3100 1619 3607 1706 obtemperasse.

555 1716 764 1782 Porro
831 1717 1258 1784 Innocentius
1327 1739 1499 1805 papa
1565 1717 1703 1803 ΠΙ,
1766 1718 2104 1806 hucusque
2171 1720 2347 1785 inter
2407 1724 2757 1807 utrumque
2816 1720 2899 1787 de
2946 1722 3231 1809 Imperio
3278 1723 3608 1789 aemulum

556 1821 775 1886 animo
830 1821 1038 1908 magis
1082 1822 1381 1888 minusve
1427 1843 1703 1910 anceps,
1751 1844 1793 1888 a
1840 1820 2162 1890 Kalendis
2210 1824 2466 1890 Martiis
2516 1845 2619 1890 an.
2676 1827 2839 1890 1201
2896 1825 3214 1893 Ottonem
3261 1828 3608 1894 manifeste

555 1944 776 2011 regem
824 1925 1305 1992 commendavit
1351 1933 1421 1993 et
1466 1927 1659 1993 sicuti
1706 1927 1868 1993 alios
1914 1927 2306 1995 Germaniae
2353 1929 2686 2015 praesules
2735 1929 3194 2018 principesque
3231 1931 3327 1996 ita
3356 1932 3605 2020 pariter

557 2027 1002 2114 suffraganeos
1063 2030 1377 2097 ecclesiae
1439 2030 1851 2098 Coloniensis
1912 2038 1981 2098 et
2043 2032 2424 2120 singulatim
2486 2034 2794 2099 comitem
2841 2034 3244 2101 Hollandiae
3292 2034 3375 2100 ad
3422 2056 3611 2123 prae·

556 2132 856 2198 standam
901 2132 1197 2220 legitimo
1242 2136 1384 2222 regi
1431 2134 1874 2202 obedientiam
1919 2136 2220 2203 hortatus
2268 2143 2371 2203 est
2415 2138 2622 2221 (num.
2672 2138 2807 2219 43).
2866 2138 3046 2203 Infra
3086 2158 3337 2204 annum
3367 2139 3609 2205 iterum

556 2234 640 2301 ad
672 2234 940 2302 eosdem
971 2237 1249 2305 similem
1281 2238 1639 2305 destinavit
1668 2238 2184 2307 admonitionem
2216 2246 2286 2306 et
2316 2246 2659 2329 praeterea
2690 2262 2983 2307 seorsum
3016 2241 3100 2308 ad
3127 2241 3609 2309 Theodericum

554 2339 639 2406 de
694 2340 865 2424 Are,
926 2361 1007 2407 ea
1061 2341 1329 2429 quidem
1374 2344 1628 2411 ratione
1674 2344 1849 2431 quod
1897 2345 2004 2411 hic
2046 2345 2313 2411 interim
2360 2367 2400 2411 a
2445 2350 2636 2432 parte
2684 2345 2948 2411 Ottonis
2996 2346 3170 2432 regis
3217 2345 3608 2414 discesserat

557 2445 762 2527 (num.
827 2446 966 2529 44).
1059 2445 1192 2512 Sed
1254 2467 1470 2536 neque
1530 2454 1762 2535 postea
1822 2449 1906 2517 ob
1968 2449 2219 2514 monita
2280 2449 2544 2537 papalia
2606 2449 2952 2515 consilium
3012 2454 3300 2516 mutasse
3348 2452 3610 2537 Trajec·

557 2555 812 2616 tensem
857 2553 1227 2637 praesulem
1276 2553 1528 2640 opinor.

781 2655 1113 2722 Diuturno
1159 2656 1336 2723 bello
1383 2656 1559 2723 civili
1607 2658 1807 2724 finem
1854 2656 2139 2746 denique
2184 2658 2498 2745 imposuit
2534 2657 2787 2744 perfida
2815 2657 3107 2745 Philippi
3141 2656 3342 2724 Suevi
3374 2657 3606 2724 caedes

556 2759 630 2842 (†
684 2760 765 2826 21
827 2760 1016 2827 Junii
1075 2762 1296 2847 1208).
1388 2760 1679 2828 Proinde
1734 2763 1977 2829 mensis
2033 2762 2322 2848 Augusti
2379 2762 2570 2827 initio
2618 2761 3106 2849 archiepiscopo
3169 2767 3238 2828 et
3283 2762 3607 2850 episcopis

557 2863 873 2930 ecclesiae
918 2863 1330 2931 coloniensis
1376 2866 1574 2932 simul
1618 2887 1768 2933 cum
1814 2867 1959 2932 aliis
2006 2886 2283 2952 quorum
2325 2865 2624 2931 interfuit
2661 2865 2931 2954 Imperii
2969 2865 3389 2953 magnatibus
3427 2886 3610 2932 man-

558 2967 740 3033 davit
800 2969 1104 3035 dominus
1148 2970 1363 3058 Papa,
1428 2992 1511 3038 ne
1560 2991 1954 3058 quemquam
2000 2970 2315 3036 adversus
2362 2969 2677 3035 Ottonem
2724 2969 2824 3036 IV
2869 2971 3025 3057 eligi
3073 2991 3297 3056 regem
3343 2971 3610 3058 permit-

558 3077 778 3138 terent
821 3072 1029 3157 (num.
1077 3074 1211 3155 51).

776 3178 930 3243 Non
989 3178 1199 3243 multo
1260 3183 1410 3264 post
1472 3177 1632 3244 Otto
1693 3199 1813 3244 rex
1873 3178 1973 3244 IV
2036 3199 2184 3244 cum
2242 3176 2633 3243 Innocentio
2681 3198 2852 3265 papa
2896 3176 3006 3242 III
3053 3177 3134 3244 de
3181 3178 3377 3244 rebus
3422 3199 3609 3265 prae-

556 3281 781 3347 sertim
802 3281 1054 3347 Italicis
1085 3281 1374 3367 graviter
1405 3281 1742 3367 dissensit3
1777 3282 2473 3348 excommunicationis
2495 3282 2769 3347 incurrit
2796 3283 3219 3365 sententiam3
3249 3282 3608 3370 Imperium

555 3386 680 3472 ipsi
726 3383 1175 3471 abjudicatum
1222 3391 1352 3469 est3
1400 3384 1790 3452 Fredericus
1835 3391 2065 3474 postea
2111 3387 2478 3475 Imperator
2525 3385 2597 3450 11
2642 3405 2867 3451 mense
2903 3385 3256 3452 Decembri
3288 3407 3393 3451 an.
3433 3387 3604 3451 1212

556 3511 674 3556 rex
735 3490 986 3556 electus
1049 3495 1152 3555 est
1204 3494 1273 3555 et
1319 3495 1698 3574 coronatus3
1749 3490 1968 3556 denuo
2014 3490 2262 3556 bellum
2308 3490 2543 3557 saeviit
2589 3490 2811 3574 civile,
2857 3490 2927 3553 in
2976 3510 3106 3577 quo
3152 3488 3317 3555 duos
3365 3489 3605 3556 abhinc

556 3614 764 3660 annos
826 3594 1172 3659 succubuit
1234 3594 1393 3660 Otto
1457 3616 1579 3660 rex
1603 3596 1679 3680 ⁹).
1771 3595 2084 3661 Jamtunc
2146 3594 2594 3660 Theodericus
2658 3593 2741 3660 de
2787 3594 2924 3660 Are
2972 3594 3112 3659 vita
3156 3593 3419 3660 functus
3465 3601 3609 3661 erat

556 3699 629 3781 (†
688 3700 728 3763 5
787 3698 854 3765 N
857 3719 962 3764 ov.
1024 3719 1129 3764 an.
1199 3700 1430 3783 1212),
1492 3698 1609 3765 sed
1680 3700 1824 3786 ejus
1884 3719 2218 3765 successor
2279 3697 2440 3766 Otto
2497 3697 2863 3781 Gelrensis,
2924 3697 3128 3764 frater
3181 3698 3455 3764 Gerardi
3500 3699 3608 3764 III

558 3801 814 3867 comitis
875 3801 1166 3887 Gelriae,
1231 3808 1299 3868 et
1345 3801 1745 3869 Wilhelmus
1790 3804 1826 3869 I
1871 3802 2270 3869 Hollandiae
2318 3822 2537 3868 comes
2581 3801 2916 3869 Frederici
2963 3802 3118 3868 novi
3164 3803 3338 3888 regis
3383 3808 3605 3890 partes

559 3906 791 3972 sectati
844 3905 1045 3972 fuisse
1082 3907 1235 3991 jure
1281 3905 1617 3973 asserendi
1661 3906 1970 3973 videntur
1993 3908 2068 3991 3).
2133 3908 2611 3973 Verumtamen
2658 3925 2826 3992 quae
2871 3907 2941 3970 in
2991 3904 3114 3970 hac
3162 3908 3606 3974 controversia

557 4007 641 4074 ad
700 4009 1038 4096 praesules
1097 4010 1206 4075 vel
1251 4009 1579 4097 principes
1625 4015 1884 4076 nostros
1930 4010 2359 4076 Innocentius
2404 4030 2576 4097 papa
2620 4009 2726 4074 III
2771 4008 3133 4095 diplomata
3178 4009 3608 4078 destinaverit

558 4134 880 4202 nusquam
925 4113 1361 4200 reperiuntur.

782 4216 891 4283 Ab
950 4216 1249 4283 Honorio
1309 4239 1482 4306 papa
1538 4217 1647 4283 111
1706 4218 2041 4305 complura
2100 4223 2491 4284 emanarunt
2552 4216 2979 4301 documenta,
3044 4216 3282 4304 quibus
3333 4218 3607 4284 historia
3639 4246 3775 4295 Inter
3812 4245 4016 4294 γνῶθι.

558 4323 809 4410 patriae
853 4326 1120 4386 nostrae
1165 4342 1300 4387 non
1343 4342 1575 4410 parum
1622 4322 2042 4389 dilucidatur.
2103 4322 2369 4389 Etenim
2417 4321 2828 4388 altercationi
2873 4321 3050 4388 inter
3096 4320 3525 4388 wilhelmum
3569 4323 3605 4388 I
3639 4330 3776 4363 mum
3809 4312 4017 4431 lfao?-

559 4424 641 4491 de
688 4423 1049 4490 Hollandia
1094 4430 1165 4491 et
1207 4424 1618 4492 Ludovicum
1661 4425 1743 4492 de
1781 4428 1914 4494 Los
1944 4426 2220 4492 comites
2253 4425 2336 4491 ad
2367 4426 2611 4492 multos
2641 4445 2848 4492 annos
2880 4425 3170 4511 agitatae
3193 4426 3250 4510 4)
3297 4426 3604 4493 Summus
3639 4389 4016 4499 ἓῗηῃξιιοεῖοιῖ

560 4529 874 4597 Pontifex
921 4530 1184 4616 saepius
1228 4530 1621 4596 intercessit.
1685 4530 1730 4599 J
1732 4552 1837 4597 am
1876 4530 2308 4597 Innocentius
2339 4551 2511 4618 papa
2540 4529 2646 4594 III
2676 4528 3084 4596 Theoderico
3116 4529 3604 4619 archiepiscopo
3640 4533 3740 4567 ⁸⁶¹²
3756 4524 4014 4568 commen.

559 4633 953 4701 Treverensi
1012 4634 1148 4700 suis
1212 4634 1420 4700 literis
1482 4634 1846 4719 mandavit,
1908 4641 1987 4701 ut
2047 4635 2586 4722 compositionem
2634 4632 2740 4700 die
2795 4635 2875 4698 14
2924 4632 3227 4699 Octobris
3273 4655 3378 4700 an.
3430 4636 3602 4700 1206

558 4737 789 4803 initam
838 4738 1064 4805 stricte
1112 4737 1586 4805 observandam
1633 4746 1892 4806 curaret
1938 4738 2082 4825 (cfr.
2130 4759 2376 4805 numm.
2429 4740 2511 4803 78
2552 4743 2621 4804 et
2655 4739 2789 4823 80).
2860 4738 3047 4815 Quae
3079 4736 3342 4826 quidem
3373 4738 3605 4805 literae

559 4843 825 4931 papales
873 4840 1069 4908 modo
1117 4841 1475 4930 deperiisse
1522 4843 1861 4929 videntur,
1919 4843 2035 4910 sed
2084 4848 2232 4908 tuto
2280 4862 2392 4909 eas
2437 4842 2660 4929 paullo
2707 4847 2863 4908 ante
2909 4847 3185 4908 mortem
3232 4842 3606 4909 Innocentii

564 4966 771 5033 papae
831 4945 938 5011 111
991 4945 1064 5030 (†
1123 4947 1202 5011 16
1249 4946 1414 5013 Julii
1467 4950 1667 5033 1216)
1712 4948 2090 5015 referendas
2134 4947 2522 5035 putaverim.
2616 4944 2785 5012 Qum
2831 4947 3006 5012 enim
3052 4946 3423 5033 pactionem
3466 4947 3606 5014 lau-

565 5047 784 5115 datam
846 5054 1082 5135 utpote
1145 5050 1280 5116 suis
1340 5050 1645 5118 vindiciis
1706 5072 2120 5140 summopere
2182 5051 2536 5116 obnoxiam
2597 5070 2888 5139 eousque
2943 5050 3211 5116 minime
3259 5051 3605 5120 observare

564 5152 880 5218 voluisset
923 5152 1322 5220 Wilhelmus
1367 5175 1585 5222 comes
1630 5157 1828 5242 (sicut
1874 5177 1996 5223 nec
2041 5176 2333 5242 unquam
2377 5160 2611 5244 postea
2640 5175 2869 5243 reapse
2902 5153 3334 5240 observavit),
3381 5155 3606 5222 sedem

724 5460 781 5525 1)
817 5460 873 5512 L.
908 5461 946 5511 l.
978 5458 1272 5526 249-2503
1307 5462 1537 5513 Annales
1570 5462 1895 5528 Efflnundani
1929 5463 2081 5514 Pertz
2115 5462 2168 5514 S.
2202 5463 2256 5513 S.
2291 5462 2429 5513 XVI.
2463 5462 2580 5514 473.

723 5541 780 5606 2)
816 5541 893 5592 De
928 5541 1076 5594 hisce
1109 5543 1205 5594 cfr.
1238 5541 1623 5595 winkelmann
1661 5545 1734 5596 11.
1764 5543 1858 5595 231
1898 5558 2008 5609 seq.
2275 5541 2330 5608 3)
2367 5544 2424 5594 L.
2458 5544 2493 5595 l.
2527 5543 2641 5595 330.

607 5701 618 5713 ·
725 5621 803 5767 9)
816 5624 1064 5769 11:65qu
1093 5622 1284 5675 videsis
1329 5623 1480 5675 Kluit
1523 5625 1771 5676 Historia
1813 5625 1995 5677 critica
2029 5624 2053 5675 1
2089 5624 2360 5676 Excursus
2397 5623 2469 5674 xl
2503 5624 2764 5689 (Ge-uina
2798 5624 2948 5674 Adae
2979 5621 3258 5674 comitissae
3289 5621 3608 5673 Hollandia
