4450 6684
1801 485 2202 551 Gnnsonms
2249 485 2374 550 XI.
3493 484 3621 548 277

553 710 846 797 quinimo
908 714 1126 773 curtes
1192 713 1259 772 et
1325 706 1498 771 bona
1552 706 1680 770 alia
1725 704 2022 792 predicta
2065 705 2394 790 plerisque
2440 703 2738 791 personis
2785 703 3123 768 laicalibus
3171 702 3374 767 donat
3423 708 3623 788 atque

558 816 835 902 dissipat
882 820 950 880 et
997 814 1330 896 distrahit,
1390 834 1465 877 ac
1514 811 1712 877 etiam
1758 811 2245 898 possessoribus
2292 818 2360 875 et
2404 810 2635 875 incolis
2684 810 3006 875 dictorum
3054 810 3376 874 bonorum
3421 808 3628 894 impo-

568 922 838 987 sitiones
885 927 954 987 et
999 921 1214 985 tallias
1263 940 1495 1006 graves
1535 924 1603 983 et
1651 919 2069 983 inconsuetas
2116 917 2397 1004 imponit
2443 917 2566 981 sub
2614 923 2922 1002 pretenso
2971 916 3235 981 nomine
3283 915 3620 996 advocati,

566 1029 861 1117 quamvis
924 1049 1120 1115 super
1180 1026 1555 1113 hujusmodi
1622 1025 1963 1090 advocatia
2026 1045 2155 1110 quo
2221 1024 2304 1089 ad
2362 1024 2834 1110 possessorium
2884 1022 3208 1107 judicium
3256 1042 3374 1109 per
3421 1022 3628 1087 dictas

563 1140 694 1199 tres
742 1133 1122 1197 diffinitivas
1169 1130 1531 1197 sententias
1580 1129 1915 1195 silentium
1959 1129 2338 1216 impositum
2386 1127 2585 1194 fuerit
2634 1127 2964 1213 quondam
2996 1126 3040 1192 J
3044 1127 3288 1191 ohanni
3322 1125 3625 1213 episcopo

569 1239 963 1327 supradicto.
1061 1238 1277 1312 Quare
1338 1257 1455 1324 pro
1502 1241 1688 1323 parte
1737 1235 2056 1300 dictarum
2103 1234 2435 1299 abbatisse
2482 1240 2550 1299 et
2597 1235 2899 1319 capituli,
2950 1254 3113 1319 que,
3163 1239 3237 1296 ut
3285 1237 3621 1313 asserunt,

560 1347 756 1432 longe
802 1346 937 1409 litis
984 1343 1376 1430 dispendiis,
1427 1363 1554 1428 que
1602 1342 1834 1427 viginti
1881 1341 2100 1424 annis,
2147 1347 2222 1405 ut
2270 1346 2601 1421 asserunt,
2651 1339 2939 1422 duravit,
2989 1340 3436 1423 bonorumque
3485 1358 3628 1423 pre·

568 1452 886 1515 dictorum
936 1450 1259 1531 carentia,
1307 1470 1456 1513 cum
1502 1449 1638 1513 fere
1686 1448 1814 1512 fuit
1860 1448 2055 1512 tertia
2103 1468 2252 1533 pars
2298 1446 2674 1512 reddituum
2725 1447 2999 1511 ecclesie
3033 1444 3453 1510 Assindensis
3487 1463 3629 1529 pre-

560 1559 768 1640 dicte,
827 1556 992 1622 adeo
1042 1563 1196 1619 sunt
1244 1561 1626 1640 consumpte
1676 1560 1744 1619 et
1792 1554 2270 1640 depauperate,
2319 1552 2494 1639 quod
2541 1554 2860 1639 respirare
2906 1557 3289 1637 nequeunt,
3338 1552 3459 1614 nisi
3510 1570 3626 1635 per

558 1684 676 1728 nos
724 1664 817 1728 eis
868 1661 949 1727 de
998 1662 1419 1727 deffensionis
1467 1661 1715 1725 auxilio
1764 1661 2170 1741 consulatur,
2220 1661 2534 1746 quatinus
2582 1658 3009 1723 consideratis
3059 1658 3361 1722 omnibus
3403 1677 3626 1741 supra-

559 1768 749 1834 dictis
801 1776 868 1834 et
915 1790 999 1833 ne
1047 1770 1244 1833 etiam
1294 1789 1532 1833 nervus
1577 1768 2016 1832 ecclesiastice
2061 1787 2335 1831 censure
2374 1773 2878 1851 contempnatur
2918 1771 2985 1830 et
3022 1786 3106 1829 ne
3147 1764 3505 1850 culpabiles
3542 1762 3625 1828 de

562 1897 679 1940 sua
723 1877 973 1940 malitia
1018 1876 1409 1961 glorientur,
1458 1881 1687 1939 contra
1734 1875 2127 1960 sepelientes
2177 1873 2459 1938 eundem
2508 1873 2880 1939 Johannem
2931 1873 3306 1957 episcopum
3354 1870 3620 1959 procedi

563 2004 805 2069 eosque
865 1982 1181 2047 declarari
1243 1987 1591 2068 propterea
1650 2002 1855 2068 penas
1912 1981 2082 2064 juris
2144 1980 2452 2045 incidisse
2516 1980 2887 2065 dictamque
2937 1979 3311 2058 ecclesiam,
3374 1977 3443 2042 in
3491 1998 3621 2064 qua

557 2089 771 2154 dictus
832 2088 1172 2154 Johannes
1236 2090 1579 2174 episcopus
1644 2088 1940 2173 sepultus
1987 2087 2249 2169 extitit,
2312 2087 2750 2151 ecclesiastico
2799 2085 3148 2150 interdicto
3194 2085 3331 2149 fore
3380 2105 3616 2170 suppo-

555 2198 749 2261 sitam
813 2202 882 2261 et
942 2196 1101 2260 alias
1148 2201 1377 2260 contra
1422 2195 1748 2280 prefatum
1795 2192 2161 2258 Arnoldum
2209 2194 2588 2280 episcopum
2635 2198 2703 2256 et
2750 2213 3173 2279 quoscunque
3221 2191 3381 2256 alios
3430 2212 3619 2256 occu-

557 2309 848 2390 patores,
897 2302 1275 2367 detentores
1324 2302 1604 2366 curtium
1649 2308 1717 2366 et
1755 2301 2029 2364 aliorum
2068 2301 2389 2364 bonorum
2430 2299 2901 2386 predictorum,
2949 2299 3158 2364 donec
3198 2300 3292 2363 rei
3320 2297 3617 2383 judicate

560 2409 824 2474 realiter
870 2429 1017 2473 cum
1067 2408 1305 2472 effectu
1351 2409 1633 2494 paritum
1680 2406 1907 2488 fuerit,
1968 2406 2163 2470 etiam
2214 2405 2479 2491 procedi
2528 2411 2596 2470 et
2642 2405 2801 2470 alias
2849 2406 2943 2470 eis
2987 2406 3057 2468 in
3102 2405 3431 2491 premissis
3478 2426 3624 2491 pro-

558 2515 766 2581 videri
832 2513 914 2580 de
977 2514 1387 2600 benignitate
1451 2513 1810 2600 apostolica
1857 2513 2296 2597 dignaremur.
2391 2512 2528 2577 Nos
2575 2514 2839 2599 itaque,
2887 2510 3261 2596 hujusmodi
3310 2510 3630 2598 supplica-

566 2621 863 2687 cionibus
931 2622 1261 2705 inclinati,
1333 2620 1713 2685 discretioni
1781 2626 1893 2684 tue
1958 2640 2076 2706 per
2139 2620 2499 2705 apostolica
2561 2620 2801 2704 scripta
2846 2618 3266 2700 mandamus,
3325 2618 3633 2704 quatinus

571 2729 819 2794 vocatis
881 2729 993 2815 qui
1055 2728 1302 2792 fuerint
1363 2726 1679 2792 evocandi
1727 2733 1795 2791 et
1841 2725 2081 2790 auditis
2127 2725 2282 2789 hinc
2328 2725 2483 2790 inde
2531 2725 2880 2812 propositis
2928 2724 3102 2810 quod
3139 2726 3394 2809 justum
3442 2723 3640 2788 fuerit

571 2836 960 2901 auctoritate
1008 2842 1259 2918 nostra,
1309 2834 1748 2921 appellatione
1794 2839 2073 2915 remota,
2122 2832 2437 2897 decernas
2485 2832 2730 2897 faciens
2778 2831 2952 2918 quod
3001 2830 3367 2896 decreveris
3406 2836 3629 2896 aucto·

567 2942 762 3007 ritate
827 2941 1121 3027 predicta
1181 2941 1456 3006 firmiter
1517 2940 1867 3005 observari.
1936 2940 2195 3004 ‘Testes
2259 2945 2516 3022 autem,
2580 2939 2694 3025 qui
2754 2937 2997 3003 fuerint
3057 2937 3378 3002 nominati
3398 2985 3415 3018 ,
3466 2938 3521 3001 si
3567 2957 3637 3001 se

568 3048 813 3133 gratia,
880 3046 1029 3111 odio
1094 3047 1198 3113 vel
1247 3048 1481 3112 timore
1527 3046 2006 3134 subtraxerint,
2053 3066 2172 3132 per
2218 3066 2559 3110 censuram
2606 3043 3147 3126 ecclesiasticam,
3196 3042 3636 3130 appellatione

576 3159 909 3236 cessante,
970 3155 1321 3241 compellas
1367 3155 1631 3219 veritati
1679 3151 2129 3218 testimonium
2176 3151 2543 3238 perhibere.
2635 3149 2945 3216 Ceterum
2993 3150 3048 3214 si
3094 3149 3314 3215 forsan
3360 3148 3641 3215 Arnoldi

577 3260 869 3348 episcopi
929 3266 997 3325 et
1060 3261 1332 3326 aliorum
1397 3260 1722 3348 prefatum
1771 3258 2098 3346 quondam
2147 3258 2191 3324 J
2195 3258 2520 3323 ohannem
2569 3256 2945 3343 episcopum
2993 3254 3452 3343 sepelientium
3499 3276 3644 3342 pre-

579 3370 793 3434 sentia
837 3389 955 3454 pro
1002 3369 1365 3433 monitione
1413 3389 1532 3433 seu
1576 3368 1892 3432 citatione
1939 3366 2022 3430 de
2068 3365 2226 3451 ipsis
2272 3364 2588 3429 faciendis
2636 3385 2861 3428 secure
2906 3364 3012 3428 vel
3049 3362 3385 3427 commode
3418 3362 3643 3427 haberi

573 3477 905 3562 nequiret,
956 3476 1076 3541 tibi
1125 3477 1518 3541 monitiones
1552 3481 1621 3540 et
1654 3474 2000 3539 citationes
2032 3473 2361 3560 quaslibet
2392 3491 2510 3557 per
2542 3470 2759 3536 edicta
2791 3470 3054 3557 publica
3086 3470 3155 3533 in
3185 3470 3345 3534 locis
3378 3469 3647 3533 circum-

569 3582 798 3647 vicinis
846 3583 1171 3667 affigenda
1216 3583 1527 3670 publicis,
1576 3580 1658 3646 de
1708 3581 1944 3668 quibus
1992 3579 2078 3644 sit
2125 3578 2492 3643 verisimilis
2540 3579 2950 3663 conjectura,
3000 3574 3176 3662 quod
3217 3574 3301 3640 ad
3341 3575 3643 3640 notitiam

570 3689 917 3754 citatorum
978 3695 1045 3754 et
1109 3690 1504 3755 monitorum
1567 3686 1941 3772 hujusmodi
2004 3686 2347 3773 pervenire
2412 3685 2711 3767 valeant,
2775 3683 3057 3749 faciendi
3104 3684 3365 3769 plenam
3413 3702 3642 3747 conce-

579 3793 795 3858 dimus
844 3801 1071 3859 tenore
1117 3796 1522 3881 presentium
1569 3797 1965 3880 potestatem
2015 3798 2083 3855 et
2131 3791 2469 3872 volumus,
2531 3789 2706 3876 quod
2754 3789 3026 3876 perinde
3073 3789 3248 3874 ipsos
3295 3787 3530 3852 citatos
3577 3794 3645 3852 et

574 3901 857 3965 monitos
879 3950 895 3981 ,
967 3906 1042 3964 ut
1103 3901 1541 3986 premittitur,
1610 3905 1829 3963 artent
1892 3919 1967 3962 ac
2031 3898 2084 3960 si
2149 3895 2244 3962 eis
2306 3896 2476 3961 facte
2540 3902 2608 3960 et
2670 3896 3000 3960 insinuate
3046 3894 3529 3981 presentialiter
3576 3900 3645 3957 et

576 4008 1008 4093 personaliter
1054 4008 1464 4089 extitissent3
1528 4026 1663 4070 non
1711 4002 2124 4069 obstantibus
2170 4002 2753 4066 constitutionibus
2799 4000 3171 4087 apostolicis
3219 3999 3302 4064 de
3347 3998 3645 4085 personis

571 4115 743 4179 ultra
789 4120 1040 4179 certum
1090 4134 1430 4179 numerum
1463 4112 1545 4177 ad
1579 4112 1904 4197 judicium
1936 4131 2068 4174 non
2102 4108 2413 4173 vocandis
2447 4113 2514 4172 et
2546 4107 2690 4171 aliis
2723 4107 3065 4172 contrariis
3097 4106 3644 4193 quibuscumque;

571 4241 687 4284 seu
748 4221 803 4284 si
869 4220 1114 4286 eisdem
1179 4219 1473 4285 Arnoldo
1539 4220 1844 4306 episcopo
1908 4217 2013 4282 vel
2076 4215 2412 4300 quibusvis
2475 4214 2617 4277 aliis
2674 4213 3107 4277 communiter
3151 4212 3257 4276 vel
3304 4209 3561 4274 divisim
3608 4231 3648 4274 a

583 4326 757 4392 dicta
803 4327 889 4390 sit
935 4326 1091 4391 sede
1137 4326 1496 4409 indultum,
1545 4324 1719 4412 quod
1768 4322 2100 4404 interdici,
2151 4319 2462 4407 suspendi
2514 4320 2620 4383 vel
2652 4318 3200 4383 excommunicari
3233 4338 3366 4381 non
3395 4316 3648 4401 possint

574 4454 689 4520 per
733 4434 993 4498 litteras
1041 4433 1431 4520 apostolicas
1479 4453 1610 4496 non
1644 4430 1961 4496 facientes
1993 4430 2256 4515 plenam
2289 4432 2356 4491 et
2387 4446 2765 4511 expressam
2798 4446 2873 4490 ac
2907 4424 2988 4489 de
3020 4424 3219 4490 verbo
3252 4424 3334 4488 ad
3367 4424 3641 4489 verbum

576 4540 661 4604 de
705 4539 966 4604 indulto
1013 4540 1387 4624 hujusmodi
1434 4539 1855 4603 mentionem.
1914 4536 2067 4600 Dat.
2102 4533 2276 4620 apud
2311 4533 2796 4597 Villamnovam
2826 4530 3291 4596 Avinionensis
3323 4530 3636 4612 diocesis,

575 4646 645 4710 V
690 4646 801 4710 Kl.
852 4644 1043 4729 Julii,
1092 4645 1512 4731 pontificatus
1562 4644 1769 4709 nostri
1816 4663 1988 4707 anno
2035 4640 2287 4728 quinto.

997 4780 1386 4843 Autoyraplmm
1431 4778 1659 4829 nonnihil
1703 4781 1996 4841 corruptum
2040 4775 2097 4825 in
2130 4774 2336 4824 archivo
2373 4774 2551 4822 Statu
2584 4772 3016 4835 Dusseldorpiano
3029 4793 3049 4829 ,-
3094 4771 3317 4834 eiqilbum
3350 4775 3398 4820 ot
3433 4771 3664 4834 ligatura

932 4923 1142 4979 ὤσασθαί,-
1178 4922 1233 4970 in
1259 4923 1405 4986 plica
1439 4919 1690 4984 inferiori
1724 4919 1795 4969 ad
1827 4919 1990 4968 dext:
2025 4918 2330 4983 Registrata
2359 4921 2460 4966 etc.
2493 4914 2571 4966 Jo.
2596 4914 2777 4967 Grassi
2801 4921 2927 4979 etc-3
2962 4915 3031 4963 ad
3052 4912 3337 4963 siwistrum:
3389 4868 3480 5019 ξ,
3518 4912 3661 4976 May-

928 5062 1106 5124 nardi3
1156 5080 1192 5110 a
1237 5065 1406 5124 tergo:
1460 5061 1613 5111 Trien·
1660 5061 1724 5110 de
1770 5059 2154 5124 Lunenbourg,
2199 5062 2250 5107 et
2276 5057 2458 5121 paullo
2492 5057 2752 5120 inferius.-
2793 5056 2857 5105 R.
2894 5055 3031 5105 Bull.
3066 5058 3120 5104 et
3152 5069 3246 5118 pro
3282 5054 3447 5104 tantis
3483 5054 3559 5103 Jo.
3594 5053 3658 5101 de

928 5141 1345 5289 Κιῖἶιῖᾳιγιιῗηὲἳη
1392 5228 1531 5290 apud
1577 5225 1757 5274 Niclas
1804 5223 2109 5287 Kindlinyer
2166 5221 2456 5272 Gescltichte
2502 5223 2592 5270 der
2638 5220 2900 5270 audacher·
2951 5218 3226 5282 Hvriykeit
3260 5219 3467 5282 (Berlin
3503 5216 3658 5280 1819)

925 5308 1040 5360 483.
1078 5310 1139 5358 πθ
1172 5308 1292 5373 129,
1329 5310 1589 5359 secundum
1622 5307 2009 5371 autoyraplmm.
