4450 6684
1837 529 2242 595 Gnnecnms
2287 528 2408 594 XI.
3526 530 3656 596 281

583 751 1029 837 jurisdicionis
1077 750 1411 833 existunt,
1460 755 1527 815 et
1576 749 2013 815 omnimodam
2052 749 2551 835 jurisdicionem
2601 751 2833 816 saltem
2878 750 3255 836 immediate
3303 750 3384 815 ad
3434 750 3650 816 forum

590 859 1100 926 ecclesiasticum
1148 858 1620 942 pertinentem,
1670 856 1849 922 salvo
1898 856 2070 943 quod
2121 858 2203 920 ab
2252 857 2394 943 ipso
2444 856 2897 921 archidiacono
2946 856 3027 921 ad
3077 857 3453 943 episcopum
3486 859 3646 924 Tra—

578 970 945 1054 jectensem
1015 986 1132 1052 pro
1205 971 1497 1049 tempore
1568 964 1966 1029 existentem
2030 963 2344 1051 appellari
2406 969 2665 1050 poterat
2726 971 2795 1028 et
2860 964 3032 1049 quod
3092 966 3436 1053 episcopus
3503 968 3656 1054 ipse·

589 1073 1066 1161 negligenciam
1113 1070 1269 1135 dicti
1317 1070 1787 1152 archidiaconi,
1835 1072 2058 1157 previe
2107 1076 2325 1134 tamen
2376 1092 2494 1157 per
2539 1070 2754 1156 ipsum
2801 1072 3133 1157 requisiti,
3183 1075 3487 1160 supplere
3534 1095 3649 1161 po-

590 1187 786 1263 terat,
837 1186 905 1245 et
954 1180 1159 1244 eciam
1204 1179 1383 1242 salvo
1422 1179 1574 1262 jure
1621 1177 2075 1263 prevencionis
2118 1198 2313 1263 super
2352 1179 2635 1264 querelis
2674 1180 2798 1262 (et)
2838 1179 3095 1264 injuriis
3137 1181 3457 1249 dictorum
3502 1186 3654 1249 sub-

587 1287 868 1351 ditorum
915 1290 1244 1370 spectasse
1292 1285 1512 1369 sicque
1560 1303 1676 1368 per
1721 1283 2100 1368 longissima
2147 1290 2445 1370 tempora
2491 1286 2665 1349 inter
2713 1286 3089 1373 episcopum
3138 1296 3206 1353 et
3245 1290 3641 1357 archidiaco-

587 1416 742 1460 num
805 1394 1330 1479 Trajectensem,
1396 1393 1507 1477 qui
1575 1398 1729 1456 tunc
1792 1397 2021 1473 erant,
2085 1391 2281 1454 salvis
2343 1390 2806 1477 infrascriptis,
2857 1395 3274 1461 observatum
3325 1396 3527 1464 fuisse
3575 1404 3646 1465 et

584 1500 793 1587 quod,
864 1501 1160 1586 quamvis
1235 1519 1430 1583 super
1491 1496 1920 1583 jurisdicione
1991 1502 2059 1561 et
2117 1498 2270 1581 jure
2331 1498 2660 1582 premissis
2726 1499 2880 1562 olim
2926 1501 3100 1565 inter
3149 1504 3528 1591 episcopum
3574 1511 3644 1572 et

586 1607 1110 1673 archidiaconum
1173 1605 1699 1689 TraJectensem,
1758 1604 1868 1689 qui
1919 1611 2075 1669 tunc
2126 1610 2301 1686 erat,
2347 1603 2601 1668 diverse
2649 1605 2926 1671 fuissent
2972 1611 3349 1693 questiones
3399 1620 3467 1677 et
3514 1612 3650 1677 dis·

583 1715 924 1779 senciones
985 1712 1288 1786 subm-te,
1354 1717 1575 1775 tamen
1637 1717 1864 1774 contra
1910 1711 2054 1775 illas
2106 1712 2196 1775 sic
2245 1712 2370 1775 fuit
2416 1711 2847 1796 prudencium
2896 1714 3179 1780 virorum
3229 1720 3514 1784 consiliis
3564 1728 3635 1785 et

584 1820 969 1885 tractatibus
1032 1839 1107 1882 ac
1170 1817 1620 1881 amicabilibus
1684 1817 2276 1903 composicionibus
2324 1825 2390 1882 et
2438 1819 2597 1881 alias
2648 1819 2995 1884 salubriter
3042 1824 3408 1907 provisum,
3458 1826 3636 1913 quod

585 1927 858 2014 predicti
920 1926 1264 2012 episcopus
1328 1933 1394 1989 et
1458 1924 1952 1988 archidiaconus
2019 1931 2087 1989 et
2151 1946 2373 1989 eorum
2442 1925 2686 1990 subditi
2749 1948 2910 2013 pace
2968 1929 3347 2014 gaudebant
3396 1941 3462 1998 et
3509 1937 3644 2000 suis

571 2035 831 2120 juribus
899 2039 1128 2098 mutuo
1201 2032 1494 2096 contenti
1566 2031 1789 2117 quieta
1860 2030 2208 2097 concordia
2277 2032 2622 2114 fovebant,
2691 2041 2886 2119 prout
2948 2034 3030 2100 de
3079 2041 3518 2106 contractibus
3566 2049 3635 2108 et

580 2141 1165 2229 composicionibus
1228 2137 1605 2225 huJusmodi
1665 2147 1965 2204 constare
2028 2146 2248 2225 potest
2311 2161 2427 2225 per
2491 2141 2785 2225 legitima
2847 2142 3275 2229 documenta,
3336 2149 3644 2234 quodque

580 2251 903 2337 prefatum
964 2247 1331 2313 Arnoldum
1396 2247 1773 2332 episcopum
1820 2245 2197 2330 hujusmodi
2251 2247 2638 2311 tractatibus
2685 2253 2754 2312 et
2801 2251 3426 2336 composicionibus,
3476 2276 3641 2340 quos

580 2358 792 2423 dictus
840 2355 1333 2420 archidiaconus
1380 2358 1647 2440 paratus
1694 2359 1794 2417 est
1842 2353 2228 2434 observare,
2297 2352 2591 2418 indebite
2640 2374 2709 2418 se
2759 2357 3137 2441 opposuisse
3186 2380 3426 2445 easque
3475 2364 3641 2427 mul·

581 2465 890 2550 tipliciter
936 2463 1332 2548 inpugnasse
1381 2467 1449 2524 et
1494 2461 1859 2545 inpugnare
1910 2480 1985 2522 ac
2035 2459 2408 2543 hujusmodi
2462 2467 2668 2524 totam
2706 2462 3201 2544 jurisdicionem
3242 2465 3397 2530 dicti
3431 2469 3645 2533 archi-

579 2571 838 2636 diaconi
898 2571 1107 2634 visum
1166 2568 1367 2632 fuisse
1429 2586 1743 2651 usurpare
1807 2571 1876 2631 et
1939 2587 2259 2651 occupare
2321 2567 2389 2629 in
2445 2568 2897 2652 gravissimum
2945 2570 3148 2655 ipsius
3196 2573 3634 2640 archidiaconi

580 2678 968 2762 dampnum,
1018 2673 1449 2761 prejudicium
1497 2680 1565 2737 et
1604 2674 1930 2758 jacturam
1978 2693 2052 2736 ac
2101 2672 2670 2737 archidiaconatus
2717 2674 2991 2759 predicti
3025 2683 3409 2764 perpetuam
3441 2682 3635 2746 intol-

576 2784 914 2849 lerabilem
973 2783 1326 2864 lesionem,
1375 2781 1719 2867 episcopus
1767 2801 1920 2844 vero
1954 2778 2284 2865 predicti,
2332 2781 2648 2865 premissa
2692 2801 2821 2844 non
2872 2802 3015 2847 esse
3064 2803 3219 2849 vera
3265 2785 3637 2873 dictamque

570 2890 1065 2976 jurisdicionem
1113 2888 1195 2953 ad
1244 2908 1313 2952 se
1360 2887 1690 2974 pertinere
1738 2891 2063 2970 asserant,
2113 2891 2180 2950 et
2228 2885 2560 2949 nonnullis
2610 2886 2753 2950 aliis
2799 2888 3092 2953 articulis
3140 2894 3415 2957 materia
3453 2916 3650 2979 ques-

582 2997 780 3061 tionis
828 3002 1088 3076 exorta,
1140 3016 1257 3058 nos
1305 3014 1566 3058 causam
1611 2993 1822 3077 ipsam
1870 2992 2110 3057 dilecto
2158 2992 2294 3056 filio
2343 2999 2567 3058 nostro
2617 2994 2815 3059 Petro
2864 2995 3039 3060 tituli
3090 2997 3316 3062 Sancti
3346 2999 3639 3065 Eustacii

587 3102 860 3167 diacono
924 3100 1252 3167 cardinali
1313 3098 1707 3166 audiendam
1770 3099 2212 3165 commisimus
2261 3105 2330 3164 et
2374 3100 2505 3165 fine
2553 3100 2776 3165 debito
2826 3103 3341 3188 terminandam,
3391 3109 3503 3193 qui
3551 3107 3635 3173 ad

579 3209 928 3274 nonnullos
990 3213 1173 3273 actus
1233 3208 1303 3271 in
1366 3228 1563 3271 causa
1621 3207 1799 3292 ipsa,
1865 3207 2051 3290 cujus
2116 3212 2362 3270 statum
2425 3207 2653 3272 haberi
2707 3208 3008 3273 volumus
3054 3212 3469 3294 presentibus
3517 3235 3634 3300 pro

578 3336 924 3401 expresso,
973 3314 1146 3379 inter
1191 3319 1412 3400 partes
1459 3313 1633 3399 ipsas
1681 3313 1921 3377 dicitur
1967 3314 2380 3399 processisse.
2455 3313 2622 3380 Oum
2669 3322 2888 3381 autem
2936 3315 3183 3380 dictum
3217 3317 3634 3385 cardinalem

578 3421 787 3485 sancti
848 3420 1138 3484 Eustacii
1202 3419 1283 3484 ad
1332 3425 1551 3506 partes
1600 3420 1790 3483 Italie
1839 3440 1957 3505 pro
2005 3420 2337 3484 nonnullis
2389 3421 2596 3484 titulis
2643 3423 2942 3486 Romane
2990 3424 3264 3488 ecclesie
3301 3426 3626 3510 ‚subjectis

578 3526 882 3611 regendis
930 3547 1004 3590 ac
1053 3527 1260 3590 eciam
1298 3525 1740 3610 gubernandis
1774 3526 1844 3589 in
1878 3526 2059 3591 brevi
2091 3525 2421 3591 destinare
2458 3527 2756 3591 volumus
2791 3534 2887 3610 et,
2925 3529 3095 3593 siout
3129 3531 3524 3617 accepimus,
3562 3533 3647 3598 de

575 3634 905 3719 premissis
950 3634 1022 3698 in
1069 3634 1363 3719 partibus
1409 3632 1801 3697 Alamannie
1848 3633 2081 3696 melius
2114 3639 2181 3696 et
2212 3634 2408 3697 citius
2445 3634 2593 3697 sciri
2626 3636 2865 3719 possit,
2914 3656 3036 3699 nos
3068 3638 3523 3720 attendentes,
3573 3645 3640 3703 te

576 3741 848 3805 ecclesie
897 3740 1306 3824 Trajectensi
1353 3740 1565 3824 longis
1597 3738 1914 3825 prefuisse
1950 3739 2386 3824 temporibus,
2437 3747 2704 3826 propter
2734 3742 2906 3827 quod
2942 3749 3255 3829 tanquam
3289 3745 3369 3810 de
3404 3747 3635 3810 merito

515 3852 524 3861 '
574 3847 830 3930 negocii
892 3846 1150 3932 plenius
1212 3845 1598 3909 informatus
1660 3846 1867 3930 ipsam
1935 3866 2234 3926 causam,
2297 3866 2424 3931 que
2489 3847 2684 3931 longe
2747 3846 2871 3912 fuit
2931 3849 3000 3912 in
3048 3850 3227 3913 curia
3274 3857 3642 3936 protracta,

574 3952 1003 4018 dilacionibus
1067 3953 1299 4035 salvis,
1348 3953 1600 4018 facilius
1648 3953 1893 4038 poteris
1942 3953 2329 4034 terminare,
2379 3974 2453 4016 ac
2502 3952 2584 4016 de
2631 3953 3182 4039 circumspecione
3231 3962 3346 4020 tua
3389 3958 3458 4021 in
3506 3958 3633 4022 hiis

576 4066 643 4123 et
690 4059 833 4123 aliis
880 4061 1230 4145 plurimum
1277 4060 1346 4123 in
1394 4059 1678 4123 Domino
1727 4056 2167 4139 confidentes,
2216 4058 2617 4122 fraternitati
2667 4064 2777 4122 tue
2824 4080 2942 4144 per
2988 4062 3346 4146 apostolica
3394 4064 3636 4149 scripta
3748 4133 3751 4135 ,

580 4167 1043 4231 committimus
1105 4172 1174 4233 et
1220 4166 1638 4247 mandamus,
1690 4167 1998 4250 quatinus
2051 4164 2133 4228 de
2180 4165 2514 4249 premissis
2564 4164 2864 4228 omnibus
2912 4172 2981 4230 et
3032 4167 3343 4252 singulis,
3393 4171 3639 4233 vocatis

573 4272 683 4354 qui
730 4270 973 4336 fuerint
1020 4271 1369 4352 evocandi,
1420 4271 1800 4357 diligentius
1848 4279 1916 4335 te
1962 4272 2274 4335 informes
2323 4276 2426 4351 et,
2480 4271 2532 4333 si
2581 4269 2722 4333 fieri
2769 4272 3039 4355 poterit,
3090 4278 3307 4357 partes
3340 4273 3512 4358 ipsas
3547 4272 3631 4337 ad

575 4378 983 4443 concordiam
1032 4378 1340 4461 reducas,
1391 4379 1584 4458 alias,
1636 4377 1878 4441 auditis
1927 4378 2079 4441 hinc
2127 4375 2281 4440 inde
2330 4376 2682 4462 propositis
2729 4397 2804 4441 ao
2839 4377 3270 4441 observantiis
3304 4380 3633 4443 consuetis

572 4482 919 4569 inspectis,
992 4484 1164 4570 quod
1225 4487 1480 4569 justum
1550 4483 1782 4565 fuerit,
1856 4483 2305 4569 appellacione
2383 4487 2668 4563 remota,
2732 4481 3080 4563 decernas,
3145 4484 3389 4549 faciens
3455 4484 3629 4569 quod

571 4586 866 4651 decernis
935 4610 1053 4674 per
1121 4610 1461 4654 censuram
1532 4589 2039 4654 ecclesiasticam
2111 4587 2384 4652 firmiter
2447 4586 2796 4650 observari.
2893 4587 3126 4651 Testes
3191 4595 3451 4670 autem,
3522 4588 3634 4673 qui

572 4693 814 4758 fuerint
877 4696 1229 4777 nominati,
1295 4696 1347 4759 si
1416 4716 1484 4759 se
1546 4695 1801 4779 gracia,
1866 4694 2015 4758 odio
2079 4694 2185 4759 vel
2249 4695 2482 4757 timore
2543 4693 3027 4768 subtraxerint,
3077 4715 3350 4758 censura
3397 4695 3625 4777 simili,

574 4802 1020 4887 appellacione
1078 4810 1413 4884 cessante,
1463 4802 1813 4886 compellas
1862 4801 2126 4866 veritati
2175 4801 2625 4864 testimonium
2673 4800 3056 4885 perhibere3
3105 4822 3238 4865 non
3289 4801 3594 4864 obstante
3618 4849 3636 4883 ,

572 4908 624 4970 si
673 4908 919 4975 eisdem
969 4911 1274 4997 episcopo
1323 4916 1391 4974 et
1437 4908 1893 4973 archidiacono
1949 4907 2052 4972 vel
2099 4906 2439 4991 quibusvis
2489 4906 2632 4970 aliis
2680 4908 3112 4972 communiter
3156 4908 3261 4972 vel
3303 4906 3557 4973 divisim
3598 4926 3640 4970 a

573 5011 728 5076 sede
790 5014 1148 5101 apostolica
1205 5013 1536 5078 indultum
1597 5014 1877 5094 existat,
1942 5010 2113 5097 quod
2172 5009 2514 5092 interdici,
2562 5010 2875 5096 suspendi
2924 5011 3027 5075 vel
3075 5011 3628 5076 excommunicari

574 5138 706 5181 non
770 5121 1021 5206 possint
1085 5142 1203 5207 per
1260 5121 1516 5186 litteras
1577 5119 1968 5205 apostolicas
2027 5137 2160 5180 non
2205 5116 2523 5181 facientes
2569 5117 2833 5202 plenam
2880 5122 2949 5180 et
2993 5137 3371 5203 expressam
3419 5137 3492 5180 ac
3540 5115 3623 5180 de

571 5226 769 5289 verbo
833 5226 915 5291 ad
978 5228 1251 5292 verbum
1313 5226 1396 5291 de
1458 5225 1716 5290 indulto
1779 5222 2154 5308 huiusmodi
2217 5223 2650 5287 mencionem.
2744 5223 2897 5287 Dat.
2945 5221 3314 5304 Avinione,
3365 5222 3481 5287 VI.
3530 5221 3634 5286 Id.

576 5331 1001 5414 Novembris,
1051 5354 1222 5397 anno
1270 5333 1524 5419 quinto.

988 5465 1112 5530 Ray.
1147 5467 1245 5515 Αυ.
1290 5467 1342 5515 Τ.
1381 5464 1469 5529 24,
1507 5463 1612 5514 372.

729 5591 780 5655 1)
817 5590 918 5642 Cfr.
955 5606 1113 5655 supra
1150 5606 1298 5641 num.
1332 5591 1479 5641 2115.

789 5791 873 5848 H.
3336 5789 3412 5845 36
