4450 6684
780 531 866 593 34
2064 523 2380 589 CLEMENS
2432 523 2551 588 VI.

1009 728 1450 816 suffragantia
1496 727 1636 793 tibi.
1667 776 1683 792 .
1712 775 1727 792 .
1756 775 1773 791 .
1826 728 1979 792 Dat.
2029 727 2397 809 Avinione,
2446 728 2551 791 ΠΙ
2598 728 2768 793 Non.
2817 727 3148 810 Januarii,
3206 748 3379 793 anno
3431 749 3625 793 nono,

1190 864 1310 926 Ray.
1350 864 1446 912 Av.
1490 864 1547 912 T.
1580 861 1672 925 59,
1699 865 1760 928 s.
1794 860 1936 912 3770.

777 1302 955 1370 1377.
1755 1305 1928 1366 1351
1949 1352 1965 1385 ,
2015 1300 2332 1366 Januarii
2376 1304 2449 1383 4,
2504 1302 2864 1367 Avenionis.

1089 1458 1287 1521 Petro
1337 1457 1412 1520 de
1463 1456 1653 1520 Valde
1707 1455 2125 1537 Trajectensi,
2184 1457 2499 1519 licentiato
2548 1458 2615 1518 in
2659 1456 2950 1538 decretis,
3001 1456 3445 1537 conferendum
3481 1465 3840 1521 reservatur

1002 1563 1356 1646 beneficium
1429 1570 1714 1648 spectans
1783 1563 1870 1626 ad
1937 1562 2405 1647 dispositionem
2475 1563 2746 1645 capituli
2808 1561 2876 1624 S.
2943 1563 3299 1626 Salvatoris
3367 1562 3547 1642 Traj.
3596 1571 3655 1627 et
3699 1584 3840 1626 cnm

997 1692 1156 1735 cura
1217 1673 1340 1752 20,
1406 1672 1539 1734 sine
1600 1691 1758 1734 cura
1825 1690 1968 1733 vero
2013 1671 2103 1732 15
2149 1688 2513 1731 marcarum
2559 1671 2810 1753 arqenti
2856 1669 3131 1732 valorem
3177 1689 3463 1732 annuum
3510 1690 3634 1732 non
3682 1690 3847 1733 exce-

999 1777 1169 1841 dens.
1222 1815 1304 1823 —-
1353 1775 1771 1860 Depntantur
1818 1782 2187 1839 eaeecutores.

1003 1957 1391 2023 Honestatis
1440 1963 1527 2020 et.
1557 2005 1572 2019 .
1601 2003 1616 2020 .
1648 2004 1662 2019 .
1722 1956 1874 2020 Dat.
1922 1956 2295 2039 Avinione,
2344 1957 2413 2020 II
2459 1957 2630 2023 Non.
2678 1957 3011 2038 Januarii,
3061 1978 3233 2022 anno
3284 1978 3477 2022 none.

1197 2092 1319 2154 Rey.
1357 2093 1453 2140 Aa.
1500 2093 1555 2140 Τ.
1587 2090 1682 2153 60,
1708 2091 1768 2154 s.
1804 2089 1943 2141 40012

773 2531 1214 2601 1378—1379.
1739 2533 1945 2613 1851,
1994 2531 2312 2595 Januarii
2356 2534 2477 2613 13,
2523 2533 2884 2596 Avenionis.

1093 2685 1174 2748 A.
1247 2683 1539 2748 Johanni
1586 2682 1910 2768 Spinthof
1951 2685 2108 2747 laico
2167 2683 2584 2765 Trajectensis
2631 2684 2817 2747 dioec.
2866 2684 3223 2748 conceditur
3254 2686 3675 2771 privileqium
3706 2688 3847 2770 ple·

1000 2793 1224 2856 nariae
1270 2792 1545 2855 omnium
1584 2798 1991 2874 peccatorum
2037 2792 2422 2854 remissionis
2468 2793 2537 2854 in
2583 2792 2857 2855 articulo
2903 2793 3143 2855 mortis.

1087 2898 1163 2962 B.
1239 2896 1598 2960 Everaerdo
1645 2896 1721 2960 de
1764 2896 1967 2960 Fossa
2013 2898 2309 2961 canonico
2356 2898 2639 2960 ecclesiae
2677 2896 3156 2961 Daventriensis
3203 2897 3368 2962 idem
3403 2899 3835 2984 privileyium.

998 3080 1314 3144 Provenit
1361 3099 1466 3143 ex.
1495 3126 1510 3142 .
1542 3127 1557 3141 .
1589 3126 1604 3142 .
1653 3079 1805 3143 Dat.
1859 3077 2224 3161 Avinione,
2274 3078 2375 3142 Id.
2425 3079 2762 3162 ‚Ianum-ii,
2811 3100 2983 3144 anno
3033 3102 3229 3145 nonu.

1193 3215 1317 3275 Rey.
1353 3214 1450 3262 dv.
1495 3214 1549 3260 T.
1585 3211 1673 3276 57,
1699 3215 1758 3277 s.
1795 3210 1934 3262 4360.

2037 3429 2122 3435 ---
2187 3427 2439 3434 μψ-
2484 3427 2626 3434 *ξ-

778 3649 1225 3719 1380—1381.
1615 3736 1620 3741 ι
1767 3651 1973 3731 1351,
2023 3650 2258 3715 Martii
2302 3653 2428 3733 10,
2487 3653 2838 3714 Avenionis.

1091 3802 1173 3866 A.
1250 3799 1569 3884 Stephano
1617 3799 1691 3862 de
1737 3799 2029 3863 Bumnen
2078 3802 2271 3864 militi
2315 3808 2372 3864 et
2421 3800 2824 3885 Maryaritae
2868 3804 3001 3884 ejus
3050 3804 3240 3866 uxori
3288 3802 3601 3867 nobilibus
3661 3803 3842 3888 Traj.

999 3909 1259 3973 diocesis
1323 3907 1511 3971 dioec.
1577 3907 1939 3970 conceditur
1992 3909 2405 3991 privileyiuni
2454 3909 2794 3992 plenariae
2854 3911 3129 3973 omnium
3177 3919 3582 3995 peccatorum
3629 3913 3844 3975 remis-

997 4016 1192 4079 sionis
1237 4015 1306 4076 in
1351 4014 1623 4076 articulo
1672 4015 1910 4077 mortis.

1093 4121 1168 4184 B.
1241 4119 1533 4183 Johanni
1579 4118 1925 4181 Bierwisch
1976 4120 2132 4182 laico
2189 4118 2371 4201 Traj.
2420 4119 2609 4183 dioec.
2662 4120 2823 4183 idem
2862 4122 3296 4205 privileqium.

1015 4301 1333 4366 Provenit
1380 4319 1486 4364 ex.
1516 4347 1530 4362 .
1559 4344 1576 4362 .
1605 4348 1618 4362 .
1670 4299 1821 4363 Dat.
1871 4298 2238 4381 Avinione,
2286 4283 2393 4364 Vr
2432 4300 2531 4363 Id.
2579 4300 2841 4382 Marcii,
2890 4322 3062 4365 anno
3110 4322 3303 4367 nono.

1206 4434 1327 4496 Rey.
1376 4434 1490 4484 rat.
1536 4435 1591 4482 Τ.
1625 4431 1714 4495 57,
1741 4434 1802 4496 f.
1837 4432 1974 4484 443r.

2042 4650 2138 4655 b.-
2163 4648 2631 4655 -----

777 4871 968 4940 1382.
1775 4871 1984 4950 1351,
2033 4868 2267 4932 Martii
2311 4871 2427 4951 21,
2480 4871 2842 4935 AvenioniS.

1114 5024 1442 5087 Willermo
1513 5021 1778 5105 Lanqlze
1846 5020 2169 5085 domicello
2250 5029 2308 5084 et
2377 5023 2780 5108 Marqaritae
2847 5028 2981 5109 ejus
3044 5028 3235 5090 uxori
3293 5026 3603 5093 nobilibus
3662 5027 3845 5111 Traj.

1006 5133 1194 5196 dioec.
1243 5130 1404 5194 idem
1442 5130 1868 5214 privileyinm.

1005 5313 1321 5380 Provenit
1368 5334 1472 5377 ex,
1503 5361 1517 5375 .
1546 5358 1563 5376 .
1592 5358 1607 5374 .
1674 5311 1829 5376 Dat.
1875 5310 2242 5392 Avinione,
2292 5309 2430 5374 XII
2478 5310 2587 5374 Kl.
2635 5311 2914 5395 Aprilis,
2965 5332 3135 5376 anno
3183 5333 3378 5378 non0.

1203 5450 1325 5512 Rey.
1363 5451 1456 5497 Av.
1502 5451 1554 5498 T.
1590 5446 1679 5510 57,
1706 5449 1767 5511 s.
1803 5445 1942 5497 450⁶.
