4450 6684
1798 530 2201 595 Gnssoonrus
2247 525 2371 592 XI.
3485 522 3614 587 217

545 757 746 828 2058.
1539 754 1748 835 1372,
1795 752 2053 837 Aprilis
2099 752 2216 833 21,
2266 750 2629 814 Avenionis.

867 909 1168 976 Omnibus
1202 905 1666 993 poenitentibus
1711 912 1770 969 et
1816 905 2149 986 confessis,
2198 904 2318 988 qui
2350 902 2549 966 locum
2581 901 2825 966 ordinis
2854 902 3142 984 fratrum
3175 902 3610 972 Eremitarum

778 1019 845 1083 S.
908 1017 1263 1102 Auqtcstini
1323 1012 1966 1097 Middelburqensem,
2033 1009 2181 1096 „qui
2230 1030 2270 1072 a
2317 1007 2793 1095 quinquaginta
2840 1010 3028 1074 annis
3076 1011 3238 1076 citra
3283 1015 3353 1077 in
3397 1015 3613 1082 insula

776 1125 971 1190 maris
1032 1121 1345 1187 fundatus
1392 1120 1656 1201 extitit,
1705 1119 1907 1202 (oum)
1955 1117 2024 1181 in
2069 1116 2276 1202 ipsius
2323 1116 2599 1181 ecclesia
2645 1122 2713 1181 et
2759 1117 2904 1181 aliis
2951 1117 3222 1183 edificiis
3269 1142 3385 1206 pro
3433 1123 3616 1188 habi-

778 1232 1027 1297 tatione
1074 1226 1454 1295 eorumdem
1500 1227 1774 1290 fratrum
1821 1223 2204 1290 necessariis
2251 1223 2671 1309 reparaoione
2716 1221 3013 1309 indigeat
3061 1245 3259 1311 opere
3311 1248 3443 1294 non
3483 1250 3620 1296 mo-

780 1338 997 1404 dicum
1060 1333 1510 1421 sumptuoso’'‚
1572 1333 1787 1396 diebus
1847 1352 2050 1416 supra
2112 1351 2286 1394 num.
2350 1332 2529 1395 1977
2588 1332 2887 1396 indicatis
2943 1356 3177 1400 necnon
3223 1338 3293 1400 in
3337 1336 3499 1419 festo
3548 1338 3614 1406 S.

779 1446 1133 1531 Auyustini
1192 1443 1403 1508 devote
1460 1442 1856 1505 visitaverint
1914 1447 1974 1503 et
2017 1438 2104 1502 ad
2147 1436 2382 1502 dietam
2429 1441 2894 1522 reparationem
2941 1442 3336 1530 adjuverint,
3386 1450 3621 1514 similes

777 1575 854 1619 ae
898 1555 967 1617 in
1010 1573 1183 1616 num.
1236 1550 1496 1615 laudato
1543 1547 1975 1631 indulqentiae
2018 1548 2496 1630 impertiuntur.

778 1737 969 1802 Lioet
1014 1736 1104 1816 ie,
1154 1734 1237 1798 de
1284 1734 1491 1817 cujus.
1522 1780 1536 1795 .
1566 1779 1624 1795 ..
1675 1729 1828 1794 Dat.
1877 1728 2243 1810 Avinione,
2294 1727 2397 1793 XI
2442 1727 2551 1793 Kl.
2601 1729 2795 1815 MaJi,
2845 1752 3017 1796 anno
3066 1733 3374 1800 seeundo.

971 1854 1102 1917 Ray.
1135 1854 1237 1902 An.
1277 1853 1332 1901 T.
1366 1851 1458 1910 15,
1484 1852 1546 1915 s.
1580 1848 1695 1898 343.

560 2196 763 2265 2059.
1396 2195 1600 2276 1372,
1647 2192 1821 2275 Μα]’ἱ
1865 2194 1983 2275 23,
2032 2214 2136 2276 ap.
2187 2192 2454 2256 Pontem
2503 2192 2783 2277 Sorqiae.

871 2350 1329 2434 Infraseriptis
1374 2347 1752 2429 mandatur,
1800 2353 1875 2409 ut
1920 2345 2241 2430 Stephano
2290 2345 2366 2409 de
2409 2345 2689 2410 Manher
2722 2356 3034 2432 perpetuo
3079 2352 3350 2434 vicario,
3399 2362 3621 2419 curato

784 2465 1183 2541 nuncupato,
1218 2455 1619 2540 paroehialis
1663 2454 1950 2517 eecksiae
1995 2455 2063 2516 in
2110 2452 2364 2517 Malsen
2419 2452 2601 2535 Traj.
2650 2454 2871 2537 dioec„
2921 2458 2988 2520 in
3016 2459 3175 2538 jure
3221 2463 3515 2526 canonico
3561 2469 3621 2525 et

780 2563 1025 2628 artibus
1074 2569 1406 2647 provecto,
1472 2559 1805 2642 conferant
1851 2560 2288 2622 canonicatum
2335 2566 2393 2622 et
2429 2559 2856 2642 praebendam
2903 2563 2970 2625 in
3017 2564 3270 2628 ecclesia
3320 2565 3386 2629 S.
3441 2566 3625 2632 Petri

789 2670 971 2750 Traj.
1019 2675 1306 2733 vacantes
1340 2688 1466 2752 per
1513 2664 1747 2730 obitum
1795 2664 2125 2748 Peleqrini
2169 2664 2245 2729 de
2291 2665 2486 2732 Reno·

780 2854 1055 2919 Dilectis
1118 2852 1270 2915 filiis
1333 2899 1349 2915 .
1377 2899 1393 2915 .
1459 2850 1667 2915 saneti
1715 2849 2010 2935 Agricoli
2053 2848 2521 2914 Aviniononsis
2581 2855 2650 2915 et
2694 2851 3090 2917 xanctensis
3137 2876 3212 2919 ao
3260 2902 3276 2920 .
3305 2904 3320 2919 .
3370 2855 3620 2924 Alden-

556 2962 833 3030 zalensis
879 2958 1286 3025 coloniensis
1333 2962 1401 3022 et
1447 2957 1888 3041 TraJeotensis
1937 2956 2292 3021 diocesium
2340 2956 2758 3020 ecelesiarum
2806 2958 3083 3024 salutem
3129 2968 3240 3026 ete.

780 3067 1180 3133 Litterarum
1248 3064 1543 3129 scientia.
1573 3112 1588 3128 .
1616 3110 1633 3129 .
1661 3112 1677 3128 .
1748 3063 1901 3128 Dat.
1973 3061 2146 3150 apud
2209 3062 2710 3149 Pontemsorgie
2772 3064 3238 3133 Aviniononsis
3300 3066 3616 3154 diocesia,

558 3174 627 3240 X
673 3172 785 3239 Kl.
833 3172 877 3239 J
880 3172 1053 3254 unii,
1103 3190 1273 3235 anno
1323 3167 1633 3234 secundo,

980 3288 1105 3351 περ.
1139 3288 1237 3336 Ao.
1281 3288 1338 3336 τ’.
1371 3285 1459 3348 11,
1487 3288 1548 3350 s.
1585 3284 1721 3336 1482.

559 3614 770 3682 2060.
1399 3614 1611 3697 1372,
1658 3612 1830 3697 Maji
1873 3616 1992 3697 29,
2040 3635 2147 3699 ap.
2196 3614 2464 3679 Pontem
2513 3614 2794 3700 Sorqiae.

869 3766 1329 3852 Infra-seriptis
1392 3766 1771 3848 mandatur,
1835 3774 1910 3830 ut
1969 3764 2309 3831 Wilhelmo
2372 3767 2449 3831 de
2514 3768 2675 3855 Zyle
2721 3772 3014 3834 canonico
3061 3774 3350 3837 eeclesiae
3405 3772 3628 3856 Traj.‚

789 3873 1195 3938 baccalaureo
1241 3877 1309 3937 in
1355 3873 1645 3954 decretis,
1694 3872 2017 3936 «Iohannis
2071 3874 2163 3937 tit.
2217 3872 2360 3938 S.S.
2411 3873 2609 3938 Nerei
2652 3882 2711 3939 et
2756 3874 3036 3940 Achillei
3068 3877 3430 3963 presbyteri
3472 3879 3629 3945 Car-

785 3980 1025 4045 dinalis
1092 3981 1420 4064 capellano
1441 4029 1457 4062 ,
1520 3978 1905 4063 provideant
1968 3978 2045 4043 de
2095 3982 2555 4064 praepositura
2618 3980 2932 4064 Elstensi,
2996 3986 3254 4047 nonnisi
3314 3989 3630 4050 canonicis
3745 4057 3748 4060 ,

789 4087 992 4152 dictae
1034 4087 1319 4150 ecelesiae
1358 4085 1639 4167 conferri
1667 4086 1859 4149 solita
1889 4092 1948 4149 et
1978 4093 2239 4150 vacante
2267 4107 2395 4169 per
2425 4086 2659 4151 obitum
2693 4087 2997 4173 Philippi
3047 4089 3169 4169 „de
3202 4090 3516 4155 Grovelt’'
3544 4094 3627 4176 1),

789 4198 901 4280 qui
917 4242 934 4277 ,
1002 4195 1142 4258 licet
1200 4195 1406 4278 ipsam
1476 4193 1809 4258 Thiderico
1869 4192 2104 4257 Vresen
2162 4192 2462 4275 defuneto
2524 4193 2603 4257 ab
2666 4196 3013 4279 apostoliea
3075 4196 3213 4260 sede
3258 4196 3631 4282 obtinuerit,

785 4302 1229 4386 possessionem
1274 4301 1477 4384 ipsius
1511 4298 1853 4383 pacificam
1901 4305 2219 4363 assecutus
2266 4319 2392 4363 non
2439 4307 2549 4364 est.

788 4482 1062 4548 Dilectis
1109 4482 1259 4546 filiis
1308 4530 1324 4546 .
1353 4528 1369 4546 .
1420 4481 1629 4546 sancti
1666 4480 1958 4566 Agriooli
1990 4481 2459 4547 Avinionensis
2493 4486 2562 4546 et
2609 4527 2624 4543 .
2652 4525 2670 4545 .
2720 4480 2913 4545 beate
2945 4479 3151 4545 Mario
3183 4482 3626 4566 Trajeotensis

565 4589 813 4655 decano
862 4609 937 4653 ao
985 4587 1440 4652 archidiacono
1487 4586 1883 4652 Alnisiensis
1929 4588 2421 4653 xanctonensis
2468 4586 2888 4651 ecclesiarum
2937 4587 3215 4652 salutem
3263 4595 3373 4651 etc.

786 4695 944 4761 Vite
1005 4716 1081 4759 ao
1142 4714 1415 4758 morum.
1444 4740 1460 4756 .
1488 4740 1505 4757 .
1534 4741 1550 4758 .
1621 4692 1773 4757 Dat.
1837 4693 2013 4780 apud
2059 4692 2563 4777 Pontemsorgie
2609 4692 3077 4757 Avinionensis
3125 4692 3437 4778 diocesia,
3483 4693 3625 4758 ΠΠ

564 4801 676 4867 Kl.
725 4800 938 4884 Junii,
986 4821 1160 4866 anno
1208 4798 1517 4866 secundo.

983 4919 1107 4981 Ray.
1142 4919 1241 4967 Δυ.
1283 4920 1338 4966 Τ.
1377 4915 1464 4980 11,
1489 4918 1550 4980 s.
1585 4915 1724 4965 4840.

718 5044 775 5110 1)
811 5045 1117 5111 Legendum
1156 5045 1381 5095 videtur:
1423 5045 1487 5094 de
1521 5043 1804 5095 Gronevelt
1838 5043 1944 5093 vel:
1982 5043 2046 5092 de
2081 5041 2409 5093 Groenevelt.

569 5416 765 5485 2061,
1401 5421 1618 5503 1372,
1666 5419 1837 5503 Maji
1882 5420 2008 5502 30,
2058 5439 2163 5503 ap.
2213 5417 2486 5483 Pontem
2535 5417 2817 5502 Sorqiae.

884 5571 1292 5658 Maryaritae
1350 5576 1543 5639 uxori
1602 5573 1861 5637 Nicolai
1908 5572 1985 5635 de
2029 5570 2284 5636 Loenen
2335 5569 2563 5635 nobilis
2607 5570 2915 5653 armiyeri
2969 5567 3148 5650 Traj.
3197 5566 3386 5631 dioec.
3435 5587 3642 5632 conee-

795 5678 975 5742 ditur
1009 5682 1425 5767 privileqium
1458 5682 1799 5766 plenariae
1832 5685 2240 5763 peccatorum
2286 5677 2669 5741 remissionis
2714 5678 2784 5739 in
2828 5676 3100 5739 articulo
3145 5675 3387 5738 mortis.

791 5812 878 5873 11.
3338 5810 3416 5868 28
