4450 6684
1828 480 1887 546 U
1887 496 2155 546 arms
2199 479 2285 545 V.
3463 477 3592 546 133

525 729 604 775 ac
672 704 1031 773 inducendi
1098 726 1218 794 per
1288 710 1355 772 te
1425 705 1532 772 vel
1602 706 1802 772 alium
1873 725 1991 771 seu
2060 703 2223 768 alios
2292 722 2607 791 personas
2673 702 2851 789 ipsas
2919 702 3028 769 vel
3087 701 3299 769 dictos
3361 721 3595 793 procu·

523 819 777 880 ratores
845 832 1070 879 earum
1137 811 1405 877 nomine
1477 811 1549 875 in
1619 809 2022 897 corporalem
2090 807 2573 896 possessionem
2643 807 3126 894 prebendarum
3193 829 3271 875 ac
3333 810 3596 897 supple·

526 924 932 1002 mentorum,
979 917 1342 1001 fructuum,
1389 916 1801 1000 reddituum,
1841 920 2284 1003 proventuum
2325 914 2497 1000 juris
2537 919 2606 979 et
2647 913 3066 980 obventionis
3106 916 3595 1001 universorum,

526 1027 1044 1097 contradictores
1108 1046 1369 1113 quoque
1435 1023 1829 1090 auctoritate
1889 1021 2254 1108 apostolica
2317 1019 2809 1109 compescendi3
2867 1042 3004 1086 non
3049 1021 3466 1089 obstantibus
3514 1022 3599 1089 de

527 1141 711 1205 certo
774 1133 1236 1199 canonicorum
1296 1150 1571 1197 numero
1632 1135 1703 1196 et
1767 1128 2267 1216 quibuscunque
2332 1127 2479 1192 aliis
2526 1129 2814 1214 ipsarum
2864 1128 3286 1195 ecclesiarum
3333 1131 3600 1195 statutis

527 1248 599 1311 et
640 1237 1227 1308 consuetudinibus
1265 1236 1637 1318 contrariis,
1668 1236 2080 1321 juramento,
2122 1233 2626 1299 confirmacione
2666 1234 3026 1322 apostolica
3061 1235 3169 1300 vel
3203 1255 3593 1322 quacunque

526 1346 934 1416 firmitudine
996 1345 1129 1410 alia
1189 1344 1548 1426 roboratis3
1616 1347 1733 1408 aut
1795 1343 1851 1407 si
1911 1342 2115 1429 aliqui
2184 1341 2558 1427 apostolica·
2598 1341 2709 1407 vel
2753 1341 2883 1407 alia
2929 1342 3159 1429 quavis
3204 1344 3601 1409 auctoritate

528 1456 603 1521 in
665 1452 897 1521 eadem
960 1449 1240 1517 ecclesia
1296 1449 1367 1514 in
1434 1449 1784 1514 canonicos
1847 1449 1982 1513 sint
2041 1448 2290 1533 recepti
2351 1445 2461 1513 vel
2506 1452 2580 1511 ut
2627 1448 3027 1535 recipiantur
3073 1448 3418 1532 insistant3
3484 1469 3603 1514 seu

533 1565 590 1629 si
658 1581 858 1649 super
918 1557 1401 1646 provisionibus
1468 1556 1592 1639 sibi
1656 1555 1973 1622 faciendis
2033 1555 2117 1621 de
2164 1554 2658 1621 canonicatibus
2707 1561 2776 1620 et
2820 1555 3173 1641 prebendis
3220 1578 3297 1623 ac
3344 1557 3605 1646 supple·

533 1669 785 1737 mentis
854 1664 1231 1752 hujusmodi
1303 1665 1374 1729 in
1445 1663 1676 1729 eadem
1746 1663 2023 1728 ecclesia
2084 1662 2401 1749 speciales
2463 1662 2569 1727 vel
2632 1661 2714 1727 de
2760 1662 3097 1728 beneficiis
3143 1664 3603 1730 ecclesiasticis

534 1777 603 1841 in
680 1774 810 1839 illis
879 1772 1176 1860 partibus
1236 1770 1579 1857 generales
1644 1769 1820 1834 dicte
1876 1768 2053 1835 sedis
2099 1771 2205 1835 vel
2252 1769 2619 1854 legatorum
2668 1770 2812 1854 ejus
2857 1770 3112 1835 litteras
3159 1772 3608 1857 impetrarint,

535 1883 741 1949 eciam
806 1882 860 1947 si
924 1885 1042 1966 per
1104 1899 1217 1945 eas
1282 1877 1365 1942 ad
1428 1877 1934 1960 inhibicionem,
2000 1876 2520 1942 reservacionem
2583 1882 2652 1941 et
2699 1875 3039 1942 decretum
3083 1878 3191 1942 vel
3240 1878 3400 1943 alias
3449 1899 3609 1965 quo·

534 1986 903 2053 modolibet
972 1986 1060 2050 sit
1127 2005 1503 2071 processum
1529 2034 1545 2067 ,
1617 1984 1853 2071 quibus
1925 1982 2228 2048 omnibus
2297 1987 2718 2069 preterquam
2789 1984 3182 2048 auctoritate
3252 1991 3477 2050 nostra
3537 1984 3609 2049 in

544 2092 826 2158 ecclesia
886 2092 1031 2178 ipsa
1091 2092 1373 2177 receptis
1435 2091 1544 2155 vel
1601 2088 1971 2177 prebendas
2034 2094 2102 2155 et
2163 2089 2623 2175 supplementa
2684 2091 3192 2175 expectantibus
3239 2092 3309 2155 in
3357 2090 3607 2157 eisdem

544 2216 864 2284 personas
909 2197 1086 2283 ipsas
1132 2197 1204 2261 in
1249 2197 1666 2262 assecucione
1713 2196 2218 2260 canonicatuum
2265 2201 2334 2259 et
2373 2195 2859 2281 prebendarum
2892 2217 2968 2261 ac
3001 2197 3608 2284 supplementorum

550 2303 871 2369 dictarum
934 2304 1356 2368 ecclesiarum
1418 2307 1488 2367 et
1547 2301 2017 2368 beneficiorum
2079 2302 2355 2367 aliorum
2417 2301 2717 2366 volumus
2782 2302 3216 2388 prejudicium
3273 2306 3608 2390 generari;

553 2433 673 2478 seu
720 2411 777 2477 si
821 2409 1133 2498 predictis
1181 2411 1664 2476 successoribus
1712 2410 1817 2475 vel
1864 2410 2201 2496 quibusvis
2248 2410 2392 2474 aliis
2430 2410 2795 2474 comuniter
2828 2410 2934 2475 vel
2966 2409 3226 2475 divisim
3257 2411 3339 2476 ab
3373 2411 3605 2477 eadem

542 2519 629 2584 sit
678 2517 833 2585 sede
880 2517 1243 2600 indultum,
1303 2516 1480 2603 quod
1529 2516 1609 2581 ad
1658 2518 2102 2603 receptionem
2150 2516 2257 2579 vel
2303 2516 2740 2602 provisionem
2788 2516 3067 2601 alicujus
3114 2517 3381 2583 minime
3430 2522 3616 2583 tene-

540 2632 736 2692 antur
797 2630 866 2691 et
925 2624 1010 2689 ad
1071 2622 1138 2689 id
1203 2622 1506 2710 compelli
1567 2629 1684 2688 aut
1738 2622 1914 2710 quod
1961 2621 2303 2701 interdici,
2367 2621 2677 2710 suspendi
2725 2623 2831 2687 vel
2878 2624 3429 2688 excommunicari
3476 2644 3611 2688 non

544 2731 833 2818 possint,
879 2730 987 2795 vel
1032 2728 1209 2816 quod
1259 2729 1339 2794 de
1387 2730 1880 2794 canonicatibus
1928 2735 1997 2794 et
2043 2728 2395 2815 prebendis
2442 2749 2517 2793 ac
2562 2729 3038 2814 supplementis
3079 2729 3186 2793 vel
3226 2728 3372 2795 aliis
3411 2728 3612 2794 bene-

549 2835 716 2901 ficiis
799 2836 1256 2903 ecclesiasticis
1329 2835 1411 2901 ad
1483 2857 1708 2901 eorum
1778 2835 2238 2919 collacionem,
2310 2835 2786 2921 provisionem,
2857 2836 3425 2922 presentacionem
3496 2857 3615 2903 seu

550 2944 849 3029 quamvis
898 2943 1091 3008 aliam
1138 2941 1641 3029 disposicionem
1690 2943 2091 3028 conjunctim
2135 2943 2242 3007 vel
2291 2943 2641 3028 separatim
2691 2943 3143 3029 spectantibus
3189 2944 3357 3009 nulli
3395 2944 3617 3010 valeat

549 3048 884 3137 provideri
954 3070 1073 3135 per
1141 3050 1395 3114 litteras
1467 3049 1858 3135 apostolicas
1920 3069 2055 3113 non
2115 3049 2433 3114 facientes
2492 3049 2757 3134 plenam
2820 3055 2888 3115 et
2952 3070 3331 3136 expressam
3392 3072 3468 3116 ac
3531 3050 3615 3116 de

543 3156 749 3221 verbo
798 3155 881 3221 ad
927 3156 1202 3221 verbum
1252 3155 1333 3221 de
1379 3156 1638 3221 indulto
1685 3155 2062 3241 hujusmodi
2110 3156 2550 3238 mencionem,
2600 3161 2669 3221 et
2715 3158 3011 3243 qualibet
3057 3158 3187 3223 alia
3223 3157 3398 3225 dicte
3439 3157 3614 3224 sedis

546 3260 964 3347 indulgentia
1007 3262 1301 3348 generali
1347 3263 1454 3328 vel
1501 3262 1796 3349 speciali,
1848 3264 2299 3348 cujuscunque
2348 3263 2594 3327 tenoris
2633 3263 2912 3344 existat,
2961 3284 3079 3350 per
3118 3284 3313 3349 quam
3353 3284 3618 3350 presen-

546 3367 726 3433 tibus
772 3389 909 3434 non
954 3390 1329 3456 expressam
1379 3370 1487 3434 vel
1533 3369 1827 3434 totaliter
1873 3390 2007 3434 non
2054 3370 2368 3434 insertam
2418 3369 2690 3436 effectus
2734 3370 3112 3455 hujusmodi
3145 3377 3368 3438 nostre
3399 3372 3619 3458 gracie

543 3473 850 3560 impediri
913 3475 1129 3540 valeat
1193 3475 1689 3563 quomodolibet
1748 3476 1856 3540 vel
1904 3475 2184 3558 differri,
2246 3480 2315 3539 et
2362 3475 2443 3540 de
2493 3496 2624 3562 qua
2669 3478 2988 3562 cujusque
3037 3482 3177 3541 toto
3228 3481 3455 3542 tenore
3501 3477 3618 3542 ha-

553 3579 775 3646 benda
821 3582 906 3646 sit
952 3582 1023 3646 in
1070 3583 1309 3647 nostris
1358 3582 1599 3647 litteris
1646 3582 1901 3645 mencio
1950 3582 2287 3668 specialis3
2344 3587 2458 3646 aut
2505 3582 2557 3646 si
2604 3580 2899 3668 predicte
2947 3603 3227 3668 persone
3274 3589 3615 3669 presentes

550 3707 689 3752 non
736 3688 982 3754 fuerint
1028 3688 1112 3753 ad
1159 3687 1585 3775 prestandum
1636 3687 1719 3752 de
1768 3687 2195 3753 observandis
2243 3689 2508 3754 statutis
2540 3695 2608 3754 et
2640 3689 3226 3755 consuetudinibus
3259 3689 3617 3756 earundem

545 3791 970 3858 ecclesiarum
1034 3794 1300 3859 solitum
1362 3795 1851 3879 juramentum,
1917 3792 2270 3859 dummodo
2330 3794 2401 3858 in
2461 3793 2770 3858 absencia
2832 3815 2951 3858 sua
2996 3816 3114 3880 per
3161 3801 3618 3881 procuratores

551 3897 848 3983 ydoneos
910 3904 1013 3983 et,
1078 3920 1227 3963 cum
1292 3899 1378 3964 ad
1442 3899 1751 3964 ecclesias
1796 3901 1973 3986 ipsas
2019 3902 2451 3984 accesserint,
2508 3899 2934 3987 corporaliter
2979 3908 3305 3987 prestent,
3355 3902 3616 3989 plenam

551 4007 623 4067 et
670 3984 944 4069 liberam
995 4011 1223 4071 tenore
1271 4005 1684 4091 presencium
1732 4005 2150 4070 concedimus
2195 4006 2597 4071 facultatem.
2647 4006 2734 4074 Et
2779 4007 3049 4093 insuper
3093 4008 3351 4072 irritum
3399 4007 3637 4088 decer-¹

547 4109 768 4174 nimus
830 4118 899 4177 et
944 4111 1178 4194 inane,
1239 4113 1295 4175 si
1344 4131 1534 4177 secus
1582 4132 1781 4198 super
1827 4112 1954 4176 hiis
2000 4133 2041 4177 a
2087 4134 2413 4198 quoquam
2463 4113 2694 4199 quavis
2740 4113 3133 4178 auctoritate
3180 4115 3466 4179 scienter
3510 4114 3617 4178 vel

546 4214 930 4301 ignoranter
976 4217 1327 4303 contigerit
1376 4218 1778 4304 attemptari.
1873 4219 2027 4284 Dat.
2079 4219 2447 4302 Avinione,
2496 4218 2600 4284 XI
2646 4218 2757 4283 Kl.
2806 4218 2851 4284 J
2855 4219 3028 4301 unii,
3080 4239 3252 4285 anno
3299 4221 3530 4306 primo.

968 4352 1095 4415 περ.
1127 4353 1228 4402 Ao.
1272 4354 1326 4402 T.
1360 4353 1419 4412 6,
1444 4353 1504 4416 s.
1539 4352 1680 4404 526v.

544 4771 728 4839 1757.
1565 4777 1773 4859 1363,
1822 4776 2016 4840 Junii
2060 4778 2179 4860 10,
2226 4777 2595 4841 AvenioniS.

866 4926 1165 5011 officiali,
1225 4929 1625 5012 Trajeetensi
1684 4930 2065 5013 mandatur,
2132 4937 2203 4995 ut
2263 4929 2546 4996 Henrieo
2606 4930 2772 4996 dicto
2840 4931 3049 4996 Borre
3096 4938 3248 4996 nato
3295 4930 3620 4996 Johannis

778 5034 901 5117 „de
964 5036 1396 5102 Broicuisen”
1423 5037 1478 5121 l)
1541 5037 1771 5102 nobilis
1834 5039 2098 5119 militie,
2153 5041 2451 5102 canonico
2497 5039 2787 5103 ecclesiae
2849 5037 3029 5122 Traj.
3052 5087 3069 5122 ,
3116 5038 3619 5124 supplementum

767 5144 838 5206 in
883 5143 1096 5207 eadem
1139 5144 1395 5208 ecclesia
1439 5152 1728 5209 reservet.

774 5325 1069 5411 Dignum
1116 5326 1531 5392 arbitramur.
1560 5376 1575 5392 .
1606 5376 1622 5392 .
1654 5376 1670 5392 .
1718 5329 1871 5393 Dat.
1922 5329 2292 5413 Avinione,
2341 5328 2482 5394 1111
2529 5327 2629 5394 Id.
2678 5328 2902 5410 Junii,
2955 5347 3127 5392 anno
3174 5326 3404 5414 primo.

969 5461 1095 5525 περ.
1129 5462 1228 5511 Aa.
1271 5464 1326 5513 T.
1358 5463 1418 5526 1,
1442 5464 1503 5527 s.
1539 5462 1656 5514 523.

701 5588 760 5651 1)
796 5588 983 5653 Legae:
1020 5590 1085 5640 de
1120 5590 1477 5642 Broechuseu.
