4450 6684
1790 530 2124 599 Usamus
2178 532 2265 600 V.
3436 542 3563 607 143

484 746 675 816 1785.
1428 750 1644 832 1364,
1696 749 2077 835 Septembris
2122 755 2202 836 2,
2250 754 2618 819 Avenionis.

799 903 1000 969 Petro
1070 904 1146 969 de
1214 904 1625 970 Lewenberch
1694 904 2102 971 baccalaureo
2172 908 2243 970 in
2313 906 2574 971 decretis
2636 907 3103 991 confirmantur
3164 913 3422 980 collatio
3480 914 3560 979 de

710 1012 1085 1075 canonicatu
1145 1017 1205 1075 et
1265 1013 1605 1075 reservatio
1666 1010 1742 1075 de
1793 1011 2160 1096 praebenda
2213 1019 2273 1076 et
2318 1014 2750 1098 supplemento
2797 1016 3084 1081 ecclesiae
3138 1017 3321 1101 Traj.
3344 1069 3361 1103 ,
3407 1023 3559 1103 jam

705 1114 807 1179 die
866 1116 956 1178 22
1017 1114 1298 1180 Octobris
1357 1137 1463 1181 an.
1511 1116 1692 1180 1363
1739 1117 2086 1201 apostolica
2132 1119 2512 1183 auctoritate
2556 1120 2686 1203 ipsi
2727 1120 2960 1202 factae.
3012 1158 3095 1170 —
3144 1122 3561 1208 Deputantur

707 1228 1078 1286 executores.

711 1406 1114 1470 Litterarum
1178 1405 1476 1471 scientia.
1506 1453 1520 1469 .
1551 1452 1567 1469 .
1600 1454 1614 1468 .
1688 1406 1840 1470 Non
1905 1406 2322 1471 obstantibus
2388 1454 2404 1470 .
2432 1454 2448 1471 .
2478 1455 2492 1470 .
2522 1455 2536 1471 .
2606 1408 2782 1494 quod
2838 1412 3311 1495 parrochialem
3358 1413 3565 1479 eccle-

484 1510 649 1574 siam
714 1511 796 1577 de
858 1512 1199 1598 Ryechem
1224 1512 1278 1595 1)
1343 1507 1787 1596 Trajectensi's
1848 1511 2125 1577 diocesis
2173 1517 2243 1577 et
2291 1512 2621 1598 quoddam
2668 1515 2875 1581 altare
2923 1517 3122 1581 situm
3168 1518 3237 1581 in
3285 1520 3565 1584 ecclesia

478 1618 691 1682 sancti
757 1618 801 1683 J
805 1619 1081 1683 ohannis
1145 1618 1589 1704 Trajectensis
1659 1619 1975 1683 canonice
2031 1624 2097 1684 te
2145 1619 2485 1683 asserebas
2534 1620 2837 1686 obtinere
2887 1629 2955 1687 et
3003 1623 3178 1709 quod
3229 1623 3558 1690 defectum

480 1724 840 1808 patiebaris
889 1725 1238 1808 natalium,
1289 1724 1371 1789 de
1420 1724 1635 1788 soluto
1684 1726 1949 1810 genitus
1996 1731 2065 1790 et
2105 1726 2351 1806 soluta,
2402 1746 2601 1812 super
2642 1748 2771 1813 quo
2814 1734 3031 1794 tecum
3074 1778 3089 1793 .
3112 1779 3126 1794 .
3149 1779 3198 1795 ..
3245 1730 3555 1797 duximus

476 1827 1014 1916 dispensandum.
1047 1880 1060 1893 .
1093 1879 1107 1894 .
1141 1879 1156 1894 .
1205 1830 1360 1895 Dat.
1409 1829 1740 1895 Avinione
1764 1879 1781 1914 ,
1831 1831 1971 1896 IIII
2017 1831 2191 1896 Non.
2243 1831 2683 1918 Septembris,
2735 1855 2907 1900 anno
2956 1836 3266 1902 secundo.

895 1965 1019 2028 περ.
1054 1965 1153 2013 Λα.
1198 1965 1253 2014 T.
1287 1963 1341 2026 s,
1369 1964 1428 2027 s.
1465 1962 1604 2013 2830.

624 2081 681 2146 1)
717 2082 963 2133 Riethem
999 2083 1056 2133 in
1092 2082 1358 2134 Zelandia.

475 2467 666 2536 1786.
1462 2475 1674 2557 1364,
1729 2472 2009 2539 Octobris
2058 2477 2130 2556 8,
2181 2477 2547 2540 Avenionis.

797 2622 1039 2688 Petrus
1087 2626 1410 2711 episcopus
1456 2625 1920 2691 Cameracensis
1951 2627 2299 2713 deputatur
2331 2629 2713 2713 apostolicae
2745 2628 2908 2693 sedis
2938 2631 3236 2712 nuncius,
3282 2638 3356 2694 ut
3384 2633 3554 2697 inter

716 2729 1054 2794 Albertum
1099 2729 1175 2793 de
1219 2729 1511 2795 Baoaria
1551 2732 2035 2817 qubernatorem
2082 2734 2489 2797 comitatuum
2537 2732 2929 2798 Harmoniae
2975 2742 3035 2799 et
3072 2733 3472 2801 Hollandiae
3497 2737 3554 2821 1)

708 2857 782 2901 ac
842 2838 1181 2901 nonnullos
1241 2836 1706 2903 Cameracensis
1751 2839 1940 2903 dioec.
1988 2838 2222 2903 nobiles
2258 2859 2483 2923 pacem
2527 2839 2832 2921 reformet
2877 2840 2976 2904 vel
3019 2842 3245 2905 saltem
3294 2849 3548 2927 treuqas

709 2945 966 3028 aliquas
1012 2943 1272 3008 indicat.

719 3123 1051 3209 Singulari
1101 3124 1448 3191 desiderio.
1476 3174 1491 3189 .
1522 3174 1536 3189 .
1566 3173 1580 3189 .
1631 3126 1787 3191 Dat.
1837 3125 2202 3209 Avinione,
2253 3125 2425 3191 VIII
2469 3126 2570 3191 Id.
2620 3127 2962 3212 Octobris,
3011 3151 3183 3195 anno
3230 3130 3543 3197 secundo.

901 3260 1029 3323 Ray.
1077 3261 1193 3310 ναι.
1241 3262 1293 3310 T.
1329 3259 1453 3321 246,
1478 3263 1539 3325 s.
1574 3259 1717 3311 sssv.

632 3402 691 3466 1)
728 3402 899 3454 Codex
935 3404 1122 3456 habet:
1163 3405 1457 3457 Hollendie.

483 3837 664 3907 1787.
1473 3847 1689 3928 1364,
1743 3844 2023 3910 Octobris
2069 3849 2114 3911 8
2136 3896 2152 3929 ,
2197 3847 2566 3910 Avenionis.

804 3996 1113 4061 Albertus
1179 3998 1253 4061 de
1316 3997 1606 4063 Bavaria
1652 4007 1920 4084 roqatur
1938 4048 1954 4081 ,
2014 4006 2088 4063 ut
2133 3998 2405 4063 Petrum
2451 4001 2805 4083 episcopum
2853 3995 3352 4060 Cameracensem
3401 4002 3558 4058 tam-
3641 4059 3644 4062 ,

713 4122 903 4186 quam
977 4104 1359 4188 apostolicae
1419 4104 1583 4168 sedis
1644 4108 1944 4169 nuncium
2007 4106 2094 4170 ad
2159 4104 2638 4187 reformandam
2689 4123 2912 4188 pacem
2974 4101 3229 4185 benique
3289 4103 3558 4184 recipiat

711 4210 967 4294 ejusque
1012 4212 1267 4274 monitis
1315 4213 1687 4296 acquiescat.

715 4389 976 4456 Dilecto
1025 4392 1160 4457 filio
1210 4393 1418 4457 nobili
1466 4394 1606 4458 viro
1653 4393 1932 4459 Alberto
1981 4393 2063 4459 de
2110 4393 2392 4458 Bavaria
2438 4389 2866 4478 gubernatori
2908 4389 3342 4453 comitatuum
3375 4387 3561 4452 Han·-

494 4495 740 4576 nonie,
790 4496 1145 4564 Hollandie
1197 4505 1265 4564 et
1310 4498 1623 4566 Zelandie
1671 4502 1952 4566 salutem
1998 4509 2111 4565 etc.

720 4599 824 4666 Ex
871 4612 1144 4689 paterne
1195 4607 1663 4692 compassionis
1716 4608 1956 4673 affectu
1997 4605 2348 4671 admodum
2390 4604 2693 4669 dolenter
2723 4603 3129 4685 audivimus,
3179 4600 3355 4688 quod
3386 4603 3564 4668 inter

483 4712 551 4772 te
603 4729 690 4773 ex
737 4730 872 4775 una
917 4722 1103 4796 parte
1152 4733 1227 4776 ac
1279 4712 1553 4778 dilectos
1602 4713 1772 4778 filios
1820 4714 2074 4779 nobiles
2124 4713 2296 4776 viros
2345 4711 2719 4777 Johannem
2762 4710 3069 4775 comitem
3101 4709 3268 4774 Licii
3300 4715 3369 4773 et
3402 4708 3563 4774 Gui-

483 4813 728 4881 donem
789 4837 865 4881 ac
925 4817 1407 4903 Engelbertum
1473 4818 1555 4884 de
1617 4820 1839 4905 Angia
1902 4821 2136 4884 fratres
2201 4840 2287 4883 ex
2350 4819 2596 4900 altera,
2661 4816 2926 4880 inimico
2982 4815 3253 4879 humani
3300 4815 3563 4900 generis

485 4928 921 5006 procurante,
986 4922 1313 4989 discordia
1361 4946 1437 4989 ac
1485 4946 1870 5010 guerrarum
1918 4925 2274 4990 concitatio
2323 4929 2424 4988 est
2472 4927 2726 4987 exorta.
2820 4920 2959 4985 Nos
3005 4921 3266 5006 itaque,
3314 4921 3426 5006 qui
3475 4940 3563 4985 ex

482 5027 718 5095 debito
789 5031 983 5095 officii
1049 5033 1399 5118 pastoralis
1470 5033 1894 5118 astringimur
1963 5033 2139 5097 inter
2202 5036 2474 5095 cunctos
2532 5028 2780 5093 Christi
2828 5026 3058 5092 fideles
3104 5047 3334 5113 paoem
3383 5027 3562 5090 omni

487 5139 788 5221 tempore
851 5158 1125 5223 querere
1192 5159 1267 5203 ac
1328 5159 1636 5203 revocare
1685 5139 1767 5203 ad
1815 5139 2231 5205 concordiam
2280 5136 2732 5202 discordantes
2753 5185 2770 5218 ,
2819 5135 2968 5198 illos
3014 5134 3397 5220 presertim,
3446 5133 3560 5219 qui

478 5243 841 5309 nobilitate
888 5265 963 5309 ac
1008 5245 1311 5330 potentia
1359 5250 1514 5309 sunt
1559 5245 1851 5330 insignes
1902 5251 1969 5310 et
2018 5265 2104 5310 ex
2151 5263 2429 5330 quorum
2479 5238 2821 5305 discordiis
2868 5239 3121 5323 majora
3166 5241 3445 5324 possunt
3489 5236 3562 5300 in

479 5346 867 5413 Christiano
928 5351 1176 5436 populo
1240 5350 1534 5436 pericula
1591 5350 1977 5435 provenire,
2043 5349 2456 5414 nobilitatem
2508 5351 2688 5409 tuam
2736 5363 3118 5425 monemus,
3166 5340 3561 5427 requirimus

479 5458 551 5518 et
606 5455 945 5519 hortamur
988 5456 1059 5520 in
1105 5456 1391 5521 Domino
1439 5477 1514 5520 ac
1564 5456 1687 5520 tibi
1735 5463 1848 5521 tue
1898 5457 2129 5521 salutis
2178 5455 2456 5520 obtentu
2506 5450 2897 5538 propensius
2946 5448 3333 5529 suademus,
3397 5467 3557 5532 qua·-

480 5558 666 5623 tinus
712 5560 986 5646 provida
1029 5561 1463 5626 meditatione
1512 5560 1967 5646 considerans,
2015 5567 2334 5648 quantum
2381 5580 2503 5624 rex
2550 5555 2862 5643 pacificus
2903 5575 2990 5619 ex
3031 5551 3550 5619 dissensionibus

474 5667 546 5726 et
610 5662 777 5728 odiis
837 5665 1133 5731 fidelium
1195 5686 1461 5730 suorum
1508 5665 1892 5749 offenditur,
1942 5665 2251 5753 quodque
2298 5685 2385 5730 ex
2432 5664 2528 5728 eis
2574 5659 2835 5747 gravia,
2884 5658 3079 5747 proth
3125 5659 3276 5743 (sic)
3321 5655 3539 5738 dolor,
