4450 6684
1840 522 2158 589 camus
2200 523 2321 589 VI.
3526 529 3606 593 31

769 740 1161 807 Laudabilia
1223 746 1356 807 tuo.
1388 789 1403 806 .
1433 789 1449 806 .
1476 787 1494 806 .
1563 741 1721 806 Dat.
1782 740 1957 827 apud
2021 742 2508 809 villamnovam
2571 744 3041 812 Avinionensis
3104 747 3417 830 diocesis,
3473 748 3616 814 IIII

549 844 662 911 Kl.
709 844 1044 931 Octobris,
1092 867 1266 912 anno
1315 867 1510 912 nono.

963 981 1090 1045 Ray.
1123 982 1220 1031 Av.
1267 984 1321 1031 T.
1356 979 1449 1044 58,
1476 982 1536 1046 s.
1571 978 1685 1031 346.

705 1099 762 1163 1)
799 1098 970 1164 Supra
1004 1114 1158 1151 num.
1192 1098 1341 1151 1007.

1801 1309 2392 1320 —---.—————-

547 1517 1004 1587 1364-1365.
1519 1522 1735 1603 1350,
1786 1520 2069 1586 Octobris
2113 1521 2198 1584 11
2223 1571 2240 1604 ,
2287 1522 2647 1588 Avenionis.

862 1674 947 1740 A.
1033 1674 1317 1739 Wonnae
1378 1676 1632 1739 relictae
1691 1675 2010 1760 quondam
2069 1672 2346 1739 Henrici
2413 1674 2533 1756 „de
2582 1676 3023 1742 Hormoleon”
3054 1678 3104 1760 ι)
3152 1678 3379 1741 viduae
3434 1677 3616 1761 Traj.

771 1781 962 1846 dioec.
1031 1781 1392 1846 conceditur
1442 1781 1855 1866 privileqium
1905 1781 2247 1864 plenariae
2308 1783 2583 1846 omnium
2638 1790 3043 1866 peccatorum
3105 1785 3488 1848 remissionis
3551 1786 3621 1847 in

770 1889 1045 1953 articulo
1090 1888 1332 1952 mortis.
2322 1932 2335 1943 .

859 1994 940 2060 B.
1007 1994 1305 2080 Aqathae
1332 1995 1586 2058 relictae
1617 1992 1935 2078 quondam
1965 1992 2289 2059 Johannis
2320 1993 2493 2060 Koec
2521 1994 2747 2058 viduae
2785 1994 2966 2079 Traj.
3002 1996 3160 2060 idem
3180 1997 3613 2082 privileyium.

771 2181 1090 2248 Provenit
1139 2201 1246 2246 ox.
1274 2228 1291 2244 .
1319 2228 1334 2244 .
1363 2227 1380 2243 .
1430 2179 1583 2244 Dat.
1634 2178 2003 2260 Aviniono,
2050 2177 2115 2242 V
2162 2176 2263 2241 Id.
2316 2176 2656 2259 Octobris,
2707 2199 2879 2242 anno
2928 2198 3125 2243 nono.

967 2319 1092 2382 Ray.
1128 2319 1225 2367 An.
1269 2319 1324 2367 T.
1357 2314 1449 2380 57,
1473 2318 1533 2381 f.
1568 2315 1709 2365 4152.

699 2447 757 2511 1)
792 2447 1079 2498 Har-meleu
1097 2448 1125 2496 ‘1

548 2787 745 2856 1366.
1521 2788 1733 2869 1350,
1785 2785 2066 2851 Octobris
2111 2787 2232 2867 15,
2279 2785 2644 2849 Avenionis.

867 2944 1155 3009 Gerardo
1225 2943 1400 3007 Rode
1468 2940 1888 3024 conferuntur
1956 2941 2362 3003 canonicatus
2429 2946 2486 3002 et
2546 2938 2889 3002 decanatus
2949 2939 3020 3002 in
3081 2938 3334 3001 ecclesia
3378 2936 3624 3001 Alden-

776 3052 1041 3132 zelemi,
1103 3055 1393 3114 vacantes
1441 3068 1568 3132 per
1627 3045 1862 3111 obitum
1925 3044 2222 3109 Heinrici
2280 3044 2357 3107 de
2419 3042 2681 3108 Karsen
2726 3051 2786 3109 et
2829 3043 2931 3106 die
2974 3046 3019 3107 5
3065 3042 3242 3107 Julii
3287 3063 3392 3106 an.
3439 3042 3621 3106 1349

769 3156 1164 3241 dispositioni
1205 3154 1367 3219 sedis
1411 3154 1788 3238 apostolicae
1833 3152 2152 3216 reservati.
2207 3187 2290 3199 —-
2340 3150 2753 3235 Deputantur
2800 3157 3167 3214 executores,

774 3338 1138 3404 Laudabile
1189 3336 1657 3403 testimonium.
1688 3384 1702 3398 .
1732 3383 1748 3400 .
1780 3382 1796 3399 .
1845 3334 1996 3399 Non
2044 3333 2464 3400 obstantibus
2512 3383 2527 3399 .
2561 3382 2577 3397 .
2603 3382 2619 3399 .
2669 3333 2843 3421 quod
2878 3334 3339 3399 canonicatum
3373 3340 3440 3399 ot
3470 3353 3617 3420 pro-

554 3444 838 3510 bandam
904 3464 979 3508 ac
1043 3443 1575 3530 supplementum
1634 3442 1703 3506 in
1768 3440 2045 3506 ecclesia
2107 3440 2520 3525 Trajootensi
2585 3439 2875 3505 nosceris
2936 3440 3258 3504 obtinere.
3285 3487 3301 3503 .
3329 3487 3346 3503 .
3375 3487 3389 3501 .
3462 3439 3615 3503 Dat.

552 3550 926 3631 Aviniono,
974 3548 1074 3613 Id.
1122 3548 1462 3631 Octobris,
1510 3568 1681 3612 anno
1731 3568 1929 3611 nono·

967 3683 1092 3746 Ray.
1126 3683 1226 3734 Ao.
1269 3684 1323 3733 T.
1358 3681 1448 3746 56,
1477 3683 1537 3747 s.
1571 3679 1688 3732 491.

545 4151 729 4220 1367.
1518 4152 1729 4235 1350,
1780 4150 2062 4216 Octobris
2104 4150 2222 4232 21,
2270 4150 2635 4213 Avenionis.

854 4304 1193 4388 Batfoetae
1253 4306 1510 4370 relictae
1556 4303 1876 4390 quondam
1920 4302 2266 4367 Berwondi
2314 4303 2463 4367 laici
2505 4302 2731 4366 viduae
2785 4300 2967 4383 Traj.
3015 4300 3204 4364 dioec.
3252 4298 3610 4364 conceditur

753 4411 1165 4497 privileqium
1200 4412 1538 4497 plenariae
1582 4411 1861 4475 omnium
1898 4416 2302 4494 peccatorum
2348 4408 2732 4472 remissionis
2776 4408 2848 4470 in
2893 4407 3167 4471 articulo
3214 4407 3457 4469 mortis.

765 4592 1085 4659 Provenit
1133 4614 1237 4658 ex.
1267 4640 1283 4657 .
1313 4641 1329 4656 .
1356 4641 1372 4657 .
1428 4593 1582 4657 Dat.
1631 4592 2003 4673 Aviniono,
2051 4590 2190 4655 XII
2238 4589 2348 4655 Kl.
2396 4587 2825 4670 Novembris,
2872 4606 3044 4652 anno
3093 4605 3293 4650 nono.

962 4709 1086 4772 Rey.
1124 4710 1221 4760 Ao.
1267 4711 1321 4758 T.
1354 4707 1443 4773 57,
1467 4709 1529 4773 s.
1564 4706 1677 4758 415.

535 5174 731 5244 1368.
1402 5150 1411 5157 '
1507 5179 1718 5260 1350,
1770 5175 2051 5242 Octobris
2096 5177 2218 5258 26,
2264 5175 2627 5239 Avenionis.

849 5329 1114 5395 Alberto
1183 5330 1260 5394 de
1328 5330 1505 5395 Reno
1563 5336 1872 5415 perpetuo
1937 5331 2176 5394 vicario
2238 5330 2309 5392 in
2366 5327 2619 5391 ecclesia
2663 5323 3111 5389 Daventriensi
3156 5319 3601 5402 conferendum

763 5443 1121 5500 reservatur
1183 5434 1542 5518 beneficium
1589 5442 1875 5520 spectans
1920 5436 2008 5500 ad
2052 5435 2521 5519 dispositionem
2567 5431 2838 5515 capituli
2892 5428 3308 5509 Trajectensis
3354 5432 3414 5490 et
3459 5445 3599 5489 cum

768 5561 921 5606 cura
981 5542 1070 5605 25
1086 5588 1104 5622 ,
1167 5544 1300 5605 sine
1360 5561 1518 5605 cura
1578 5561 1720 5606 vero
1776 5542 1866 5605 18
1911 5561 2277 5605 marcarum
2323 5539 2574 5625 arqenti
2616 5537 2891 5601 valorem
2935 5553 3220 5597 annuum
3264 5551 3391 5596 non
3434 5549 3601 5595 exce-

768 5645 934 5711 dens.
985 5684 1066 5695 —
1116 5646 1528 5732 Deputantur
1571 5654 1937 5712 executores.
