4450 6684
410 2078 636 2128 Aliorum

350 2146 691 2196 beneficiorum

736 522 849 570 mv
2022 505 2513 574 Inaonuorio.

733 722 1089 787 contulisse
1137 720 1438 785 novimus
1484 725 1666 785 sunt:
1718 720 2031 786 ecclesiae
2080 720 2149 787 S.
2200 722 2558 788 Salvatoris
2603 725 3045 812 Trajecteusis
3093 726 3163 794 a⁰
3215 729 3378 793 1371
3434 736 3502 794 01
3542 730 3781 796 iterum

732 827 807 892 a0
873 826 1045 891 1372
1104 826 1379 909 (numm.
1451 825 1622 890 1984
1686 829 1755 890 et
1817 825 2052 909 2039);
2116 825 2184 891 S.
2246 825 2496 893 Mariae
2557 834 2756 916 atque
2821 830 2885 896 S.
2952 831 3314 915 Johaunis,
3377 855 3547 921 quae
3595 834 3697 899 bis
3744 857 3786 900 a

734 931 907 999 Sede
951 929 1338 1017 Apostolica
1382 928 1621 994 collata
1665 927 1867 993 fuisse
1912 929 2157 1014 legitur
2201 930 2475 1013 (numm.
2517 934 2721 1013 1595,
2778 936 2984 1018 1758,
3019 937 3255 1021 2031);
3289 938 3782 1004 Daventrieusis

732 1036 805 1101 0Ο
870 1036 1040 1100 1367
1106 1039 1175 1099 01
1237 1032 1454 1099 denuo
1516 1031 1587 1098 a⁰
1647 1032 1812 1097 1371
1865 1034 2139 1118 (001001.
2193 1035 2369 1101 1870
2417 1041 2485 1101 01
2531 1037 2775 1122 2009);
2824 1038 3298 1106 Arnhemensis
3343 1048 3416 1107 et
3460 1041 3782 1108 Elsteusis

730 1141 1003 1224 (numm.
1076 1139 1284 1219 2218,
1356 1138 1568 1218 2060,
1641 1138 1881 1219 2119);
1951 1136 2394 1204 Embricensis
2464 1147 2565 1205 ter
2631 1143 2905 1225 (numm.
2983 1145 3192 1227 1539,
3268 1147 3476 1229 1566,
3548 1147 3779 1230 1853);

730 1243 1226 1323 Qldenzalensis
1272 1241 1344 1307 0ο
1397 1242 1568 1305 1372
1618 1246 1687 1307 01
1732 1262 1954 1305 101000
2001 1241 2073 1306 a⁰
2125 1242 2297 1307 1376
2345 1245 2618 1329 (numm.
2669 1247 2844 1310 2044
2893 1251 2963 1312 01
3010 1249 3234 1332 2245).

951 1349 1183 1415 Altera
1245 1345 1620 1433 principalis
1683 1343 2003 1431 dignitas,
2059 1366 2191 1432 qua
2237 1347 2419 1412 nulla
2465 1354 2644 1414 caret
2690 1351 2969 1416 ecclesia
3012 1352 3393 1438 collegiata,
3443 1359 3545 1419 est
3590 1352 3782 1419 deca-

730 1460 944 1518 natus.
1040 1452 1232 1516 Hanc
1278 1448 1671 1535 dignitatem
1714 1449 2139 1514 contulerunt
2184 1449 2543 1517 Pontifices
2590 1452 2659 1516 iu
2707 1453 3034 1520 ecclesiis:
3088 1455 3153 1521 S.
3202 1454 3471 1521 Martini
3518 1457 3781 1544 Trajec-

729 1560 900 1624 tensi
961 1558 1032 1623 a⁰
1096 1558 1269 1622 1332
1330 1561 1529 1641 atque
1591 1554 1832 1619 iterum
1898 1552 1968 1619 a⁰
2020 1555 2189 1618 1349
2255 1558 2527 1633 (numm.
2594 1557 2726 1622 870
2775 1562 2842 1622 01
2895 1559 3134 1643 1297),
3185 1560 3251 1625 S.
3301 1559 3660 1625 Salvatoris
3707 1561 3780 1626 a0

736 1664 907 1728 1345
977 1662 1182 1745 (num.
1262 1659 1497 1741 1142);
1561 1657 1629 1723 S.
1691 1657 2017 1723 «Iohannis
2064 1656 2135 1722 a⁰
2186 1659 2357 1722 1354
2407 1665 2475 1725 01
2522 1660 2594 1725 a0
2647 1661 2820 1725 1360
2866 1663 3141 1744 (numm.
3198 1665 3367 1728 1515
3418 1668 3486 1729 et
3539 1666 3776 1748 1650);

730 1770 798 1835 S.
847 1767 1031 1835 Petri
1080 1766 1162 1831 ab
1210 1764 1278 1830 a⁰
1330 1766 1500 1829 1368
1548 1784 1755 1849 usque
1804 1761 1882 1827 ad
1935 1784 2040 1827 an.
2093 1764 2265 1828 1373
2309 1768 2409 1828 ter
2439 1765 2713 1846 (numm.
2754 1767 2957 1848 1863,
3000 1768 3203 1851 1886,
3235 1769 3468 1851 2156);
3517 1768 3778 1835 Daven·

728 1873 959 1939 triensi
1028 1869 1098 1936 a⁰
1162 1869 1334 1934 1340
1405 1874 1475 1933 01
1534 1865 1604 1932 a⁰
1670 1868 1834 1932 1371
1913 1868 2185 1949 (numm.
2262 1869 2435 1932 1194
2507 1874 2577 1934 01
2623 1870 2864 1953 2005);
2912 1869 3319 1936 Embricensi
3364 1871 3435 1937 a⁰
3484 1873 3656 1936 1348
3703 1879 3774 1938 01

731 1973 1192 2045 Oldenzalensi
1239 1972 1310 2037 0ο
1362 1973 1533 2035 1350
1578 1972 1853 2054 (numm.
1905 1972 2077 2035 1268
2124 1975 2194 2036 01
2244 1972 2467 2055 1366).

952 2077 1431 2145 Beneficiorum
1494 2075 1877 2140 collationes
1939 2075 2199 2161 proprie
2263 2074 2510 2160 dictae,
2570 2099 2731 2164 quas
2776 2078 3141 2144 Bullatium
3188 2080 3613 2166 Trajectense
3660 2103 3776 2147 ex-

337 2213 624 2263 collationes
655 2186 947 2266 abibat,
992 2184 1190 2267 longe
1236 2179 1587 2266 pleraeque
1635 2176 1717 2242 ad
1765 2178 2222 2243 canonicatum
2269 2201 2418 2244 cum
2461 2181 2867 2267 praebenda,
2916 2204 3132 2270 neque
3172 2204 3421 2271 paucae
3454 2184 3538 2249 ad
3570 2185 3776 2251 eccle·

350 2282 692 2332 reservatione.
726 2292 889 2355 siam
950 2284 1425 2374 parochialem,
1490 2283 1767 2347 rariores
1829 2272 2113 2368 denique
2168 2283 2253 2348 ad
2301 2284 2608 2349 vicariam
2652 2286 2760 2350 vel
2806 2287 3016 2352 simile
3067 2288 3458 2353 beneficium
3505 2288 3776 2354 inferius

415 2350 624 2414 papales.

725 2398 1052 2481 spectant.
1122 2389 1286 2454 Cum
1334 2387 1605 2452 rationis
1652 2387 2035 2468 canonicae,
2087 2386 2170 2451 ob
2220 2408 2416 2474 quam
2452 2388 2830 2473 hujusmodi
2871 2391 3254 2457 collationes
3294 2392 3505 2457 factae
3547 2393 3778 2477 legun-

726 2505 862 2581 tur,
934 2495 1283 2581 multiplex
1351 2492 1437 2555 sit
1503 2492 1815 2573 varietas,
1888 2492 2206 2578 cujusque
2277 2492 2537 2576 generis
2582 2493 2866 2579 aliquem
2914 2495 3179 2559 titulum
3228 2496 3513 2582 exempli
3563 2496 3775 2581 gratia

726 2602 1015 2691 proferre
1082 2599 1289 2663 lubet.
1383 2595 1723 2661 Provideri
1792 2594 1947 2659 fecit
2017 2593 2061 2659 J
2065 2595 2358 2660 ohannes
2425 2617 2597 2683 papa
2660 2598 2868 2663 XXII
2929 2599 3123 2663 titulo
3182 2600 3644 2685 resignationis
3691 2598 3773 2665 de

726 2707 1114 2772 canonicatu
1162 2706 1231 2767 et
1275 2698 1653 2787 praebenda
1700 2699 2014 2764 ecclesiae
2060 2697 2331 2784 Majoris
2379 2701 2823 2786 TraJectensis
2870 2704 3076 2786 (0010.
3132 2706 3322 2788 749);
3390 2705 3581 2769 titulo
3628 2725 3777 2791 pro-

725 2808 1034 2876 motionis
1096 2804 1179 2870 ad
1244 2803 1635 2869 decanatum
1697 2802 1976 2865 contulit
2039 2802 2488 2868 scholastriam
2555 2804 2621 2869 S.
2673 2805 3031 2871 Salvatoris
3078 2808 3520 2892 TraJectensis
3568 2809 3772 2891 (num.

727 2915 917 2998 865);
966 2910 1159 2976 titulo
1207 2908 1424 2973 obitus
1470 2907 1540 2971 10
1587 2906 1767 2971 00110
1797 2905 2015 2993 papali
2047 2905 2406 2991 assignavit
2448 2909 2904 2973 canonicatum
2937 2915 3006 2975 et
3037 2910 3479 2997 praebendam
3512 2912 3774 2977 Daven·

724 3019 1002 3083 trienses
1048 3016 1254 3099 (num.
1307 3012 1495 3094 772);
1546 3010 1886 3076 occasione
1931 3008 2399 3075 beneficiorum
2437 3013 2939 3097 permutationis
2983 3013 3167 3079 dedit
3205 3014 3547 3080 0001001010
3586 3036 3772 3102 paro·

723 3122 1000 3188 chialem
1065 3117 1148 3183 de
1211 3114 1568 3184 Oudekerk
1626 3116 1697 3181 10
1757 3114 2174 3181 Duvelandia
2234 3117 2439 3199 (num.
2505 3117 2699 3199 893);
2766 3117 2957 3181 titulo
3015 3119 3375 3183 vacationis
3423 3119 3600 3184 ultra
3644 3126 3772 3184 ter·

723 3226 973 3291 minum
1035 3245 1074 3288 a
1135 3221 1429 3288 Concilio
1484 3219 1917 3285 Lateranensi
1979 3220 2345 3305 praefixum
2393 3217 2665 3283 donavit
2712 3221 3164 3286 canonicatum
3214 3228 3283 3287 et
3330 3222 3771 3309 praebendam

724 3328 1234 3395 Oldenzalenses
1296 3327 1502 3410 (num.
1570 3326 1745 3406 724).
1839 3324 2128 3408 Singulis
2189 3324 2369 3390 hisce
2434 3323 2645 3389 modis
2705 3329 2781 3389 ut
2844 3326 3235 3391 beneficium
3282 3326 3548 3412 aliquod
3596 3327 3770 3414 apud

723 3435 971 3498 curiam
1032 3450 1264 3496 vacare
1323 3426 1724 3493 censendum
1790 3432 1964 3491 esset
2025 3426 2431 3514 proindeque
2491 3429 2633 3515 ipso
2692 3428 2866 3494 facto
2927 3429 3117 3494 Sedis
3174 3430 3593 3517 Apostolicae
3642 3433 3773 3496 001-

721 3538 953 3603 1011001
1000 3532 1500 3614 reservandum,
1548 3531 2072 3596 constitutiones
2119 3552 2318 3618 supra
2361 3531 2668 3596 laudatae
2706 3532 3054 3617 jubebant.
3085 3535 3134 3616 1)

948 3641 1103 3705 Non
1147 3657 1292 3702 raro
1341 3641 1592 3716 tamen,
1642 3640 1919 3719 urgente
1960 3635 2144 3700 nulla
2181 3636 2447 3721 penitus
2487 3635 2741 3700 ratione
2780 3637 3123 3715 canonica,
3166 3657 3539 3723 supremum
3581 3660 3773 3704 suum

723 3743 1183 3811 reservationis
1234 3742 1347 3826 jus
1409 3738 1605 3804 alicui
1664 3738 1984 3803 beneficio
2048 3737 2360 3803 adhibere
2424 3740 2709 3803 Summis
2763 3739 3197 3805 Pontificibus
3242 3741 3526 3827 placuit,
3573 3742 3771 3828 idque

719 3850 828 3914 vel
875 3868 1022 3914 cum
1067 3845 1461 3911 beneficium
1508 3841 1800 3906 nondum
1847 3846 2142 3924 vacaret,
2187 3844 2294 3907 vel
2342 3864 2491 3908 0001
2528 3844 2670 3928 jam
2701 3849 2965 3908 vacaret
2996 3843 3290 3931 quidem,
3331 3845 3448 3909 sed
3480 3846 3772 3911 nondum

720 3958 896 4019 esset
957 3951 1040 4017 de
1100 3970 1270 4015 novo
1331 3949 1624 4034 legitime
1689 3952 2077 4033 occupatum
2140 3949 2228 4032 (v.
2293 3968 2387 4032 gr.
2452 3967 2697 4011 numm.
2769 3949 2933 4011 1051
2996 3953 3065 4014 et
3113 3951 3292 4031 613).
3385 3948 3769 4035 Cujusmodi

718 4056 986 4146 praevia
1030 4053 1417 4135 reservatio,
1466 4056 1542 4115 ut
1584 4052 1681 4116 ita
1727 4049 1969 4132 dicam,
2020 4071 2104 4115 ex
2153 4050 2422 4115 arbitrio
2466 4051 2571 4115 vel
2626 4057 2847 4132 „motu
2889 4052 3194 4139 proprio”
3242 4053 3416 4118 facta
3455 4055 3771 4118 maximo·

717 4182 874 4249 pere
936 4162 1006 4226 in
1067 4181 1190 4225 usu
1255 4162 1432 4239 erat,
1500 4156 1758 4242 quoties
1821 4154 2281 4218 conferebatur
2341 4155 2764 4220 canonicatus
2828 4156 2964 4222 sive
3013 4157 3328 4239 officium,
3394 4155 3772 4243 praebenda

717 4287 874 4331 vero
932 4266 1068 4330 sive
1117 4261 1511 4329 beneficium
1558 4260 1782 4324 stricte
1831 4258 2077 4323 dictum
2123 4258 2602 4326 reservabatur.
2700 4259 2997 4324 Provisio
3046 4261 3404 4346 apostolica
3456 4261 3570 4325 tali
3617 4282 3772 4325 casu

718 4371 985 4456 plenum
1034 4366 1301 4432 tandem
1350 4363 1746 4429 sortiebatur
1793 4361 2126 4445 effectum,
2175 4362 2368 4427 simul
2415 4383 2491 4427 ac
2529 4362 2971 4449 praebendam
3013 4363 3083 4427 10
3123 4364 3456 4449 assignata
3496 4365 3772 4429 00010010

718 4482 1062 4539 vacantem
1134 4469 1339 4551 „infra
1400 4467 1593 4533 unius
1656 4466 1899 4531 mensis
1961 4466 2284 4551 spatium,
2347 4470 2694 4552 postquam
2759 4514 2957 4530 .....
3026 4467 3281 4532 vacatio
3326 4466 3769 4550 innotuerit,”

719 4575 1190 4662 acceptandam
1236 4571 1569 4660 putaverit
1614 4571 1818 4636 cliens
1864 4569 2117 4656 papalis
2164 4569 2305 4652 (cfr.
2355 4589 2534 4632 num.
2586 4571 2765 4653 533).

948 4678 1132 4753 Quae
1194 4675 1478 4762 denique
1541 4695 1697 4739 suae
1752 4673 2086 4739 collationi
2133 4694 2329 4759 quam
2375 4672 2902 4758 frequentissime
2948 4681 3368 4740 reservarunt
3413 4675 3768 4742 Pontifices

719 4782 1005 4849 Romani
1068 4786 1224 4845 sunt
1282 4777 1606 4844 beneficia
1664 4777 1974 4842 inferiora
2025 4798 2174 4842 cum
2218 4776 2326 4841 vel
2373 4776 2514 4841 0100
2562 4797 2718 4841 0010
2765 4777 3146 4843 animarum.
3242 4779 3461 4865 Hujus
3509 4781 3769 4865 generis

719 4885 1075 4951 reservatio
1121 4884 1404 4972 primum
1452 4880 1731 4946 occurrit
1775 4880 1896 4945 sub
1944 4881 2334 4946 Innocentio
2381 4901 2552 4967 papa
2594 4881 2696 4945 IV
2736 4882 2942 4963 (num.
2979 4884 3167 4967 218),
3217 4882 3330 4948 sed
3371 4882 3768 4969 procedente

719 4996 1017 5076 tempore
1088 4988 1296 5073 magis
1355 4987 1426 5051 10
1472 5005 1718 5051 morem
1765 4983 1929 5049 abiit
1975 4989 2174 5071 atque
2221 4984 2344 5048 005
2391 4984 2824 5049 Pontificibus
2870 4983 3448 5051 Avenionensibus
3494 5007 3766 5053 numero

718 5092 980 5159 assidue
1027 5091 1309 5158 crevisse
1354 5088 1635 5154 videtur.
1696 5088 1900 5153 Porro
1949 5087 2254 5153 Clemens
2299 5108 2471 5175 papa
2518 5088 2619 5152 VI
2665 5089 2938 5175 ejusque
2985 5089 3279 5154 continui
3327 5111 3766 5171 successores,

717 5196 992 5262 vixdum
1062 5214 1335 5260 munere
1405 5192 1912 5258 consecrationis
1984 5198 2205 5256 essent
2274 5190 2569 5275 adaucti,
2632 5192 3028 5279 petitionum
3093 5194 3329 5280 quibus
3375 5193 3767 5259 beneficium

717 5302 1130 5367 obtineretur
1190 5298 1380 5386 copia
1439 5316 1797 5386 permagna
1842 5295 2028 5382 quasi
2077 5294 2265 5360 obrui
2313 5294 2634 5361 solebant.
2730 5294 2983 5371 Quibus
3028 5297 3458 5384 petitionibus
3505 5299 3765 5384 saepius

884 5634 941 5700 1)
977 5633 1083 5686 Cfr.
1118 5634 1320 5687 Introd.
1354 5649 1402 5699 p.
1438 5633 1550 5684 LII.
