4450 6684
1761 523 2162 589 Gnnconms
2206 523 2331 588 XI.
3450 532 3577 596 231

743 738 852 805 Ad
897 745 1283 827 perpetuam
1329 740 1425 805 rei
1470 741 1868 805 memoriam.

742 845 849 911 Ad
914 866 994 911 ea
1013 896 1030 930 ,
1096 867 1224 932 que
1288 847 1877 913 ecclesiasticorum
1939 848 2405 915 beneficiorum
2468 856 2712 915 statum
2759 872 3142 938 prosperum
3189 854 3583 942 respiciunt,

520 955 807 1021 libenter
851 951 1254 1019 intendimus
1302 958 1399 1035 et,
1432 959 1510 1018 ut
1541 955 1814 1021 ecclesie
1847 960 1917 1021 et
1946 955 2269 1022 beneficia
2298 957 2442 1043 ipsa
2468 958 2749 1023 feliciter
2778 960 3248 1045 gubernentur,
3289 962 3578 1030 favorem

530 1062 908 1129 benivolum
960 1061 1392 1148 impertimur.
1483 1062 1711 1148 Nuper
1758 1062 2080 1148 siquidem
2126 1085 2244 1150 pro
2291 1070 2479 1151 parte
2527 1063 2749 1130 dilecti
2796 1065 2914 1129 filii
2958 1066 3003 1132 J
3005 1067 3280 1133 ohannis
3327 1070 3586 1136 abbatis

524 1168 903 1235 monasterii
935 1167 1147 1233 sancti
1174 1167 1463 1232 Bavonis
1488 1167 1857 1233 Gandensis
1889 1168 2134 1234 ordinis
2166 1171 2376 1235 sancti
2400 1170 2775 1255 Benedicti,
2809 1172 3241 1238 Tornacensis
3275 1174 3583 1262 diocesis,

529 1275 720 1341 nobis
767 1274 1100 1361 exposito,
1149 1273 1324 1359 quod
1367 1273 1524 1339 licet
1570 1280 1851 1360 quatuor
1898 1280 2213 1361 perpetue
2246 1276 2582 1360 portiones
2612 1277 3036 1362 parrochialis
3067 1279 3341 1345 ecclesie
3376 1283 3586 1347 sancti

528 1381 905 1464 Michaelis,
952 1401 1082 1467 que
1128 1401 1246 1466 per
1292 1379 1612 1465 quinque,
1662 1401 1937 1466 quarum
1983 1402 2117 1445 una
2161 1403 2281 1467 per
2326 1381 2492 1447 duos
2539 1388 2607 1447 et
2654 1383 2780 1448 alie
2828 1384 3085 1469 singule
3132 1408 3247 1472 per
3294 1387 3586 1474 singulos

536 1490 1018 1555 consueverunt
1080 1485 1292 1550 teneri
1354 1491 1675 1568 rectores,
1735 1506 1810 1549 ac
1868 1486 2077 1550 sancti
2123 1486 2482 1553 Christiani
2529 1487 2979 1554 Gaudensium
3027 1497 3095 1555 et
3140 1492 3335 1558 beate
3380 1494 3588 1561 Marie

527 1602 595 1662 et
641 1593 850 1659 sancti
896 1591 1219 1658 Johannis
1266 1590 1348 1656 de
1398 1591 1649 1656 Sluissa
1692 1612 1949 1657 necnon
1996 1593 2190 1658 beate
2238 1593 2446 1658 Maris
2493 1599 2561 1659 et
2602 1596 2811 1659 sancti
2851 1595 3105 1662 Nicolai
3146 1598 3229 1664 de
3270 1599 3589 1667 Biervliet

532 1699 969 1787 parrochiales
1034 1697 1307 1762 ecclesie
1368 1696 1542 1763 dicte
1589 1698 2022 1763 Tornacensis
2069 1705 2137 1764 et
2183 1699 2625 1783 Trajectensis
2673 1700 3041 1786 diocesum,
3092 1724 3368 1788 quarum
3414 1705 3590 1771 idem

536 1805 739 1872 abbas
785 1810 1099 1891 patronus
1145 1803 1475 1868 existebat
1522 1824 1595 1867 ac
1642 1804 1977 1889 portiones
2026 1811 2094 1870 et
2139 1806 2579 1891 parrochiales
2629 1807 2901 1873 ecclesie
2949 1808 3240 1895 predicte
3273 1810 3353 1874 ad
3387 1811 3593 1897 ipsius

536 1914 960 1980 collacionem
1008 1911 1463 1997 pertinebant,
1523 1918 1710 1976 erant
1758 1913 2308 1997 quamplurimum
2354 1914 2707 2000 populose,
2756 1920 2825 1979 et
2869 1917 3148 1980 multum
3197 1920 3595 1984 conveniens

531 2026 599 2085 et
645 2018 1006 2104 expediens
1054 2017 1418 2099 existebat,
1469 2017 1645 2102 quod
1692 2017 1773 2083 de
1821 2019 1951 2083 illis
1997 2020 2156 2083 viris
2204 2020 2376 2085 bene
2421 2020 2735 2086 litteraris
2783 2026 2852 2086 et
2898 2022 3104 2087 eciam
3149 2023 3478 2089 habilibus
3527 2032 3597 2091 et

531 2126 828 2193 discretis
892 2146 969 2190 ac
1029 2124 1293 2209 ydioma
1346 2125 1605 2190 illarum
1651 2128 1943 2212 parcium
1991 2127 2349 2193 scientibus
2396 2127 2882 2214 provideretur,
2931 2134 3152 2195 tamen
3199 2131 3592 2218 quandoque

536 2233 961 2319 contingebat
1007 2251 1124 2317 per
1170 2231 1518 2295 nonnullas
1564 2253 1878 2318 personas
1926 2234 2140 2298 minus
2186 2235 2358 2299 bene
2407 2235 2733 2299 litteratas
2769 2241 2838 2300 et
2869 2236 3028 2300 alias
3060 2236 3276 2301 minus
3308 2238 3598 2322 ydoneas

541 2362 617 2407 ac
661 2338 926 2426 ydioma
971 2335 1339 2422 predictum
1386 2337 1566 2422 loqui
1614 2340 1983 2404 nescientes
2029 2340 2255 2424 vigore
2300 2341 2668 2405 litterarum
2707 2341 3241 2426 apostolicarum,
3289 2363 3406 2428 per
3436 2365 3598 2430 quas

529 2450 672 2537 ipse
735 2465 1015 2532 persone
1077 2443 1399 2508 beneficia
1457 2444 1899 2510 ecclesiastica
1945 2467 2093 2510 cum
2142 2468 2297 2512 cura
2343 2448 2450 2512 vel
2496 2447 2637 2511 sine
2686 2468 2843 2511 cura
2889 2447 2974 2512 ad
3022 2448 3446 2514 collacionem
3494 2451 3600 2516 vel

533 2550 1097 2642 presentacionem
1142 2548 1399 2613 abbatis
1445 2570 1563 2635 pro
1610 2555 1905 2635 tempore
1954 2552 2304 2616 existentis
2354 2558 2421 2616 et
2470 2552 2860 2617 dilectorum
2905 2552 3191 2617 filiorum
3235 2560 3599 2620 conventus

538 2658 697 2724 dicti
763 2655 1144 2720 monasterii
1214 2655 1646 2720 communiter
1716 2656 1824 2720 vel
1892 2656 2150 2721 divisim
2222 2658 2632 2743 pertinencia
2692 2658 2761 2722 in
2810 2679 2891 2723 ea
2935 2658 3178 2742 forma,
3241 2661 3603 2726 secundum

537 2785 733 2852 quam
793 2782 912 2848 pro
976 2760 1376 2847 pauperibus
1433 2761 1686 2825 clericis
1731 2760 2202 2827 beneficiandis
2251 2763 2439 2829 sedes
2487 2764 2847 2849 apostolica
2892 2764 3176 2830 scribere
3223 2767 3599 2850 consuevit,

537 2871 632 2936 eis
695 2886 1188 2946 concessarum,
1252 2866 1587 2953 portiones
1648 2872 1717 2932 et
1780 2868 2217 2953 parrochiales
2280 2870 2586 2934 ecclesias
2634 2869 2998 2956 predictas,
3048 2891 3195 2935 cum
3242 2872 3601 2956 vacabant,

540 2972 863 3060 acceptari
922 2975 992 3036 et
1053 2969 1135 3035 de
1194 2969 1325 3034 illis
1386 2970 1510 3034 sibi
1567 2971 1779 3036 facere
1827 2971 2189 3056 provideri,
2246 2973 2316 3037 in
2363 2994 2673 3059 magnum
2720 2994 3147 3059 personarum
3192 2974 3481 3059 ipsarum
3530 2982 3600 3041 et
3656 2956 3662 2962 ’

536 3079 1111 3170 parrochianorum
1171 3096 1437 3140 suorum
1487 3076 1850 3141 animarum
1896 3078 2260 3164 periculum
2308 3083 2378 3144 et
2425 3078 2806 3144 scandalum
2850 3079 3309 3166 plurimorum,
3357 3102 3434 3147 ac
3480 3103 3599 3168 pro

539 3191 725 3274 parte
788 3184 947 3249 dicti
1009 3183 1266 3247 abbatis
1328 3181 1518 3247 nobis
1582 3182 1982 3268 supplicato,
2048 3190 2124 3249 ut
2183 3206 2332 3249 cum
2379 3186 2569 3270 plura
2615 3186 2744 3250 alia
2790 3185 3114 3250 beneficia
3160 3186 3603 3252 ecclesiastica

537 3314 687 3357 cum
745 3313 900 3356 cura
946 3296 1015 3355 et
1061 3289 1202 3354 sine
1250 3310 1406 3353 cura
1452 3294 1769 3354 consueta
1814 3289 2064 3353 clericis
2110 3291 2409 3376 pluribus
2454 3291 2809 3376 assignari,
2872 3312 3148 3376 quorum
3196 3292 3602 3375 singulorum

536 3400 815 3479 fructus,
863 3396 1159 3463 redditus
1207 3400 1275 3460 et
1320 3401 1677 3481 proventus
1726 3396 1928 3460 annui
1977 3418 2294 3462 summam
2340 3398 2409 3462 in
2458 3398 2706 3462 eisdem
2751 3397 2991 3463 litteris
3040 3396 3180 3461 dari
3221 3404 3602 3462 consuetam

536 3503 896 3570 secundum
944 3503 1322 3568 taxaciones
1364 3501 1614 3566 decime
1647 3522 1780 3567 non
1812 3502 2256 3586 excedebant,
2300 3504 2383 3568 ad
2416 3504 2843 3568 collacionem
2875 3524 2992 3568 seu
3025 3502 3594 3588 presentacionem

540 3610 796 3676 abbatis
866 3608 1022 3674 dicti
1094 3609 1471 3672 monasterii
1541 3629 1660 3693 pro
1734 3615 2028 3694 tempore
2103 3610 2450 3674 existentis
2513 3617 2581 3674 61
2643 3631 2807 3695 que,
2873 3630 3021 3673 cum
3081 3608 3439 3690 vacabant,
3488 3630 3606 3695 per

538 3716 1071 3801 expectacionem
1118 3712 1493 3797 hujusmodi
1540 3714 1764 3798 vigore
1812 3714 2183 3778 litterarum
2231 3716 2519 3802 ipsarum
2566 3717 2636 3779 in
2685 3714 2914 3780 eadem
2962 3714 3171 3778 forma
3215 3713 3309 3778 eis
3343 3735 3607 3779 conces·

538 3841 753 3886 sarum
815 3827 1124 3907 poterant
1180 3821 1505 3905 acceptari
1570 3825 1639 3885 et
1702 3826 2131 3906 expectantes
2194 3822 2321 3907 ipsi
2367 3821 2449 3886 de
2496 3822 2625 3885 illis
2673 3821 2797 3885 sibi
2845 3821 3058 3884 facere
3108 3819 3468 3904 provideri,
3533 3826 3603 3885 et

538 3925 629 3990 sic
660 3924 859 3989 iidem
894 3930 1326 4009 expectantes
1359 3925 1591 4008 graciis
1622 3924 2000 4010 hujusmodi
2033 3926 2103 3989 in
2140 3924 2348 3989 forma
2379 3926 2522 4011 ipsa
2553 3926 2647 3989 eis
2679 3924 2867 3988 factis
2901 3944 3017 3988 seu
3051 3925 3255 3987 eciam
3289 3923 3603 3987 faciendis

542 4037 889 4116 propterea
934 4052 1068 4095 non
1116 4031 1557 4116 privarentur,
1606 4030 1952 4117 providere
2001 4052 2196 4117 super
2242 4031 2367 4095 hiis
2415 4030 2497 4096 de
2541 4030 2951 4115 benignitate
2988 4030 3345 4114 apostolica
3377 4029 3605 4114 digna-

538 4157 787 4220 remur3
836 4158 955 4201 nos
1002 4137 1086 4203 de
1134 4138 1464 4223 premissis
1514 4145 1759 4203 certam
1807 4138 2117 4202 noticiam
2165 4158 2299 4201 non
2345 4136 2668 4201 habentes
2702 4136 2941 4200 dilecto
2975 4136 3107 4198 filio
3143 4140 3365 4198 nostro
3399 4135 3600 4201 Petro

537 4240 713 4304 tituli
779 4241 1019 4307 Sancte
1084 4242 1435 4308 Anastasis
1500 4244 1884 4329 presbytero
1933 4242 2265 4307 Cardinali
2288 4291 2304 4324 ,
2363 4247 2586 4306 sancte
2638 4242 2937 4306 Romane
2987 4240 3260 4304 ecclesie
3309 4241 3604 4305 vicecan-

538 4348 836 4431 cellario,
885 4349 1325 4413 commisimus
1374 4349 1635 4413 oraculo
1682 4349 1830 4414 vive
1878 4349 2087 4430 vocis,
2136 4353 2211 4412 ut
2256 4348 2396 4432 ipse
2442 4368 2560 4432 per
2609 4368 2678 4411 se
2726 4346 2830 4411 vel
2878 4347 3072 4410 alium
3131 4344 3213 4410 de
3246 4352 3424 4411 statu
3456 4366 3604 4433 por·

538 4453 799 4517 cionum
846 4459 913 4518 et
959 4454 1381 4519 ecclesiarum
1427 4454 1868 4540 predictarum
1909 4460 1978 4519 et
2007 4454 2353 4540 presertim
2386 4452 2466 4518 (16
2498 4451 2924 4516 multitudine
2957 4452 3183 4537 populi
3219 4453 3603 4537 porcionum

538 4566 607 4624 61
672 4561 1090 4625 ecclesiarum
1138 4562 1460 4648 ipsarum,
1525 4567 1594 4625 et
1642 4562 1696 4625 si
1744 4566 2094 4647 propterea
2136 4560 2460 4625 beneficia
2506 4557 2879 4643 hujusmodi
2929 4558 3013 4622 ad
3061 4558 3484 4622 collacionem
3532 4563 3600 4622 et

539 4665 1102 4751 presentacionem
1169 4665 1329 4729 dicti
1394 4665 1651 4729 abbatis
1714 4665 2124 4752 pertinencia
2184 4664 2253 4727 in
2300 4664 2507 4728 forma
2552 4662 2849 4749 predicta
2897 4667 3326 4749 expectantes
3374 4682 3600 4726 eorum

532 4772 767 4857 graciis
826 4771 1202 4855 hujusmodi
1266 4772 1709 4857 privarentur,
1775 4793 1844 4835 se
1909 4771 2262 4856 diligenter
2322 4770 2702 4834 informaret
2763 4776 2830 4835 et
2878 4767 3177 4855 quitquid
3229 4790 3426 4854 super
3470 4768 3599 4833 hiis

536 4879 853 4965 reperiret
922 4878 1112 4942 nobis
1178 4878 1470 4943 referret.
1565 4878 1879 4964 Idemque
1942 4877 2310 4943 Oardinalis
2373 4876 2613 4941 dilecto
2679 4877 2814 4941 filio
2879 4876 3136 4941 officiali
3198 4876 3599 4940 Tornacensi

534 5005 652 5069 per
715 5006 864 5048 suas
918 4984 1171 5048 litteras
1221 4984 1576 5066 commisit,
1627 4991 1699 5047 ut
1747 5006 1816 5049 se
1865 5006 2062 5071 super
2109 4984 2443 5071 premissis
2492 4983 2839 5068 diligenter
2887 4983 3305 5063 informaret,
3355 4988 3425 5045 et
3471 5002 3599 5067 que

534 5110 652 5175 per
710 5089 1243 5154 informacionem
1304 5090 1682 5174 hujusmodi
1747 5092 2107 5177 repperiret
2170 5111 2287 5176 per
2351 5111 2500 5154 suas
2560 5094 2862 5175 patentes
2909 5089 3163 5152 litteras
3213 5089 3281 5150 in
3327 5087 3593 5172 publica

538 5195 744 5259 forma
789 5195 1085 5261 redactas
1133 5216 1382 5281 suoque
1430 5197 1643 5281 sigillo
1694 5198 1976 5260 munitas
2024 5197 2267 5262 referre
2316 5202 2591 5260 curaret.
2691 5195 2856 5259 Cum
2904 5198 3125 5258 autem
3168 5192 3589 5278 postmodum

536 5301 711 5367 idem
775 5303 1102 5385 officialis,
1167 5310 1361 5388 prout
1422 5302 1713 5388 prefatus
1778 5302 2142 5368 Cardinalis
2204 5304 2394 5367 nobis
2441 5321 2652 5387 nuper
2697 5301 2959 5380 retulit,
3009 5319 3079 5362 se
3128 5298 3210 5363 de
3257 5299 3591 5384 premissis

524 5408 727 5492 juxta
786 5408 1026 5472 dictam
1092 5410 1611 5473 commissionem
1676 5408 1799 5472 sibi
1860 5430 1977 5495 per
2023 5409 2348 5494 prefatum
2398 5407 2811 5473 Cardinalem
2858 5404 3098 5468 factam
3144 5403 3596 5468 informaverit

533 5518 632 5596 et,
681 5514 851 5578 sicut
896 5513 1112 5579 eidem
1158 5513 1487 5579 cardinali
1519 5536 1637 5601 per
1671 5535 1820 5578 suas
1849 5516 2104 5580 litteras
2138 5516 2496 5596 intimavit,
2533 5513 2948 5598 quamplures
2980 5509 3347 5593 fidedignos
3380 5513 3585 5573 testes

530 5638 730 5705 super
773 5619 900 5683 hiis
949 5620 1423 5685 examinaverit
1469 5627 1538 5685 et
1582 5641 1700 5706 per
1739 5642 1964 5685 eorum
2004 5621 2457 5708 deposiciones
2497 5618 2713 5702 medio
2752 5620 3127 5701 juramento
3162 5615 3367 5679 factas
3404 5634 3589 5700 repe-
