4450 6684
1823 495 2224 561 Gumouws
2272 493 2392 559 XI.
3507 499 3636 562 269

470 753 479 761 -
566 717 760 787 2212.
1590 717 1804 797 1375,
1852 714 2088 779 Martii
2130 717 2207 797 2,
2257 717 2618 780 Avenionis.

888 870 1107 934 Eidem
1160 870 1500 934 Cardinali
1544 870 1936 954 indulyetur,
1982 868 2149 954 quod
2192 869 2532 933 secundum
2580 869 3087 934 consuetudinem
3133 872 3417 935 ecclesiae
3458 871 3639 951 Traj.

788 999 910 1062 per
978 985 1212 1041 certum
1287 986 1524 1062 tempus
1593 984 1947 1061 exspectare
2013 997 2139 1040 non
2210 983 2524 1057 teneatur,
2590 984 2924 1061 antequam
2985 998 3242 1042 suorum
3304 980 3370 1042 in
3430 979 3642 1042 eadem

798 1086 1049 1149 eeclesia
1096 1084 1524 1166 beneficiorum
1573 1083 1828 1165 fructus
1871 1085 2203 1168 percipiat.

797 1270 1030 1335 Eidem
1080 1271 1357 1333 salutem
1407 1277 1517 1333 etc.

797 1377 1061 1452 Quanto
1124 1376 1492 1442 Romanam
1541 1375 1913 1456 ecclesiam,
1963 1375 2149 1457 cujus
2198 1373 2581 1438 honorabile
2629 1375 2992 1438 membrum
3041 1376 3308 1457 existis,
3357 1375 3639 1441 honoras

575 1485 828 1569 plenius
896 1489 1151 1547 tuorum
1221 1481 1674 1566 magnitudine
1738 1482 2154 1562 meritorum,
2219 1486 2405 1544 tanto
2469 1501 2589 1567 per
2634 1500 2778 1545 eam
2825 1481 3037 1545 attolli
3088 1484 3356 1547 mereris
3404 1483 3645 1547 favoris

577 1592 793 1676 gracia
818 1591 872 1672 l)
935 1590 1232 1677 pocioris.
1331 1590 1503 1654 Sane
1566 1609 1776 1675 nuper
1822 1609 1938 1675 pro
1989 1592 2172 1674 parte
2223 1594 2339 1652 tua
2384 1587 2511 1651 fuit
2557 1589 2965 1673 expositum,
3031 1589 3205 1674 quod
3255 1589 3479 1655 dilecti
3529 1591 3646 1655 filii

576 1699 940 1785 capitulum
1005 1698 1277 1762 ecclesie
1327 1697 1769 1780 Trajectensis
1817 1695 1899 1761 de
1945 1696 2303 1776 fructibus,
2370 1694 2733 1759 redditibus
2782 1703 2849 1760 et
2898 1698 3328 1781 proventibus
3378 1701 3641 1763 canoni-

577 1811 761 1872 catus
809 1810 877 1869 et
923 1803 1256 1890 prebende
1306 1825 1380 1868 ac
1429 1804 1868 1889 supplementi
1918 1801 2214 1885 ejusdem
2262 1802 2571 1883 ecclesie,
2623 1801 2704 1866 de
2754 1802 2990 1887 quibus
3041 1808 3198 1867 tunc
3249 1806 3633 1870 vacantibus

578 1917 647 1979 et
692 1912 759 1975 in
807 1917 1006 1976 antea
1051 1910 1470 1998 disposicioni
1517 1911 1876 1997 apostolice
1924 1910 2273 1973 reservatis
2322 1909 2444 1972 tibi
2476 1907 2722 1973 dudum
2755 1909 3187 1995 providimus,
3236 1913 3632 1999 respondere

577 2019 845 2100 nolunt,
909 2016 1377 2104 pretendentes
1447 2023 1512 2082 te
1576 2015 1932 2082 secundum
1984 2021 2234 2079 statuta
2280 2021 2348 2079 et
2395 2015 2900 2080 consuetudines
2946 2017 3152 2102 ipsius
3199 2020 3472 2084 ecclesie
3520 2041 3638 2107 per

578 2134 824 2193 certum
900 2134 1157 2212 tempus
1228 2132 1579 2212 expectare
1648 2123 1926 2204 debere,
1998 2129 2349 2208 antequam
2419 2122 2702 2203 fructus,
2774 2122 3069 2188 redditus
3138 2131 3206 2189 et
3273 2135 3630 2211 proventus

582 2235 900 2320 percipias
949 2234 1378 2321 supradictos.
1425 2233 1563 2298 Nos
1609 2233 1812 2317 igitur
1855 2229 2276 2296 intendentes
2317 2236 2382 2293 te
2414 2229 2744 2293 favoribus
2776 2235 3080 2319 prosequi
3113 2235 3450 2319 graciosis,
3502 2237 3630 2299 tuis

580 2340 647 2404 in
709 2341 830 2405 hac
895 2347 1080 2426 parte
1144 2339 1738 2427 supplicacionibus
1801 2338 2133 2418 inclinati,
2200 2337 2501 2401 volumus
2560 2344 2629 2401 et
2678 2338 2795 2401 tibi
2843 2342 3232 2406 auctoritate
3280 2344 3639 2430 apostolica

585 2449 1038 2526 concedimus,
1089 2447 1264 2533 quod
1311 2445 1687 2532 hujusmodi
1724 2446 2003 2526 fructus,
2052 2443 2348 2508 redditus
2381 2450 2448 2507 et
2480 2451 2836 2530 proventus
2869 2445 3187 2512 dictorum
3222 2451 3642 2515 canonicatus

583 2562 651 2620 et
695 2554 1029 2642 prebende
1077 2575 1150 2619 ac
1200 2553 1677 2640 supplementi,
1744 2552 1896 2615 dum
1948 2559 2167 2615 tamen
2217 2550 2300 2617 ad
2350 2559 2563 2616 certos
2613 2574 2769 2617 usus
2808 2555 2990 2639 juste
3039 2563 3107 2619 et
3157 2557 3647 2623 racionabiliter

582 2683 712 2729 non
761 2662 1049 2727 debeant
1096 2661 1444 2748 applicari,
1509 2661 1716 2725 eciam
1766 2661 1816 2724 si
1865 2679 1982 2745 per
2029 2658 2239 2723 dictos
2286 2659 2644 2745 capitulum
2695 2662 2943 2748 percipi
2992 2668 3060 2727 et
3106 2664 3176 2727 in
3225 2685 3452 2729 eorum
3500 2687 3647 2752 pro-

582 2770 757 2856 prios
822 2790 978 2834 usus
1041 2769 1332 2834 converti
1398 2767 1751 2849 deberent,
1816 2787 1902 2831 ex
1965 2786 2140 2831 nunc
2201 2767 2271 2830 in
2343 2773 2542 2833 antea
2601 2769 2939 2855 percipere
2997 2772 3207 2857 possis
3257 2792 3376 2837 nec
3423 2772 3649 2859 hujus-

590 2878 766 2943 modi
829 2899 1036 2942 annos
1100 2882 1451 2963 expectare
1518 2875 1838 2958 tenearis3
1902 2873 2213 2960 predictis
2278 2875 2542 2940 statutis
2605 2881 2673 2940 et
2721 2878 3307 2944 consuetudinibus
3355 2880 3651 2966 ejusdem

588 2985 860 3050 ecclesie
924 2985 1398 3070 Trajectensis,
1460 2984 1837 3067 juramento
1902 2981 2300 3047 confirmatis
2346 2983 2706 3068 apostolica
2751 2984 2856 3049 vel
2905 3005 3293 3072 quacunque
3342 2986 3651 3054 firmitate

592 3092 720 3158 alia
781 3093 1102 3157 roboratis
1164 3097 1231 3156 et
1290 3090 1434 3156 aliis
1482 3089 1822 3155 contrariis
1872 3108 2004 3153 non
2053 3088 2469 3153 obstantibus
2517 3090 3035 3177 quibuscunque.
3108 3092 3291 3157 Nulli
3337 3115 3492 3180 ergo
3540 3104 3650 3161 etc.

596 3207 819 3264 nostre
866 3199 1223 3264 voluntatis
1273 3203 1340 3263 et
1386 3197 1822 3261 concessionis
1867 3194 2225 3280 infringere
2273 3203 2381 3260 ete.
2433 3195 2586 3261 Dat.
2635 3196 2994 3281 Avinione,
3043 3198 3145 3264 VI
3189 3200 3361 3266 Non.
3403 3202 3652 3285 Martii,

589 3307 1006 3393 pontificatus
1053 3306 1259 3371 nostri
1307 3325 1479 3369 anno
1530 3304 1783 3390 quinto,

1005 3441 1128 3504 Rey.
1165 3443 1261 3489 Ao.
1308 3441 1363 3488 Τ.
1397 3438 1484 3498 ⁶25,
1511 3440 1569 3502 f.
1604 3437 1739 3488 399⁹.

739 3588 796 3650 1)
832 3588 1002 3637 Codex
1041 3586 1224 3637 habet:
1263 3586 1456 3652 gracie.

574 4028 773 4097 2213.
1595 4027 1806 4109 1375,
1858 4024 2092 4088 Martii
2136 4027 2212 4106 5,
2261 4025 2622 4087 Avenionis.

905 4183 1125 4248 Eidem
1178 4182 1520 4247 Cardinali
1564 4180 1955 4262 indulqetur,
2006 4180 2176 4266 quod
2209 4180 2465 4259 fructus
2495 4182 2687 4244 unius
2718 4182 2875 4243 anni
2908 4179 3347 4245 thesaurariae
3377 4189 3436 4245 et
3465 4203 3657 4266 prae-

816 4291 1082 4370 bendae,
1136 4310 1297 4376 quas
1346 4288 1659 4374 quondam
1710 4288 2094 4373 Raynaldus
2142 4285 2208 4350 S.
2245 4287 2531 4351 Adriani
2568 4286 2871 4351 diaeonus
2907 4286 3277 4352 Cardinalis
3307 4290 3377 4352 in
3406 4289 3657 4360 ecclesia

820 4397 1002 4481 Traj.
1075 4383 1422 4479 obtinebat,
1498 4402 1823 4481 tamquam
1892 4395 2247 4459 testamenti
2306 4401 2592 4457 executor
2643 4397 2972 4479 percipere
3020 4396 3228 4479 possit
3287 4402 3347 4459 et
3405 4395 3653 4477 debeat,

817 4507 1104 4592 quamvis
1168 4503 1328 4567 idem
1394 4502 1779 4589 Raynaldus
1827 4503 2230 4587 personalem
2294 4500 2694 4565 residentiam
2742 4522 2869 4567 non
2912 4502 3133 4584 fecerit
3177 4523 3285 4567 nec
3328 4504 3658 4588 epistolam

823 4612 1042 4697 leyerit
1103 4620 1293 4695 atque
1355 4612 1424 4674 in
1487 4612 1737 4674 ecclesia
1811 4609 1992 4691 Traj.
2057 4608 2566 4672 immemorabilis
2624 4611 2710 4673 sit
2769 4608 3178 4693 consuetudo,
3247 4608 3460 4696 „quod
3508 4617 3656 4696 post

822 4718 1158 4784 decessum
1208 4717 1560 4803 cujuslibet
1613 4716 1973 4804 optinentis
2020 4716 2090 4780 in
2139 4716 2417 4800 ecclesia
2459 4717 2602 4803 ipsa
2649 4715 3040 4800 dignitatem
3072 4737 3189 4781 seu
3220 4715 3649 4803 prebendam,

820 4824 1101 4890 heredes
1150 4845 1266 4888 seu
1316 4830 1633 4889 executor
1681 4824 2058 4888 testamenti
2106 4823 2199 4887 sic
2232 4822 2640 4906 decedentis,
2690 4821 3041 4888 dummodo
3075 4830 3293 4888 tamen
3327 4830 3648 4910 tempore,

819 4953 948 5018 quo
1021 4932 1229 5014 vixit,
1302 4932 1372 4995 in
1436 4931 1666 4995 eadem
1729 4929 2006 4995 ecclesia
2067 4928 2497 4994 residenciam
2552 4929 2781 4994 fecerit
2843 4937 2910 4994 et
2971 4931 3314 5016 epistolam
3374 4932 3648 5014 lexerit,

828 5040 1077 5102 fructus
1124 5036 1320 5100 unius
1367 5036 1554 5118 anni,
1603 5035 1715 5121 qui
1761 5033 2021 5121 quidem
2073 5055 2285 5099 annus
2330 5055 2543 5098 annus
2588 5035 2798 5119 gratie
2834 5034 3079 5099 ibidem
3118 5036 3484 5122 appellatur

811 5145 1058 5211 habent
1104 5151 1173 5209 et
1218 5142 1654 5230 percipiunt.”

812 5330 1082 5396 Sincere
1129 5328 1517 5394 devotionis.
1546 5377 1561 5393 .
1591 5376 1606 5392 .
1637 5375 1653 5392 .
1700 5328 1854 5394 Dat.
1904 5327 2270 5408 Avinione,
2319 5324 2425 5389 III
2472 5324 2643 5401 Non.
2692 5324 2949 5408 Martii,
2999 5345 3171 5390 anno
3221 5327 3470 5413 quinto.

1004 5466 1131 5528 Rey.
1165 5465 1264 5513 Δυ.
1309 5466 1360 5511 Τ.
1398 5463 1461 5512 ‘223
1516 5465 1578 5527 s.
1612 5461 1751 5514 3990.
