4450 6684
348 4821 671 4871 Tabelliones.

722 548 944 594 xnvm
1399 576 1407 586 .
2001 530 2490 596 Iuraonncno.

723 746 1035 833 burgensi
1083 752 1415 834 tamquam
1463 746 1690 812 Crucis
1735 746 2167 835 praedicatori
2216 749 2423 832 (num.
2465 750 2648 832 112);
2696 750 3104 836 frequentius
3143 756 3366 816 autem
3403 751 3499 818 ita
3528 750 3776 817 factum

724 855 1085 942 reperimus
1132 857 1282 939 post
1328 851 1569 916 editam
1617 851 2202 918 Constitutionem:
2251 854 2452 918 Alma
2496 861 2719 918 mater.
2782 855 2950 920 Nam
2999 856 3110 942 qui
3160 860 3314 921 ante
3360 855 3774 920 Bonifacium

723 980 959 1047 papam
1022 957 1195 1023 VIII
1255 956 1370 1021 tali
1415 956 1639 1021 favore
1686 955 1969 1021 donatus
2014 956 2294 1041 legitur,
2357 956 2533 1023 inter
2577 958 2905 1045 principes
2953 966 3212 1024 nostros
3257 980 3429 1024 unus
3477 964 3546 1024 et
3593 959 3770 1023 solus

725 1070 827 1131 est
886 1060 1272 1148 Reynaldus
1333 1060 1367 1124 I
1413 1060 1674 1126 Gelriae
1721 1081 1941 1125 comes
1987 1062 2192 1143 (num.
2245 1062 2426 1145 410).
2519 1061 2778 1127 Deinde
2826 1084 2983 1128 vero
3029 1063 3238 1128 multo
3285 1064 3506 1151 plures
3553 1083 3776 1128 occur-

725 1173 909 1234 runt:
977 1166 1226 1230 scilicet
1287 1163 1628 1229 Johannes
1686 1164 1759 1229 H
1819 1170 1886 1230 et
1946 1164 2255 1252 Philippa
2311 1186 2514 1249 uxor,
2577 1165 2974 1231 Wilhelmus
3037 1167 3144 1231 III
3204 1173 3273 1232 et
3337 1166 3646 1232 Johanna
3691 1166 3774 1231 de

724 1271 1050 1353 Vallesio,
1124 1269 1520 1334 Wilhelmus
1587 1268 1690 1334 IV
1762 1275 1832 1334 et
1899 1268 2208 1334 Johanna
2270 1268 2353 1334 de
2414 1271 2811 1354 Brabantia‚
2873 1270 3248 1357 Margareta
3309 1271 3392 1336 de
3453 1272 3773 1352 Bavaria‚

722 1375 1120 1441 Wilhelmus
1181 1374 1245 1438 V
1305 1372 1702 1438 Hollandiae
1763 1374 2035 1438 comites
2097 1375 2370 1456 (numm.
2438 1376 2605 1457 448,
2673 1377 2842 1458 478,
2901 1377 3067 1460 544,
3121 1378 3288 1459 943,
3338 1376 3512 1459 986,
3566 1376 3774 1457 1494,

731 1482 965 1564 1986),
1029 1476 1412 1563 Reynaldus
1473 1478 1544 1542 II
1605 1497 1823 1542 comes
1885 1484 1954 1542 et
2010 1477 2257 1564 Sophia
2302 1498 2507 1560 uxor,
2554 1478 2928 1564 Margareta
2974 1480 3331 1561 comitissa,
3385 1478 3773 1565 Reynaldus

723 1584 829 1649 ΠΙ
874 1589 944 1648 61
986 1582 1223 1663 Maria,
1270 1580 1617 1647 Eduardus
1663 1580 1803 1645 dux
1848 1581 2199 1647 Gelrenses
2245 1582 2518 1666 (numm.
2572 1585 2731 1665 762,
2784 1585 2935 1665 767,
2991 1585 3192 1667 1265,
3247 1584 3468 1667 1790).
3538 1582 3770 1669 Neque

724 1690 852 1753 rari
915 1694 1101 1768 sunt,
1158 1687 1271 1773 qui
1318 1686 1526 1750 simile
1574 1684 2003 1750 obtinuerunt
2048 1685 2462 1773 privilegium
2511 1686 2685 1773 apud
2733 1708 2853 1752 nos
2899 1688 3156 1753 nobiles
3202 1688 3631 1769 illustriores,
3672 1688 3774 1751 uti

723 1813 784 1856 v.
835 1814 930 1878 gr.
978 1791 1319 1858 Johannes
1366 1789 1449 1854 de
1494 1790 1708 1854 Blesis
1757 1789 2257 1855 Schoonhoviae
2304 1789 2637 1872 dominus,
2671 1792 2850 1856 Raso
2883 1798 2951 1857 et
2982 1792 3237 1857 Franco
3272 1792 3354 1857 de
3387 1791 3771 1872 Borsselen,

723 1896 1109 1982 Reynaldus
1170 1894 1252 1960 de
1312 1892 1690 1960 Brederode
1753 1897 2026 1979 (numm.
2095 1895 2297 1977 1830,
2366 1897 2567 1976 1856,
2633 1897 2839 1977 2065,
2905 1897 3131 1979 2070).
3225 1895 3500 1960 Minime
3551 1901 3773 1958 tamen

724 2023 920 2088 saepe
967 2000 1262 2088 personis
1311 1999 1766 2064 ecclesiasticis
1814 1999 1905 2063 sic
1953 1997 2282 2063 indultum
2322 1999 2710 2084 reperimus:
2753 2000 3205 2086 episcoporum
3248 1998 3770 2084 Trajectensium

725 2106 888 2169 nulli
948 2105 1247 2191 penitus,
1311 2102 1732 2188 caeteroquin
1792 2102 1946 2166 solis
2012 2102 2305 2167 Suedero
2365 2103 2598 2168 Uterlo
2653 2104 3027 2190 praeposito
3075 2103 3483 2189 TraJectensi
3531 2107 3599 2166 et
3643 2101 3775 2166 Ar-

726 2211 922 2274 noldo
972 2209 1054 2274 de
1100 2208 1308 2272 Horst
1354 2207 1737 2294 presbytero
1785 2208 2058 2289 (numm.
2115 2209 2279 2272 1871
2335 2212 2405 2271 61
2451 2208 2677 2291 2152).

950 2314 1039 2379 Η.
1133 2313 1581 2377 Reconciliatio
1641 2314 1927 2376 ecclesiae
1986 2319 2378 2376 consecratae
2439 2314 2601 2396 (non
2647 2333 2839 2394 vero,
2904 2333 3073 2399 quae
3119 2310 3470 2376 benedicta
3518 2314 3773 2374 tantum

624 2454 686 2502 io.
723 2419 981 2502 fuerit),
1045 2439 1240 2504 quam
1303 2438 1421 2504 per
1483 2416 1868 2481 effusionem
1928 2416 2265 2501 sanguinis
2312 2421 2384 2480 et
2431 2418 2697 2481 seminis
2744 2418 2851 2481 vel
2897 2438 3014 2503 per
3061 2417 3463 2502 sepulturam
3510 2434 3776 2479 excom-

722 2523 1036 2588 municati
1096 2521 1341 2586 ibidem
1403 2521 1641 2585 factam
1705 2520 2056 2604 contigerit
2115 2520 2381 2603 violari,
2448 2527 2551 2585 est
2606 2520 2852 2585 ordinis
2901 2520 3323 2607 episcopalis;
3372 2522 3774 2606 quapropter

721 2627 1044 2692 inferioris
1091 2625 1330 2710 gradus
1378 2625 1628 2689 clericis
1675 2623 2054 2689 demandari
2101 2644 2235 2688 non
2281 2630 2530 2710 potest,
2560 2625 2612 2707 1)
2659 2624 2785 2688 nisi
2832 2646 3144 2711 expressa
3189 2624 3368 2710 prius
3416 2643 3612 2710 super
3648 2623 3773 2686 hoc

720 2732 994 2795 obtenta
1055 2729 1244 2796 Sedis
1290 2729 1711 2815 Apostolicae
1760 2729 2094 2792 facultate.
2188 2728 2384 2793 Unde
2432 2730 2500 2793 in
2552 2735 2681 2794 tam
2730 2731 2947 2816 ampla
2992 2729 3278 2794 dioecesi
3326 2727 3771 2813 TraJectensi,

718 2837 904 2920 cujus
963 2835 1031 2897 in
1090 2833 1386 2920 partibus
1431 2832 1629 2917 longe
1677 2832 1941 2918 lateque
1992 2832 2245 2896 diffusis
2294 2835 2516 2897 statim
2564 2833 2794 2898 adesse
2845 2833 3188 2918 episcopus
3236 2853 3358 2896 nec
3406 2830 3771 2896 ordinarius

713 2960 835 3005 nec
883 2938 1330 3024 suffraganeus
1377 2942 1629 3024 posset,
1658 2937 1712 3020 2)
1761 2937 2095 3022 complura
2141 2957 2351 3022 eaque
2400 2938 2783 3022 gravissima
2832 2942 3064 3002 exorta
3111 2936 3309 3001 fuisse
3359 2935 3773 3001 incommoda

713 3042 904 3108 facile
958 3042 1367 3126 intelligitur.
1460 3041 1562 3105 Ne
1607 3041 1809 3125 igitur
1858 3041 2134 3106 ecclesia
2180 3041 2504 3128 quaedam
2553 3043 2799 3106 violata
2845 3044 3026 3106 cultu
3076 3040 3299 3106 divino
3347 3040 3597 3105 diutius
3643 3040 3772 3127 pri-

717 3154 1009 3229 varetur,
1056 3147 1125 3211 in
1174 3147 1554 3232 episcopatu
1602 3150 1824 3210 nostro
1874 3146 2075 3210 semel
2125 3151 2324 3231 atque
2369 3148 2608 3210 iterum
2658 3151 2994 3231 erogatam
3035 3147 3313 3230 legimus
3356 3146 3769 3223 facultatem,

716 3251 1313 3316 reconciliationem
1383 3271 1553 3336 aqua
1610 3271 1728 3337 per
1787 3251 2166 3336 episcopum
2230 3252 2409 3334 prius
2472 3250 2823 3315 Benedicta
2885 3251 3090 3314 cuivis
3152 3251 3533 3337 presbytero
3597 3271 3768 3314 com-

722 3356 1049 3419 mittendi.
1128 3355 1233 3419 Ita
1277 3354 1605 3419 indultum
1653 3355 1776 3419 fuit
1824 3354 2153 3419 nonnullis
2204 3355 2645 3438 Trajectensis
2695 3355 3069 3419 dioeceseos
3115 3355 3417 3441 capitulis
3466 3353 3639 3440 quod
3687 3352 3771 3417 ad

723 3459 1029 3524 ecclesias
1092 3480 1280 3541 suas,
1350 3457 1703 3522 dummodo
1762 3464 1982 3523 tamen
2045 3460 2186 3543 ipse
2246 3460 2612 3523 ordinarius
2676 3467 2874 3523 antea
2921 3460 3270 3523 assentiret
3315 3461 3524 3542 (num.
3579 3459 3768 3540 152);

724 3564 1022 3628 similiter
1083 3564 1405 3649 episcopis
1466 3563 1996 3647 Trajectensibus
2059 3562 2350 3628 Johanni
2412 3563 2495 3627 (16
2561 3563 2827 3648 Syrick,
2895 3562 3184 3627 Gnidoni
3249 3561 3329 3626 de
3376 3562 3768 3643 Baunonia,

721 3666 1071 3733 Frederico
1133 3667 1215 3731 de
1279 3666 1546 3752 Syrick,
1608 3666 1896 3733 Johanni
1944 3666 2026 3730 de
2075 3666 2299 3750 Diest,
2348 3667 2522 3753 quod
2571 3667 2653 3731 ad
2702 3689 2927 3732 omnes
2974 3668 3341 3754 promiscue
3390 3687 3547 3731 suae
3597 3665 3772 3730 dioe-

722 3792 945 3836 ceseos
1011 3770 1317 3836 ecclesias
1381 3775 1450 3834 et
1512 3771 1888 3835 coemiteria
1948 3773 2219 3855 (numm.
2287 3775 2448 3855 397,
2497 3775 2659 3855 504,
2710 3774 2870 3849 557,
2922 3774 3101 3854 615).
3198 3770 3328 3836 Sed
3379 3770 3639 3834 nonnisi
3686 3769 3767 3833 ad

720 3877 1240 3963 quinquennium
1305 3875 1411 3938 vel
1473 3872 1555 3938 ad
1620 3874 1974 3939 triennium
2041 3876 2416 3961 hujusmodi
2479 3876 2753 3941 facultas
2818 3876 2970 3941 (1313
3015 3877 3368 3961 reperitur,
3428 3895 3558 3961 quo
3609 3879 3770 3938 tem-

717 3981 892 4068 poris
939 3980 1286 4045 intervallo
1335 3980 1557 4065 elapso
1606 3980 1814 4065 ipsam
1861 3980 2078 4045 denuo
2127 3989 2352 4066 petere
2400 4002 2666 4046 necesse
2716 3987 2876 4044 erat.
2949 3980 3095 4055 Qua
3141 3978 3405 4066 quidem
3455 3978 3768 4042 facultate

717 4086 1006 4172 episcopi
1053 4085 1261 4149 nostri
1308 4082 1659 4169 aliquando
1707 4086 1993 4148 caruisse
2044 4085 2382 4167 videntur,
2430 4085 2528 4148 uti
2579 4085 2963 4148 nominatim
3013 4083 3231 4149 Guido
3274 4083 3356 4148 de
3389 4082 3766 4147 Hannonia.

718 4190 886 4254 Nam
936 4211 1039 4254 an.
1090 4190 1260 4252 1306
1310 4188 1478 4252 113116
1526 4188 2048 4254 reconciliandae
2096 4190 2410 4254 ecclesiae
2458 4189 2846 4275 parochialis
2893 4192 2961 4253 in
3008 4188 3326 4253 Biervliet
3372 4192 3768 4273 potestatem

722 4296 1025 4359 Clemens
1099 4314 1270 4379 papa
1335 4292 1400 4357 V
1470 4293 1853 4379 presbytero
1927 4293 2181 4357 cuidam
2241 4293 2487 4358 directe
2537 4295 2860 4357 commisit
2905 4297 3111 4378 (num.
3162 4293 3342 4374 472).
3437 4291 3769 4356 Ecclesiae

722 4405 942 4463 autem
1011 4396 1484 4462 Dordracensis
1553 4396 2033 4478 reconciliatiO,
2103 4418 2271 4481 quae
2335 4419 2441 4462 an.
2512 4400 2680 4462 1355
2737 4399 2937 4463 Petro
2988 4397 3443 4463 cameracensi
3491 4394 3771 4460 antistiti

719 4503 850 4566 fuit
897 4500 1293 4565 demandata
1339 4502 1612 4583 (numm.
1669 4503 1839 4565 1533
1888 4507 1956 4566 61
2003 4502 2231 4584 1548),
2276 4503 2469 4566 1316111
2504 4501 2884 4567 facultatem
2918 4523 3052 4566 non
3085 4502 3445 4587 requisivit.
3509 4499 3769 4565 Etenim

724 4628 871 4670 cum
935 4610 1253 4671 extraneo
1319 4604 1575 4669 cuidam
1646 4606 1950 4692 episcopo
2014 4604 2463 4689 delegaretur,
2530 4612 2783 4672 tantum
2832 4607 2913 4671 de
2953 4605 3412 4691 jurisdictione
3462 4611 3619 4669 tunc
3665 4604 3771 4689 agi

722 4711 896 4774 illico
945 4710 1243 4796 patescit.

950 4813 1004 4877 Ι.
1109 4812 1580 4876 Tabellionatus
1650 4813 1934 4895 officium
2002 4812 2381 4878 conferendi
2453 4814 2726 4877 facultas
2796 4836 2836 4879 a
2907 4814 3173 4878 Summo
3244 4813 3566 4878 Pontifice
3627 4812 3774 4898 plus

724 4919 926 4983 semel
997 4918 1319 5003 episcopis
1391 4917 1921 5001 Trajectensibus
2000 4939 2310 4983 concessa
2385 4919 2584 4982 fuisse
2657 4918 2930 5002 legitur:
3015 4919 3264 4983 scilicet
3332 4917 3622 4984 Johanni
3694 4915 3774 4980 de

725 5022 991 5108 Syrick‚
1064 5020 1413 5085 Frederico
1484 5021 1565 5085 de
1636 5021 1898 5107 Syrick,
1965 5022 2254 5087 Johanni
2322 5021 2403 5085 de
2467 5022 2692 5103 Diest,
2756 5022 3047 5086 Johanni
3117 5023 3198 5086 (16
3246 5021 3454 5087 Arkel
3499 5023 3771 5104 (numm.

725 5129 892 5208 394,
960 5128 1127 5207 556,
1194 5128 1356 5208 623,
1429 5126 1645 5207 1065).
1743 5125 1871 5199 Qui
1934 5132 2154 5190 tamen
2216 5126 2299 5190 ad
2358 5132 2609 5190 certum
2659 5127 3111 5191 tantummodo
3163 5147 3505 5190 numerum
3551 5126 3780 5209 hujus-

724 5230 899 5295 modi
971 5230 1253 5295 officium
1325 5230 1620 5293 conferre
1690 5229 2074 5313 valuerunt,
2154 5235 2468 5316 quattuor
2537 5231 2819 5314 scilicet,
2902 5233 3145 5315 tribus,
3225 5230 3562 5295 duabusve
3632 5249 3778 5315 per-

738 5434 1229 5441 ——-.———..-———-

891 5582 947 5647 1)
984 5584 1186 5633 Decrct.
1226 5582 1378 5647 Greg.
1413 5582 1524 5632 Lib.
1550 5583 1769 5635 111..Tit
1810 5585 1917 5635 XL.
1955 5602 2101 5650 capp.
2124 5581 2315 5644 9—1o;
2354 5583 2447 5632 cfr.
2475 5582 2528 5632 F.
2555 5583 2609 5633 P.
2634 5596 2734 5631 van
2762 5583 2826 5632 de
2851 5583 3020 5648 Burgt
3044 5584 3119 5633 De
3143 5584 3470 5634 celebratione
3493 5582 3778 5633 Missurum

728 5662 941 5727 (Ultraj.
975 5663 1130 5728 1871)
1164 5662 1265 5713 179
1298 5663 1361 5712 n⁰
1394 5663 1511 5714 214.
1846 5666 1902 5725 2)
1938 5665 2041 5716 Csr.
2076 5678 2282 5716 numm.
2317 5662 2439 5726 152,
2478 5662 2604 5727 504,
2640 5662 2757 5713 557.
