4450 6684
1777 526 2236 591 Innoonmms
2281 523 2400 587 VI.
3540 523 3625 585 87

560 749 753 819 1586.
1572 748 1782 828 1357,
1829 744 2026 810 Junii
2067 745 2186 827 13,
2238 744 2607 807 Avenionis.

874 899 1128 964 Decano
1190 900 1476 963 ecclesiae
1538 898 1606 961 S.
1670 896 1929 961 Mariae
1998 896 2180 980 Traj.
2228 896 2612 979 mandatur,
2678 903 2753 961 ut
2799 898 3283 983 qualescumque
3317 919 3631 982 personas

791 1012 921 1069 tam
967 1005 1414 1069 ecclesiasticas
1461 1024 1653 1089 quam
1698 1003 2086 1085 saeculares,
2137 1004 2253 1087 qui
2281 1022 2323 1066 a
2353 1002 2533 1067 domo
2567 1001 2899 1086 hospitalis
2931 1001 2999 1065 S.
3032 1001 3291 1066 Mariae
3328 1002 3627 1068 Theoton.

789 1110 1361 1196 Hierosolymitani
1393 1112 1813 1195 possessiones
1858 1108 1973 1172 sub
2020 1129 2235 1173 annuo
2282 1128 2468 1172 censu
2515 1115 2748 1189 tenent,
2798 1106 2884 1171 ad
2917 1106 3081 1171 hunc
3111 1129 3358 1172 censum
3390 1111 3629 1194 inteqre

789 1215 1152 1281 solvendum
1188 1238 1312 1301 per
1357 1236 1686 1280 censuram
1732 1216 2239 1296 ecclesiasticam,
2288 1216 2623 1278 monitione
2656 1215 3016 1297 praemissa
3034 1262 3051 1293 ,
3098 1215 3449 1298 compellat.

794 1396 899 1462 Ex
970 1402 1157 1483 parte
1228 1397 1679 1463 dilectorum..
1711 1444 1727 1461 .
1758 1446 1773 1461 .
1847 1397 2001 1462 Dat.
2073 1396 2442 1477 Avinione,
2503 1395 2603 1460 Id.
2667 1396 2885 1479 Junii,
2949 1396 3372 1482 pontificatus
3427 1398 3633 1462 nostri

572 1524 745 1569 anno
792 1502 1043 1589 quinto.
1506 1513 1509 1516 ’

983 1636 1060 1683 De
1097 1634 1229 1683 Geor
1263 1638 1339 1683 tot
1378 1635 1630 1698 Oudoyein
1665 1635 1944 1684 Archieven
1977 1635 2066 1685 ΙΙ.
2102 1633 2214 1686 362.
2252 1636 2310 1684 πο
2342 1633 2468 1699 320,
2504 1637 2767 1685 secundum
2800 1637 3187 1701 autographum.
3222 1637 3279 1688 P.
3314 1636 3429 1688 364.
3465 1639 3559 1689 lin.
3583 1637 3652 1690 16

920 1730 1036 1778 pro:
1073 1729 1282 1780 prema,
1320 1717 1485 1781 legas:
1524 1718 1720 1780 previa.

573 2208 756 2278 1587.
1538 2217 1747 2298 1357,
1794 2216 2079 2301 Auyusti
2124 2218 2245 2298 14,
2291 2216 2653 2282 Avenionis.

889 2365 1243 2451 (Johanni)
1306 2370 1587 2453 episcopo
1659 2367 2048 2452 Trajectensi
2108 2370 2549 2451 committitur,
2614 2377 2686 2433 ut
2745 2370 3039 2434 Johanni
3097 2379 3247 2435 nato
3295 2372 3512 2438 Laden
3557 2375 3634 2439 de

798 2470 1063 2536 Jerseke
1123 2481 1183 2537 et
1246 2472 1500 2537 Mariae
1560 2481 1750 2537 natae
1825 2473 2160 2555 Wolfardi
2215 2475 2293 2538 de
2337 2473 2601 2539 Jerseke
2646 2476 2958 2540 nobilibus
3012 2476 3196 2561 Traj.
3245 2477 3434 2543 dioec.
3458 2529 3476 2563 ,
3524 2484 3638 2567 qui

807 2585 1040 2663 quarto
1097 2600 1162 2643 se
1207 2581 1777 2663 consanyuinitatis
1818 2580 2036 2664 yradu
2081 2583 2393 2666 attingere
2436 2583 2695 2646 scientes
2739 2584 3214 2648 matrimonium
3258 2585 3641 2653 clandestine

805 2690 1262 2749 contraxerunt
1322 2693 1380 2749 et
1442 2685 1665 2749 exinde
1712 2685 1965 2769 prolem
1999 2694 2469 2771 procrearunt,
2519 2686 2598 2750 ab
2643 2690 3294 2753 excommunicationis
3338 2694 3645 2757 sententia

807 2788 1257 2854 absolutionem
1320 2792 1675 2876 impertiat,
1720 2793 2178 2874 poenitentiam
2223 2793 2573 2857 salutarem
2620 2794 2919 2878 injunyat
2965 2801 3025 2858 et
3067 2814 3207 2858 omn
3252 2797 3409 2880 ipsis
3452 2816 3646 2883 super

804 2894 970 2960 dicto
1016 2896 1452 2980 impedimento
1498 2896 1830 2982 dispenset.

809 3076 1062 3143 Petioio
1111 3099 1229 3164 pro
1277 3083 1483 3164 parte.
1517 3125 1533 3142 .
1563 3127 1578 3142 .
1607 3123 1622 3141 .
1672 3078 1828 3143 Dat.
1862 3077 2224 3163 Avinione,
2262 3078 2540 3144 XVIIII
2571 3078 2681 3144 Kl.
2718 3078 3152 3165 SeptembriS,
3188 3100 3361 3145 anno
3392 3080 3644 3167 quinte.

1001 3212 1124 3275 Rea-
1159 3213 1257 3262 210.
1304 3213 1358 3261 r.
1395 3210 1576 3275 16‚s·
1609 3210 1749 3262 5440.

603 3705 792 3775 1588.
1515 3712 1697 3775 1357
1710 3710 1839 3794 (e),
1893 3712 2172 3797 Aayusti
2215 3713 2335 3794 31,
2383 3711 2746 3775 Avenionis.

913 3863 1182 3950 Huqoni
1241 3864 1505 3930 Uustinc
1552 3868 1849 3929 canonico
1903 3865 2293 3948 Trajectensi
2335 3868 2405 3929 in
2451 3871 2722 3949 utroque
2746 3865 2908 3945 jure
2952 3864 3296 3944 licentiato,
3333 3864 3663 3944 confertur

823 3969 1324 4057 supplementum
1371 3975 1441 4036 in
1486 3973 1741 4036 ecclesia
1796 3971 2223 4055 Trajectensi,
2271 3992 2505 4036 vacans
2541 3991 2667 4054 per
2711 3967 2947 4033 obitum
2992 3967 3316 4033 Johannis
3363 3967 3678 4053 Spirinc,

827 4080 1112 4144 canonici
1155 4078 1379 4143 ibidem
1426 4085 1485 4143 et
1529 4077 1997 4163 choriepiscopi.
2050 4116 2132 4126 —-
2181 4078 2597 4163 Deputantur
2641 4084 3008 4141 executores.

828 4260 1226 4327 Litterarum
1260 4259 1554 4324 scientia.
1575 4306 1591 4322 .
1615 4307 1629 4322 .
1651 4306 1667 4322 .
1702 4259 1853 4324 Dat.
1879 4258 2243 4344 Avinione,
2276 4259 2347 4324 H
2368 4259 2479 4325 Kl.
2508 4257 2942 4345 Septembris,
2975 4277 3148 4322 anno
3180 4255 3469 4322 secundo
3492 4257 3665 4341 (sic).

1022 4396 1147 4458 Req.
1199 4397 1296 4444 Δυ.
1357 4392 1415 4444 Τ.
1470 4393 1560 4455 17,
1603 4396 1664 4456 s.
1714 4393 1829 4445 601.
1904 4393 2119 4445 Rectius
2172 4396 2340 4461 leges:
2394 4407 2539 4444 anno
2590 4392 2803 4457 quinto,
2856 4392 2920 4443 ad
2975 4406 3134 4457 quem
3183 4396 3326 4443 totus
3373 4391 3461 4442 hic
3508 4395 3683 4442 tomus

955 4481 1202 4543 pertinet.

1849 4708 2439 4718 ...ψ-ᾳ.-

610 4943 1059 5013 1589-1591.
1536 4942 1756 5027 1357,’
1793 4943 2176 5030 Septembris
2222 4947 2343 5028 30,
2401 4946 2755 5010 Avenionis.

925 5097 1010 5163 A.
1098 5098 1397 5183 Volperto
1454 5095 1777 5161 Willermi
1810 5094 2181 5182 presbytero
2238 5094 2420 5178 Traj.
2468 5094 2656 5158 dioec.
2703 5093 3064 5158 conceditur
3089 5094 3505 5178 privileqium
3532 5093 3673 5176 ple·

837 5208 1061 5270 uariae
1093 5211 1505 5290 peccatorum
1550 5203 1935 5266 remissionis
1981 5204 2050 5267 in
2097 5202 2372 5266 articulo
2419 5202 2664 5264 mortis.

927 5311 1005 5377 Β.
1077 5309 1275 5374 Petro
1338 5307 1602 5373 Bollart
1662 5310 1894 5373 rectori
1944 5307 2385 5392 parrochialis
2449 5307 2735 5370 ecclesiae
2795 5304 2872 5370 de
2931 5302 3443 5387 Wemeldinqhen
3495 5301 3678 5385 Traj.

838 5418 1025 5483 dioec.
1074 5415 1237 5481 idem
1277 5417 1714 5501 privilegium.
2328 5500 2335 5505 θ

930 5524 1003 5589 Ο.
1074 5522 1352 5588 Bassoni
1413 5520 1771 5586 Baldewini
1832 5519 1909 5582 de
1966 5518 2314 5584 Maelstede
2372 5514 2453 5584 et‘
2491 5516 2905 5603 Maryaretae
2949 5517 3084 5599 ejus
3129 5515 3319 5579 uxori
3363 5512 3674 5578 nobilibus

857 5628 1036 5713 Traj.
1083 5628 1273 5694 dioec.
1319 5626 1482 5692 idem
1514 5626 1946 5710 privileqium.
