4450 6684
1900 521 2219 588 Ommms
2276 520 2397 589 VI.
3595 523 3682 587 43

841 744 1109 811 Sincere
1158 742 1547 809 dovotionis.
1578 788 1595 806 .
1622 788 1640 807 .
1668 789 1685 807 .
1733 743 1887 808 Dat.
1919 741 2282 827 Avinione,
2329 741 2539 809 XIHI
2570 741 2680 807 Kl.
2716 741 3150 829 Septembris,
3197 762 3370 808 anno
3403 742 3680 809 docimo.

1032 879 1160 942 Boe·
1194 880 1291 931 Α..
1333 874 1394 928 T.
1429 876 1519 941 63,
1544 879 1605 943 s.
1638 876 1780 929 usn.

613 1374 1047 1444 1415-1417.
1442 1378 1616 1442 1351
1634 1425 1652 1459 ,
1704 1348 1985 1442 Octobris
2030 1379 2150 1459 15,
2198 1397 2304 1461 ap.
2369 1375 2854 1440 Villamuovam.

929 1532 1011 1595 A.
1082 1530 1424 1595 Bernardo
1469 1529 1634 1595 dieto
1680 1530 1756 1594 de
1801 1529 2050 1616 Keyser
2094 1531 2316 1594 clerico
2372 1530 2552 1612 Traj.
2602 1529 2790 1595 dioec.
2839 1530 3283 1612 conferendum
3320 1538 3682 1595 reservatur

836 1636 1194 1719 beneficium
1260 1644 1549 1722 spectans
1618 1636 1705 1700 ad
1769 1635 2239 1720 dispositionem
2307 1637 2577 1721 capituli
2637 1635 2705 1699 S.
2770 1634 3127 1701 Salvator-is
3200 1635 3380 1719 Traj.
3440 1644 3499 1702 et
3542 1658 3685 1701 cum

837 1763 994 1807 cura
1053 1743 1142 1808 25
1162 1792 1180 1826 ,
1240 1744 1376 1807 siue
1436 1763 1594 1807 cura
1655 1763 1798 1808 vero
1853 1744 1942 1806 18
1987 1763 2352 1807 marcarum
2398 1745 2650 1827 arqenti
2693 1744 2968 1808 valorem
3014 1763 3301 1807 aunuum
3345 1764 3472 1808 nou
3516 1764 3684 1809 exce·

834 1848 1004 1913 dens.
1056 1884 1139 1897 —
1190 1848 1602 1934 Deputautur
1647 1856 2019 1913 executores.

924 1956 1002 2020 Β.
1081 1956 1377 2021 Johanni
1435 1956 1606 2020 Dael
1666 1957 1888 2021 clerico
1943 1955 2125 2038 Traj.
2175 1956 2364 2020 dioec.
2410 1963 2769 2021 reservatur
2813 1956 3018 2020 simile
3062 1955 3424 2038 beneficium
3469 1957 3684 2041 confe-

833 2062 1099 2126 rendum
1145 2062 1224 2127 ab
1269 2061 1489 2127 abbate
1533 2069 1593 2126 et
1639 2069 1940 2127 conventu
1987 2061 2547 2147 Eymondeusibus.
2600 2100 2682 2110 —
2732 2062 3149 2146 Deputantur
3194 2071 3562 2128 executores.

941 2168 1014 2234 O.
1084 2168 1378 2234 Johanni
1431 2167 1600 2234 Albo
1646 2168 1723 2233 de
1766 2167 2066 2233 Embrica
2115 2170 2335 2233 clerico
2391 2168 2570 2252 Traj.
2618 2168 2806 2233 dioec.
2854 2176 3215 2233 reservatur
3261 2171 3466 2235 simile
3511 2169 3685 2234 bene·

832 2273 1047 2356 ficium
1106 2274 1553 2355 eonferendum
1617 2272 1696 2337 ab
1758 2274 2042 2358 episcopo
2106 2280 2166 2337 et
2228 2275 2510 2359 capitulo
2566 2273 3085 2357 Trajectensibus.
3136 2310 3218 2321 —
3266 2273 3684 2358 Deputantur

832 2385 1198 2444 executores.

833 2564 990 2630 Vite
1047 2585 1122 2630 ac
1179 2584 1454 2631 morum.
1489 2611 1504 2628 .
1532 2610 1550 2629 .
1577 2611 1594 2630 .
1664 2563 1817 2628 Dat.
1884 2560 2060 2650 apud
2125 2562 2610 2630 Villamnovam
2666 2562 3135 2630 Aviniononsis
3183 2563 3502 2648 diocesis,
3572 2562 3673 2629 Id.

612 2668 913 2737 Octobris
933 2719 951 2755 ,
1000 2690 1174 2736 anno
1221 2668 1502 2736 docimo.

1027 2806 1149 2870 Rea.
1185 2807 1282 2857 Ao.
1327 2809 1382 2859 T.
1414 2804 1507 2870 62,
1534 2806 1593 2870 s.
1629 2803 1755 2869 242,
1781 2806 1842 2870 s.
1877 2803 1977 2855 249
2011 2808 2062 2855 et
2084 2805 2143 2869 s.
2178 2802 2298 2855 394.

607 3334 795 3404 1418.
1438 3335 1648 3419 1351,
1699 3333 1980 3400 Octobris
2023 3334 2141 3418 20,
2189 3355 2296 3419 ap.
2359 3333 2847 3399 Villamuovam.

928 3488 1165 3554 Jacobo
1211 3488 1381 3554 Rodi
1423 3488 1499 3553 de
1540 3488 1861 3554 Genesauo
1891 3489 2222 3571 confertur
2242 3494 2559 3573 perpetua
2589 3487 2949 3571 capellania
2978 3488 3257 3572 capellae
3288 3488 3357 3551 in
3389 3487 3598 3553 Zuleu
3626 3489 3678 3573 1)

841 3593 1021 3679 Traj.
1068 3596 1256 3660 dioec.
1276 3644 1294 3678 ,
1331 3616 1461 3680 pro
1508 3614 1637 3681 qua
1682 3597 2118 3659 canonicatum
2166 3601 2227 3658 et
2260 3592 2693 3677 praebendam
2737 3593 3024 3658 ecclesiae
3068 3592 3136 3657 S.
3185 3592 3467 3658 Dioni-sii
3510 3593 3672 3659 Leo·

831 3699 1064 3765 diensis
1106 3721 1247 3765 cum
1291 3700 1669 3766 Alexandro
1712 3700 1788 3765 de
1818 3699 2289 3785 Suellemberqb
2319 3700 2583 3785 putavit
2610 3697 3095 3783 permutandae.
3137 3735 3220 3746 —
3254 3698 3673 3784 Deputautur

829 3815 1196 3871 executores.

826 3989 1209 4078 Apostolioo
1267 3984 1460 4055 sedis.
1490 4036 1506 4052 .
1534 4035 1551 4053 .
1576 4035 1594 4053 .
1658 3987 1809 4055 Dat.
1860 3987 2035 4076 apud
2081 3988 2568 4054 villamnovam
2612 3984 3081 4054 Aviniononsis
3125 3985 3442 4071 diocesis,
3490 3987 3670 4053 XIII

605 4095 715 4165 Kl.
760 4096 1185 4182 Novembris,
1232 4117 1406 4162 anno
1454 4094 1728 4161 docimo.

1023 4231 1149 4296 Rea.
1182 4232 1281 4282 Ao.
1327 4233 1379 4282 T.
1414 4228 1503 4297 60,
1527 4232 1588 4296 s.
1623 4229 1739 4282 219.

759 4377 817 4444 1)
851 4376 1035 4430 Zuilsn
1069 4390 1233 4443 propo
1265 4374 1637 4441 ultrajectum.

603 4880 794 4950 1419.
1428 4878 1642 4960 1351,
1693 4874 1974 4941 Octobris
2019 4875 2109 4938 20
2127 4922 2145 4958 ,
2190 4894 2296 4958 ap.
2360 4872 2846 4939 Villamnovam.

911 5034 1247 5101 Leonardo
1307 5032 1535 5097 Reveri
1591 5031 1669 5097 de
1731 5029 1908 5116 tht
1953 5029 2176 5094 clerico
2223 5026 2420 5092 Leod.
2468 5026 2659 5092 dioec.
2705 5034 3068 5092 reservatur
3114 5027 3475 5109 beneficium
3518 5046 3663 5092 con-

820 5142 1152 5226 ferendum
1197 5161 1240 5205 a
1283 5140 1563 5225 capitulo
1608 5137 2060 5203 Daventrieusi
2105 5141 2167 5199 et
2210 5155 2353 5198 cum
2398 5154 2556 5198 cura
2600 5134 2690 5197 25
2706 5182 2724 5217 ,
2787 5137 2922 5198 sine
2967 5153 3125 5198 cura
3169 5153 3313 5199 vero
3357 5133 3450 5198 18
3491 5153 3665 5198 mar·

821 5268 1041 5313 carum
1084 5249 1335 5333 arqenti
1377 5246 1653 5310 valorem
1697 5262 1985 5308 aunuum
2030 5261 2158 5306 uon
2202 5239 2517 5305 excedens.
2569 5276 2652 5289 —
2706 5239 3114 5324 Deputantur
3159 5247 3528 5305 executores.

823 5429 1181 5497 Probitatis
1226 5435 1315 5496 et.
1340 5476 1359 5496 .
1386 5475 1404 5494 .
1430 5475 1447 5493 .
1495 5428 1648 5494 Dat.
1695 5433 1770 5492 ut
1810 5446 2036 5512 supra.

1018 5563 1145 5629 κιρ.
1177 5564 1277 5615 Α..
1319 5564 1376 5615 r.
1407 5561 1585 5627 621.
1619 5559 1759 5615 390⁰.
