4450 6684
1803 546 2262 611 Innocnn'rms
2317 544 2437 611 VI.
3573 542 3656 606 6⁷

815 767 1206 834 Laudabilia
1264 766 1638 853 probitatis.
1665 815 1681 831 .
1708 814 1725 831 .
1754 815 1771 832 .
1834 765 1989 832 Dat.
2055 764 2230 853 apud
2291 765 2778 832 Villamnovam
2823 763 3294 830 Avinionensis
3342 764 3656 846 diocesis,

591 876 695 943 xl
737 876 848 942 Kl.
898 874 1235 959 Octobris,
1285 894 1460 940 anno
1507 873 1818 940 secundo.

1011 1010 1135 1074 Ray.
1170 1011 1267 1063 Ax.
1314 1012 1367 1060 T.
1403 1008 1464 1074 8,
1490 1011 1553 1074 f.
1586 1008 1705 1061 336.

590 1432 765 1503 1517.
1558 1435 1771 1517 1354,
1825 1433 2109 1499 Octobris
2153 1435 2275 1515 12,
2323 1435 2689 1499 Avenionis.

904 1589 1100 1654 Petro
1146 1587 1402 1653 Balbeti
1444 1588 1865 1670 conferuntur
1911 1591 2320 1654 canonicatus
2365 1597 2425 1653 et
2457 1588 2827 1674 praebenda
2875 1590 3162 1653 ecclesiae
3202 1587 3659 1670 Trajectensis‚

811 1696 913 1761 die
962 1697 1047 1760 24
1094 1697 1380 1781 Anqusti
1411 1698 1707 1781 proxime
1751 1689 1964 1780 elapso
2011 1695 2344 1760 donationi
2386 1696 2551 1760 sedis
2598 1695 2978 1781 apostolicae
3014 1701 3368 1759 reservatae
3398 1701 3458 1758 et
3486 1713 3665 1758 nunc

813 1811 1102 1868 vacantes
1147 1823 1224 1867 ex
1266 1823 1334 1867 eo
1381 1801 1553 1888 quod
1597 1801 1909 1867 Robertus
1954 1804 2160 1887 Ayme
2212 1824 2463 1890 „nuper
2508 1802 2591 1867 ad
2641 1809 2795 1867 vota
2841 1802 3098 1867 laicalia
3138 1822 3208 1866 se
3250 1801 3651 1866 transferens

810 1909 1295 1975 matrimonium
1360 1928 1508 1973 cum
1572 1907 1855 1996 quadam
1918 1910 2190 1975 muliere
2241 1930 2358 1996 per
2402 1909 2604 1974 verba
2652 1909 2732 1974 de
2780 1910 3071 1995 presenti
3119 1906 3516 1973 contraxit.”
3570 1945 3652 1955 —

809 2016 1227 2101 Deputantur
1271 2022 1644 2080 executores.

819 2195 1167 2261 Attributa
1213 2194 1353 2259 tibi.
1382 2241 1398 2258 .
1425 2240 1441 2257 .
1470 2241 1486 2257 .
1535 2194 1598 2259 N
1601 2215 1686 2258 on
1735 2194 2150 2259 obstantibus
2198 2241 2214 2257 .
2245 2241 2260 2257 .
2289 2240 2305 2256 .
2336 2242 2351 2258 .
2401 2192 2576 2278 quod
2620 2192 2818 2258 hodie
2861 2192 2983 2258 tibi
3022 2191 3105 2258 de
3138 2190 3420 2278 quodam
3452 2190 3654 2257 bene-

589 2301 736 2367 ficio
780 2307 1140 2388 perpetuo,
1188 2301 1645 2387 supplemento
1694 2306 2107 2386 nuncupato,
2156 2300 2225 2363 in
2274 2299 2451 2364 dicta
2496 2299 2773 2363 ecclesia
2803 2299 3211 2384 Trajectensi
3243 2318 3361 2385 per
3392 2302 3649 2363 nostras

591 2407 750 2473 certi
813 2406 1060 2472 tenoris
1119 2406 1375 2471 litteras
1421 2405 1875 2471 mandavimus
1921 2404 2288 2493 providere.
2317 2454 2333 2470 .
2362 2454 2377 2469 .
2406 2454 2422 2470 .
2495 2406 2650 2473 Dat.
2698 2405 3064 2488 Avinione‚
3118 2404 3261 2468 IIII
3306 2402 3407 2469 Id.
3456 2402 3660 2469 Octo-

590 2514 761 2598 bris,
807 2533 981 2578 anno
1031 2511 1341 2578 secundo.

1009 2649 1130 2712 Ray.
1167 2650 1265 2698 Av.
1308 2650 1363 2697 T.
1399 2646 1458 2711 7,
1482 2650 1541 2712 f.
1578 2647 1693 2699 245.

586 3115 778 3185 1518.
1562 3118 1771 3200 1354,
1824 3116 2106 3183 Octobris
2152 3119 2273 3201 12,
2320 3117 2687 3182 Avenionis.

898 3269 1360 3355 Infrascriptis
1419 3270 1799 3353 mandatur,
1861 3279 1936 3335 ut
1997 3270 2195 3336 Petro
2259 3269 2516 3335 Balbeti
2557 3269 2945 3355 provideant
2989 3270 3065 3335 de
3108 3272 3539 3356 supplemento
3585 3273 3657 3335 in

809 3378 1064 3443 ecclesia
1118 3376 1509 3463 Trajectensi
1551 3384 1814 3443 vacante
1850 3399 1974 3463 per
2018 3379 2640 3443 saecularisationem
2687 3375 2948 3441 Roberti
2990 3378 3215 3464 Ayme.

810 3558 1194 3625 Venerabili
1245 3560 1430 3625 fratri
1478 3608 1493 3623 .
1522 3608 1538 3623 .
1590 3561 1895 3646 episcopo
1944 3559 2466 3624 Barchinonensi
2513 3563 2582 3624 et
2629 3556 2887 3623 dilectis
2934 3558 3085 3623 filiis
3135 3606 3150 3624 .
3177 3605 3194 3623 .
3243 3558 3469 3624 abbati
3513 3579 3656 3624 mo-

590 3666 860 3732 nasterii
907 3668 1116 3733 sancti
1163 3666 1355 3731 Pauli
1405 3668 1847 3752 Trajectensis
1895 3671 1963 3731 et
2014 3714 2029 3730 .
2058 3714 2074 3731 .
2126 3666 2387 3731 officiali
2432 3666 2869 3732 Avinionensi
2915 3666 3193 3731 salutem
3243 3671 3352 3732 etc.

812 3772 1263 3860 Suffragancia
1309 3773 1570 3839 dilecto.
1600 3821 1616 3837 .
1646 3821 1662 3838 .
1691 3821 1707 3837 .
1756 3773 1909 3839 Dat.
1958 3780 2032 3837 ut
2075 3794 2299 3858 supra.

1005 3908 1129 3971 Ray.
1162 3905 1257 3959 Ac.
1302 3911 1359 3961 T.
1392 3907 1449 3974 7,
1475 3910 1535 3973 f.
1571 3907 1686 3958 247.

1800 4170 2389 4177 -———--—-—-——-

586 4373 774 4444 1519.
1513 4378 1722 4460 1354,
1771 4376 2142 4441 Novembris
2187 4377 2310 4459 13,
2355 4378 2720 4441 Avenionis.

904 4530 1295 4596 Ghiselberto
1340 4532 1551 4595 comiti
1594 4529 1670 4594 de
1727 4528 2044 4615 Utenqoye
2089 4530 2285 4594 militi
2328 4536 2388 4593 et
2432 4527 2690 4594 Mariae
2732 4531 2867 4613 ejus
2898 4530 3088 4594 uxori
3116 4527 3426 4593 nobilibus
3466 4528 3653 4612 Traj.

810 4636 999 4702 dioec.
1047 4636 1409 4702 conceditur
1458 4637 1713 4713 licentia
1759 4634 2031 4700 habendi
2073 4636 2285 4701 altare
2319 4636 2654 4720 portatile.

810 4817 1078 4885 Sincere
1127 4817 1517 4884 devotionis.
1546 4866 1561 4882 .
1591 4866 1606 4882 .
1634 4866 1652 4883 .
1700 4817 1853 4881 Dat.
1904 4816 2270 4900 Avinione,
2320 4815 2420 4881 Id.
2472 4816 2899 4901 Novembris,
2951 4837 3126 4882 anno
3176 4816 3486 4883 secundo.

1000 4955 1125 5018 Ray.
1160 4956 1261 5005 Aa.
1304 4955 1360 5003 T.
1395 4952 1453 5018 7,
1481 4955 1541 5019 s.
1575 4951 1692 5003 513.

1823 5213 2407 5221 ψ-

583 5425 781 5496 1520.
1510 5424 1721 5508 1354,
1768 5421 2127 5488 Decembris
2171 5420 2258 5485 14
2275 5469 2294 5505 ,
2339 5420 2705 5485 Avenionis.

898 5580 1038 5647 Pro
1097 5579 1396 5646 Johoenne
1456 5577 1564 5661 (de
1617 5576 1861 5662 Arkel)
1921 5578 2205 5662 episcopo
2279 5573 2673 5659 Trajectensi
2727 5574 3139 5660 infrascripti
3196 5573 3286 5638 ad
3329 5572 3644 5638 biennium

812 5687 1204 5772 deputantur
1248 5692 1729 5751 conservatores.
