4450 6684
1840 518 2065 584 Innnx
2121 520 2483 588 Locorum.
3572 527 3704 592 373

626 734 1141 796 Voorthuizen
1182 734 1290 812 22,
1335 736 1430 794 37.

626 843 1171 905 Vernemborch
1213 863 1270 903 v.
1313 843 1646 905 catharina
1688 844 1780 905 de.

625 954 918 1014 Vorden
958 954 1094 1012 277.

626 1062 922 1127 Vreden
1005 1061 1331 1137 (wedene)
1414 1061 1670 1122 ecclesia
1748 1062 2071 1123 Monaster.

706 1172 928 1248 dioec.;
971 1190 1029 1231 v.
1071 1170 1455 1230 Hermannus
1495 1169 1589 1230 de.

626 1280 1002 1341 Vreeland
1043 1279 1424 1355 (Vredelant)
1470 1283 1737 1339 castrum
1779 1281 1955 1341 2203.

629 1389 924 1449 Vreuke
964 1407 1024 1448 v.
1068 1386 1377 1447 Johannes
1418 1387 1510 1448 de.

626 1497 845 1561 Vries
886 1495 1142 1557 ecclesia
1183 1496 1319 1556 698.

628 1714 924 1778 waarde
964 1714 1220 1775 ecclesia
1261 1716 1438 1773 2138.

625 1824 1086 1902 Wadenoyen
1149 1822 1512 1902 (Wadenoy)
1576 1823 1831 1884 ecclesia
1886 1823 2069 1902 1409,

711 1934 894 2010 1673,
950 1933 1135 2010 2018,
1197 1952 1254 1991 v.
1298 1931 1675 1993 Giselbertus
1714 1937 1895 1993 natus
1939 1932 2071 1993 Ste-

706 2041 891 2119 phani
933 2040 1035 2117 de,
1076 2040 1441 2100 wilhelmus
1480 2041 1574 2101 de.

628 2149 1049 2211 Waesmont
1090 2149 1345 2210 ecclesia
1385 2149 1567 2210 Leod.
1612 2150 1799 2211 dioec.
1846 2152 2018 2211 1636.

629 2258 1051 2319 Walachria
1094 2260 1197 2335 30,
1240 2258 1346 2334 32,
1389 2259 1819 2318 monasterium
1854 2260 1913 2319 1).
1942 2259 2069 2319 Ma-

705 2368 834 2427 riae
874 2368 970 2444 in,
1013 2367 1139 2427 ord.
1182 2367 1587 2427 Praemonstr.
1623 2368 1728 2445 24,
1773 2369 1877 2445 32,
1925 2368 2068 2447 102,

707 2477 864 2552 (32),
907 2475 1029 2535 Int.
1072 2476 1263 2552 VIII,
1306 2495 1364 2536 v.
1406 2475 1808 2556 Middelburg.

628 2584 983 2645 'Waldeck
1031 2584 1421 2661 (Waldegke)
1463 2603 1660 2645 comes
1703 2585 1777 2645 de
1819 2587 1967 2664 3923
2009 2607 2068 2648 v.

707 2693 963 2754 Adolfus
1006 2693 1097 2752 de.

626 2802 830 2862 Wale
872 2823 930 2862 v.
972 2801 1277 2862 Arnoldus
1313 2801 1677 2861 Theoderici
1717 2802 1809 2862 de.

627 2912 992 2991 ‘Walewyc
1035 2932 1091 2971 v.
1135 2910 1440 2971 Arnoldus
1482 2911 1573 2970 de.

629 3021 1139 3082 ‘Walemborch
1167 3039 1225 3080 v.
1256 3019 1634 3080 Giselbertus
1662 3023 1843 3078 natus
1873 3018 2069 3080 Theo·

706 3130 896 3191 derici
936 3129 1029 3190 de.

626 3238 1020 3299 ‘Wallerici
1076 3236 1136 3298 S.
1193 3255 1377 3315 supra
1430 3237 1597 3296 Mare
1644 3234 2071 3296 monasterium

708 3348 835 3409 ord.
880 3345 939 3406 S.
981 3345 1299 3406 Benedicti
1338 3346 1618 3405 Ambian.
1661 3345 1850 3405 dioec.
1893 3346 2031 3405 386.

628 3456 948 3515 ‘Wamele
990 3452 1244 3515 ecclesia
1283 3453 1491 3514 Colon.
1531 3453 1720 3515 dioec.
1765 3455 1900 3514 780.

630 3565 990 3625 ‘Warmelo
1031 3584 1089 3623 v.
1132 3563 1499 3623 'wilhelmus
1541 3562 1636 3623 de.

632 3671 1057 3745 'Warmonde
1098 3671 1356 3732 ecclesia
1401 3672 1573 3731 1736.

629 3781 1072 3842 Warnsveld
1112 3780 1595 3857 (Warensvelde)
1637 3779 1893 3840 ecclesia
1922 3780 2068 3856 277,

714 3890 885 3948 1402.

629 3997 1076 4074 ‘Wartbergh
1116 4015 1179 4057 v.
1222 3996 1530 4057 Johannes
1571 3996 1664 4056 de.

637 4105 1081 4166 Wassenaar
1121 4123 1178 4164 v.
1225 4104 1631 4165 Theodericus
1672 4105 1766 4164 (10.

632 4213 1108 4294 Wateringhe
1149 4234 1208 4274 v.
1248 4213 1581 4292 Margarita
1621 4213 1713 4274 de.

634 4326 880 4387 ‘Wates
920 4344 978 4385 v.
1022 4323 1345 4401 Philippus
1387 4323 1479 4382 de.

635 4434 856 4495 ‘Wede
916 4432 1193 4510 (Weede)
1250 4452 1308 4491 v.
1365 4430 1753 4491 Everhardus
1809 4429 1911 4507 de,
1968 4428 2076 4489 ,10-

712 4544 896 4607 cobus
937 4542 1029 4602 de.

636 4650 1011 4711 'Weerselo
1038 4650 1325 4726 (Werslo)
1354 4650 1538 4724 2274,
1569 4649 1755 4724 2276;
1781 4649 2078 4707 monaste·

716 4760 876 4819 rium
915 4759 1046 4819 ord.
1089 4757 1149 4818 S.
1191 4755 1504 4817 Benedicti
1548 4758 1722 4816 1083.

644 4867 904 4946 Weesp
948 4867 1203 4927 00010010
1244 4865 1417 4926 1259.

641 4975 919 5054 Wegga
958 4994 1019 5036 v.
1061 4976 1295 5035 Franco
1336 4975 1429 5034 de.

610 5083 825 5143 “Well
840 5088 965 5143 ant
993 5083 1097 5161 (W
1098 5084 1240 5158 elle)
1262 5084 1326 5141 in
1358 5082 1559 5142 insula
1581 5082 1912 5142 Schouwen
1936 5081 2079 5157 1583

721 5192 977 5252 ecclesia
1024 5194 1205 5269 1187,
1249 5194 1407 5268 (32);
1463 5211 1520 5250 v.
1564 5191 1945 5251 Hermannus
1988 5189 2080 5249 de.

637 5299 1001 5361 Welletro
1042 5321 1099 5361 v.
1148 5300 1346 5361 Guido
1386 5301 1482 5360 de.

641 5408 1244 5486 'Wemeldinghen
1312 5409 1568 5469 ecclesia
1639 5408 1824 5485 1264,
1897 5407 2080 5483 1487,

723 5518 906 5593 1590,
954 5519 1124 5576 1734.

638 5624 1243 5702 Wenninghusen
1285 5645 1343 5685 v.
1386 5626 1696 5687 Conradus
1738 5625 1831 5684 de.

2251 736 2669 797 Werdensis
2711 739 3030 817 episcopus
3062 740 3210 816 9373
3255 741 3514 802 ecclesia
3542 741 3661 802 525
3685 783 3703 819 ,

2333 846 2477 923 704,
2519 847 2666 922 864;
2706 847 2892 906 abbas
2933 847 3033 907 94.

2252 952 2675 1013 werdensis
2730 955 2986 1014 ecclesia
3033 955 3239 1017 Colon.
3285 956 3471 1017 dioec.
3519 958 3701 1018 1393.

2252 1061 2715 1123 Werkhoven
2743 1062 3127 1141 (wermuda,
3156 1064 3525 1143 Wercunde)
3552 1068 3667 1127 138
3686 1109 3705 1145 ,

2336 1172 2472 1231 234.

2255 1278 2499 1338 Werst
2539 1299 2599 1339 v.
2641 1279 2974 1340 Rodericus
3018 1280 3111 1341 de.

2254 1386 2787 1448 Wervershoef
2821 1391 2998 1449 2277.

2260 1495 2657 1555 Wesemale
2699 1496 2976 1557 dominus
3018 1497 3092 1557 de
3126 1499 3272 1576 335,
3305 1499 3490 1577 1485,
3522 1500 3700 1561 1826.

2255 1604 2765 1683 Westcapella
2806 1606 3062 1667 ecclesia
3102 1609 3253 1683 (32).

2254 1712 2645 1773 Westende
2687 1734 2745 1774 v.
2789 1713 3099 1775 Johannes
3137 1716 3230 1775 de.

2251 1820 2730 1901 Westerborg
2759 1823 2866 1899 (W
2866 1824 3206 1900 esterbork,
3233 1822 3699 1901 Westerburch,

2332 1929 2760 2009 Wesfierburg)
2803 1951 2862 1990 v.
2906 1931 3200 1992 Joffridus
3242 1931 3349 2009 de,
3388 1931 3698 1993 Johannes

2333 2039 2435 2117 de,
2478 2039 2801 2099 Rainerius
2842 2040 2947 2117 de,
2989 2040 3323 2101 Reinaldus
3364 2040 3454 2101 de.

2250 2147 2743 2209 Westermeer
2785 2149 3040 2208 ecclesia
3085 2151 3257 2210 1697.

2250 2256 2763 2317 Westervoort
2802 2276 2863 2317 v.
2907 2256 3173 2318 Jacobus
3215 2258 3307 2318 de.

2249 2364 2778 2425 westmonster
2820 2366 3075 2425 ecclesia
3117 2366 3177 2426 S.
3218 2367 3402 2427 Pauli
3444 2368 3597 2443 (32).

2248 2473 2593 2534 Westfali
2637 2473 2778 2534 845.

2247 2582 2645 2643 Westfalia
2690 2584 2836 2660 875,
2879 2584 3000 2642 Int.
3042 2583 3175 2659 111,
3219 2582 3341 2661 VI,
3383 2583 3559 2643 XIV.

2249 2691 2677 2752 Westfrisia
2721 2693 2866 2768 571,
2895 2692 3045 2768 588,
3080 2691 3261 2767 1297,
3296 2693 3480 2770 1298,
3515 2694 3698 2770 1313,

2337 2802 2520 2878 1413,
2567 2801 2750 2878 1987,
2792 2801 2977 2876 2185,
3019 2799 3140 2859 Int.
3184 2799 3366 2860 XIX.

2249 2894 2687 2968 Westrenen
2729 2929 2789 2968 v.
2833 2908 3143 2969 ,101100οο0
3185 2908 3281 2969 (10.

2251 3015 2731 3096 Weteringhe
2773 3036 2830 3077 v.
2873 3016 3182 3077 Gerardus
3224 3016 3317 3077 de.

2251 3124 2936 3186 Wevelinckhoven
2978 3145 3035 3186 v.
3079 3123 3425 3185 Florentius
3466 3124 3559 3184 de.

2250 3233 2738 3295 'Wevelswale
2778 3254 2838 3294 v.
2879 3234 3246 3294 Wilhelmus
3288 3232 3383 3293 de.

2250 3342 2524 3420 Weyda
2563 3363 2623 3402 v.
2665 3342 2965 3402 Henricus
3008 3342 3107 3419 de,
3153 3340 3559 3402 Theodericus
3601 3341 3702 3404 de.

2251 3450 2714 3529 Weydaberg
2758 3470 2816 3510 v.
2857 3449 3127 3510 Wiricus
3170 3451 3266 3510 de.

2251 3558 2463 3619 Wied
2504 3580 2560 3619 v.
2608 3557 3014 3620 Theodericus
3055 3559 3150 3618 de.

2252 3666 2855 3744 Wieringerland
2898 3668 3034 3726 588.

2250 3774 2565 3852 Wighen
2608 3773 2863 3834 ecclesia
2903 3773 3111 3834 Colon.
3156 3774 3346 3834 dioec.
3388 3774 3526 3834 852.

2128 3920 2137 3928 -
2251 3882 2803 3961 wigorniensis
2847 3883 3079 3942 electus
3122 3883 3300 3941 2238.

2250 3992 2637 4053 Wikerode
2680 4012 2737 4051 v.
2784 3991 3194 4052 Theodericus
3237 3990 3328 4050 de.

2252 4100 2876 4162 wildeshusensis
2918 4098 3260 4178 Osnabrug.
3303 4098 3489 4158 dioec.
3528 4098 3702 4158 00110-
3802 4156 3805 4159 .

2336 4209 2587 4270 lasticus
2629 4211 2778 4284 273,
2822 4210 2960 4269 274.

2254 4318 2771 4379 Wiltenborch
2841 4315 3280 4394 (Wiltenburg)
3345 4314 3582 4393 capella
3641 4315 3702 4374 b.

2334 4428 2563 4487 Mariae
2604 4427 2793 4503 2239,
2835 4427 2983 4502 (32).

2255 4536 2546 4597 Winkel
2589 4534 2846 4595 00010010
2887 4535 3025 4593 688.

2255 4642 2784 4704 Winkelhusen
2825 4661 2884 4700 v.
2928 4639 3285 4718 Ludolphus
3327 4638 3421 4697 de.

2257 4751 2543 4812 Wische
2571 4751 2847 4811 dominus
2875 4750 2949 4809 de
2972 4750 3119 4825 7513
3148 4767 3206 4808 v.
3231 4745 3577 4807 Bernardus
3609 4745 3706 4805 de.

2258 4860 2587 4922 Wischel
2630 4859 2885 4920 00010010
2925 4858 3134 4919 Gelon.
3171 4856 3359 4916 dioec.
3388 4855 3539 4933 660,
3567 4855 3706 4913 681.

2260 4969 2518 5030 Wissel
2561 4968 2818 5045 (Wesle)
2868 4969 2967 5028 37.

2189 5141 2196 5149 ,
2261 5078 2545 5138 Within
2556 5097 2600 5155 g
2646 5098 2702 5136 v.
2748 5076 3107 5137 Thomasius
3148 5073 3242 5133 de.

2261 5185 2795 5246 Wittewierum
2834 5204 2893 5244 v.
2938 5181 3173 5244 Floridi
3212 5181 3412 5241 Horti.

2260 5292 2707 5354 Wizenende
2748 5311 2808 5352 v.
2852 5290 3143 5350 Saskerus
3183 5288 3275 5349 de.

2262 5401 2613 5463 Woerden
2660 5398 2916 5458 ecclesia
2960 5399 3142 5475 1782,
3189 5396 3373 5474 1806,
3421 5395 3605 5468 1807,
3647 5410 3709 5451 v.

2343 5508 2677 5568 Reinaldus
2721 5506 2813 5565 de.

2262 5614 2980 5679 Wolbrandiskerke
3023 5613 3158 5672 515.
