4450 6684
1944 520 2434 587 Inraonuono.
3604 534 3726 582 xm

672 737 953 824 singulis
1037 735 1359 825 episcopis
1442 736 1806 822 generatim
1890 740 1993 801 est
2069 754 2472 801 concessum.
2508 734 2560 817 l)
2664 733 2927 820 Optime
3005 732 3127 799 hac
3186 732 3357 818 juris
3426 731 3728 799 canonici

678 840 1136 907 immutatione
1195 839 1623 926 intelligitur,
1685 844 1835 926 post
1893 836 2268 906 Johannem
2334 835 2416 903 de
2480 837 2712 923 Syrick
2774 838 2981 921 (num.
3046 838 3205 921 395)
3251 836 3415 901 nulli
3461 835 3726 925 penitus

679 943 960 1011 antistiti
1028 943 1440 1030 Trajectensi
1506 943 1887 1009 facultatem
1954 940 2246 1008 habendi
2316 943 2522 1006 altare
2593 941 2899 1028 portatile
2963 961 3106 1006 esse
3170 946 3505 1027 erogatam
3525 989 3543 1024 ,
3602 939 3731 1004 nisi

678 1048 803 1114 soli
861 1047 1153 1114 Johanni
1216 1046 1297 1112 de
1357 1046 1582 1129 Diest,
1647 1047 1889 1133 quippe
1950 1045 2066 1132 qui
2113 1051 2270 1110 tunc
2316 1044 2609 1111 nondum
2656 1049 2833 1110 esset
2877 1050 3297 1110 consecratus
3344 1044 3727 1132 episcopus,

674 1150 795 1217 sed
842 1155 1075 1238 utpote
1122 1150 1371 1216 electus
1419 1150 1683 1237 speciali
1728 1150 1985 1217 indulto
2032 1151 2263 1235 utique
2311 1148 2637 1235 indigeret
2683 1150 2889 1233 (1111111.
2941 1149 3121 1232 617).
3603 1146 3619 1157 ’

903 1254 1091 1321 Idem
1160 1255 1574 1342 privilegium
1642 1275 2023 1320 concessum
2090 1260 2433 1341 praeterea
2499 1251 2801 1318 novimus
2869 1251 3160 1317 «Iohanni
3231 1250 3446 1316 Oloud
3506 1249 3732 1317 abbati

678 1357 1131 1445 Egmundensi
1200 1360 1406 1442 (num.
1483 1358 1718 1442 1414),
1786 1357 1831 1423 J
1835 1357 2077 1422 ohanni
2147 1356 2230 1422 de
2297 1357 2584 1423 Pistorio
2655 1355 2903 1421 decano
2968 1356 3033 1422 8.
3103 1356 3460 1422 Salvatoris
3522 1356 3730 1437 (num.

690 1462 922 1545 1152),
998 1460 1291 1527 Suedero
1359 1461 1590 1527 Uterlo
1662 1461 2034 1548 praeposito
2095 1460 2505 1547 Trajectensi
2564 1461 2770 1545 (num.
2842 1461 3063 1544 1889).
3158 1459 3290 1526 Sed
3346 1460 3731 1547 plerumque

682 1566 852 1631 hanc
920 1565 1301 1632 facultatem
1361 1565 1656 1654 personis
1716 1566 1900 1630 laicis
1948 1564 2168 1630 datam
2214 1565 2615 1651 reperimus,
2661 1564 2874 1650 iisque
2920 1563 3299 1650 proceribus
3345 1563 3451 1628 vel
3498 1563 3731 1628 saltem

677 1668 768 1734 de
837 1670 1044 1735 nobili
1112 1670 1415 1758 prosapia
1476 1669 1787 1735 oriundis.
1882 1670 2041 1735 Tale
2105 1669 2520 1756 privilegium
2583 1666 2807 1755 adepti
2871 1673 3004 1732 tam
3065 1668 3403 1755 capellano
3453 1688 3572 1732 suo
3620 1665 3736 1731 do·

687 1774 959 1838 mestico
1020 1794 1216 1860 quam
1277 1773 1390 1839 alii
1452 1774 1837 1859 cuicumque
1900 1772 2285 1860 presbytero
2331 1773 2756 1840 ,committere
2803 1777 3110 1858 poterant
3158 1772 3279 1837 viri
3326 1770 3613 1855 nobiles,
3660 1775 3738 1835 ut

686 1876 755 1942 in
817 1876 1009 1942 altari
1071 1878 1363 1965 portatili
1428 1878 1495 1943 S.
1558 1876 1798 1942 Missae
1860 1876 2263 1942 Sacrificium
2326 1876 2606 1941 ubilibet
2667 1875 2883 1941 offerri
2928 1877 3176 1942 liceret.
3270 1877 3503 1962 Neque
3550 1875 3738 1962 parvi

688 1980 1060 2047 faciendum
1132 1988 1288 2047 tunc
1359 1986 1503 2047 erat
1567 1980 1945 2066 hujusmodi
2012 1979 2380 2062 indultum,
2452 1979 2692 2066 quippe
2762 1978 2935 2066 quod
2995 2000 3193 2067 saepe
3250 2002 3290 2045 a
3335 1979 3738 2067 principibus

688 2085 931 2150 nostris
990 2090 1059 2151 et
1117 2087 1399 2174 petitum
1447 2090 1518 2151 et
1561 2090 1899 2172 receptum
1944 2084 2145 2150 fuisse
2193 2084 2603 2149 noverimus:
2653 2083 2750 2148 uti
2797 2105 2837 2148 a
2881 2084 3229 2149 comitibus
3277 2090 3346 2149 et
3393 2083 3740 2148 comitissis

688 2192 827 2252 tum
891 2188 1187 2273 Gelriae,
1249 2190 1499 2255 scilicet
1560 2211 1601 2254 a
1663 2189 2010 2275 Reynaldo
2072 2188 2143 2271 Ι,
2205 2187 2553 2274 Reynaldo
2617 2187 2688 2252 H
2734 2193 2933 2275 atque
2983 2188 3231 2275 Sophia
3274 2208 3520 2271 uxore,
3567 2187 3740 2252 Mar-

680 2297 918 2378 gareta
983 2313 1240 2378 sorore,
1310 2293 1639 2359 Eleonora
1706 2292 2001 2376 ducissa,
2070 2289 2381 2357 Eduardo
2446 2290 2614 2356 duce
2677 2291 2712 2356 I
2772 2293 3046 2374 (numm.
3110 2295 3278 2374 411,
3345 2294 3506 2375 761,
3571 2292 3738 2374 766,

698 2398 905 2479 1482,
976 2398 1149 2463 1794
1167 2399 1215 2482 ,)
1276 2418 1423 2463 cum
1488 2396 1886 2463 Hollandiae
1948 2417 2240 2484 quoque,
2306 2395 2558 2460 scilicet
2617 2415 2656 2459 a
2709 2394 3019 2460 Johanna
3065 2395 3148 2461 de
3194 2397 3523 2478 Vallesio,
3571 2394 3741 2459 Wil-

689 2498 909 2564 helmo
977 2500 1119 2585 III,
1188 2501 1563 2588 Margareta
1630 2507 1698 2567 et
1757 2500 2041 2566 Isabella
2109 2502 2252 2585 ejus
2320 2499 2615 2583 filiabus,
2687 2498 2991 2565 Guidone
3062 2500 3145 2566 de
3214 2499 3562 2582 Flandria,
3626 2498 3742 2564 Jo-

688 2602 913 2668 hanna
983 2602 1065 2670 de
1127 2605 1489 2670 Brabantia
1531 2604 1876 2671 Wilhelmi
1921 2605 2019 2671 IV
2068 2604 2324 2669 comitis
2369 2623 2614 2689 uxore,
2661 2602 3020 2668 Wilhelmo
3069 2605 3305 2669 comite
3354 2604 3415 2669 V
3464 2606 3738 2687 (numm.

694 2707 863 2790 543,
936 2709 1102 2791 921,
1174 2711 1340 2794 922,
1413 2711 1582 2793 981,
1652 2711 1859 2791 1337,
1931 2710 2141 2792 1497,
2203 2710 2365 2791 498,
2431 2709 2591 2790 981,
2661 2709 2881 2792 1985).
2973 2708 3160 2775 Inter
3222 2710 3397 2774 viros
3451 2707 3742 2789 nobiles,

692 2810 809 2897 qui
873 2811 999 2876 hoc
1067 2813 1479 2899 privilegium
1541 2812 1765 2901 adepti
1827 2814 2170 2899 leguntur,
2236 2812 2484 2897 primus
2531 2813 2812 2876 occurrit
2857 2811 3194 2878 Arnoldus
3241 2812 3323 2877 de
3371 2810 3743 2878 Ysselstein

688 2934 801 2979 an.
870 2916 1039 2980 1348
1103 2918 1309 3000 (num.
1379 2918 1597 3001 1250).
1692 2916 1951 2982 Deinde
2013 2916 2379 3002 complures
2441 2915 2644 2980 nobili
2711 2936 2952 3001 genere
3011 2916 3185 3003 apud
3242 2938 3363 2982 nos
3409 2912 3742 3001 conspicui

698 3016 929 3082 eodem
1003 3019 1223 3085 favore
1296 3021 1503 3107 gavisi
1571 3027 1726 3087 sunt
1756 3023 1847 3105 2);
1925 3040 2398 3105 nonnunquam
2471 3025 2693 3084 tamen
2761 3040 2910 3084 cum
2980 3020 3260 3107 quadam
3329 3019 3742 3087 restrictione

692 3119 955 3205 addita,
1018 3124 1187 3189 sicut
1249 3124 1580 3192 Suederus
1641 3126 1724 3192 de
1786 3122 2142 3206 Abcoude,
2207 3110 2592 3209 Reynaldus
2657 3121 2739 3188 de
2803 3121 3217 3209 Brederode‚
3266 3123 3613 3211 Philippus
3662 3120 3744 3187 de

698 3226 1024 3312 Polanen,
1067 3229 1180 3315 qui
1218 3230 1480 3294 nonnisi
1519 3230 1601 3295 ad
1641 3230 2033 3301 decennium
2075 3227 2300 3293 altaris
2331 3226 2656 3314 portatilis
2689 3226 3019 3293 indultum
3053 3228 3416 3294 obtinuisse
3446 3228 3747 3293 feruntur

700 3333 971 3415 (numm.
1033 3335 1246 3418 2066,
1311 3335 1519 3418 2067,
1580 3336 1805 3419 2137).
1898 3333 2311 3400 Procedente
2360 3337 2579 3397 autem
2627 3337 2924 3418 tempore
2970 3333 3146 3420 rigor
3194 3333 3575 3421 disciplinae
3622 3332 3746 3397 hac

699 3435 767 3500 in
829 3458 900 3503 re
961 3439 1375 3525 aliquatenus
1437 3440 1668 3505 saltem
1716 3440 2050 3505 relaxatus
2099 3457 2244 3503 esse
2291 3435 2572 3502 videtur.
2667 3436 2930 3502 Etenim
2979 3459 3083 3503 an.
3139 3440 3309 3503 1406
3358 3437 3747 3504 Fredericus

692 3538 783 3606 de
845 3541 1326 3609 Blankenheim
1388 3544 1730 3631 episcopus
1793 3549 2017 3609 noster
2075 3540 2458 3607 facultatem
2515 3540 2739 3605 altaris
2795 3542 3120 3626 portatilis
3167 3543 3411 3607 nedum
3459 3542 3583 3607 sibi
3631 3542 3750 3605 im·

702 3651 954 3731 petrat,
1024 3649 1164 3733 ipse
1231 3649 1371 3714 viro
1442 3649 1646 3714 nobili
1718 3646 2019 3714 concedit
2074 3647 2280 3733 (App.
2328 3645 2617 3728 XVIII).
2709 3644 2816 3710 Ex
2864 3666 2993 3732 quo
3042 3648 3365 3733 conjicere
3413 3646 3663 3728 audeo,
3712 3667 3752 3711 a

704 3748 971 3816 Summo
1048 3753 1371 3818 Pontifice
1450 3752 1819 3839 delegatam
1898 3758 2055 3817 tunc
2131 3751 2333 3817 fuisse
2402 3751 2818 3834 facultatem,
2888 3751 3265 3837 hujusmodi
3336 3752 3750 3841 privilegium

694 3855 933 3922 saltem
982 3855 1066 3921 ad
1113 3878 1358 3923 annum
1405 3857 1548 3923 aliis
1594 3856 1928 3943 erogandi.

927 3960 999 4026 O.
1092 3960 1420 4027 Bonorum
1486 3963 2037 4027 ecclesiasticorum
2105 3961 2546 4025 alienationem
2613 3958 3068 4041 (immobilium
3140 3961 3389 4025 scilicet
3457 3960 3748 4046 itemque
3801 3984 3939 4034 Bona
3970 3983 4118 4034 00010-

706 4063 1136 4149 pretiosorum
1183 4065 1553 4148 mobilium,
1608 4086 1814 4152 „quae
1864 4064 2183 4130 servando
2233 4063 2477 4129 servari
2517 4083 2649 4127 non
2690 4062 3037 4148 possunt”)
3084 4065 3482 4149 gravissimis
3520 4065 3751 4151 poenis
3786 4052 4004 4132 sintice»,
4040 4051 4137 4101 “³⁸5

3769 4126 3970 4171 servatis
3991 4118 4156 4170 condi-

704 4166 1008 4233 inhibent
1078 4175 1147 4234 et
1212 4170 1462 4234 irritam
1532 4169 1870 4235 declarant
1937 4168 2194 4253 antiqui
2256 4166 2588 4249 canones,
2614 4166 2669 4251 3)
2732 4167 2858 4232 nisi
2918 4167 3087 4233 forte
3148 4166 3562 4233 intercedant
3610 4174 3749 4232 tum
3773 4188 4013 4247 tionibus,
4048 4202 4149 4236 non

708 4269 1039 4339 Ecclesiae
1117 4274 1366 4338 utilitas
1446 4274 1550 4338 vel
1622 4272 1978 4338 necessitas
2046 4292 2196 4336 cum
2267 4272 2645 4336 solemnitas
2716 4292 2755 4336 a
2816 4272 2968 4357 jure
3037 4272 3458 4359 praescripta.
3566 4269 3751 4347 Quae

698 4373 972 4459 -quidem
1041 4378 1419 4442 solemnitas
1488 4382 1565 4441 ut
1632 4398 1860 4442 revera
1928 4375 2158 4442 adesse
2228 4383 2644 4453 censeretur,
2711 4376 3033 4463 episcopis
3096 4382 3164 4442 et
3225 4376 3536 4464 praelatis
3602 4381 3757 4442 ante

704 4478 1072 4545 Concilium
1151 4480 1599 4566 Lugdunense
1669 4481 1739 4546 II
1818 4482 1976 4546 satis
2054 4480 2485 4567 probabiliter
2554 4485 2696 4545 erat
2766 4481 2869 4544 sui
2937 4481 3207 4567 capituli
3275 4501 3669 4564 consensus,
3701 4480 3758 4562 4)

711 4590 943 4671 postea
976 4606 1131 4650 vero
1171 4584 1625 4671 requirebatur
1662 4585 1862 4650 etiam
1900 4584 2323 4671 Apostolicae
2368 4582 2559 4649 Sedis
2593 4584 2862 4648 licentia
2899 4585 3220 4671 specialis.
3249 4585 3303 4667 ⁵)
3359 4583 3758 4669 Hujusmodi

713 4688 978 4754 licentia
1038 4690 1149 4776 qui
1213 4690 1312 4754 usi
1352 4695 1531 4753 ¹sunt
1577 4689 1645 4753 in
1692 4689 1984 4754 Bullario
2032 4694 2258 4754 nostro
2307 4692 2690 4753 occurrunt:
2741 4708 2848 4752 an.
2903 4691 3072 4753 1286
3121 4690 3297 4776 prior
3343 4688 3759 4776 provincialis

714 4791 1248 4858 Praedicatorum
1317 4791 1398 4858 ad
1471 4790 1816 4859 emendam
1886 4791 2153 4858 domum
2224 4791 2472 4857 ordinis
2533 4792 2596 4857 b.
2653 4791 2903 4857 Mariae
2952 4791 3033 4857 de
3079 4792 3451 4876 Zierikzee,
3515 4794 3759 4880 quippe

702 4917 911 4983 quem
978 4896 1341 4963 Concilium
1413 4918 1611 4984 supra
1674 4894 2015 4962 laudatum
2077 4917 2224 4962 cum
2286 4896 2619 4961 nonnullis
2666 4896 2809 4960 aliis
2853 4895 3375 4962 Mendicantium
3424 4896 3760 4962 ordinibus

884 5249 941 5313 1)
977 5248 1119 5300 Sext.
1153 5250 1348 5300 decret.
1380 5247 1495 5298 Lib.
1529 5246 1590 5297 V.
1625 5246 1725 5297 Tit.
1763 5244 1880 5299 vll.
1913 5262 2026 5311 cap.
2064 5246 2140 5298 12,

885 5330 942 5395 2)
977 5330 1082 5382 Cfr.
1118 5329 1354 5380 Iudicem
1389 5342 1568 5378 rerum
1606 5329 1642 5377 i.
1676 5342 1721 5378 v.
1756 5329 1926 5378 altare
1959 5327 2220 5391 portatile.

887 5411 944 5475 3)
978 5412 1130 5465 Decr.
1175 5410 1321 5460 Grat.
1357 5408 1509 5459 Caus.
1546 5407 1674 5473 ΧΠ,
1725 5423 1818 5473 qu.
1852 5408 1921 5459 11.
1956 5408 2084 5459 Can.
2118 5407 2210 5471 13,
2246 5408 2336 5470 15,
2373 5407 2464 5472 2⁴2,
2504 5406 2586 5471 51,
2629 5407 2719 5472 70;
2773 5408 2978 5459 Dect-et.
3015 5409 3166 5475 Greg.
3201 5406 3314 5459 Lib.
3349 5407 3446 5458 111.
3480 5407 3583 5458 Tit.
3619 5407 3765 5460 xm.

706 5508 872 5558 -capp.
905 5493 963 5557 5,
998 5491 1054 5555 8,
1090 5490 1184 5554 1o;
1219 5491 1313 5541 cfr.
1351 5489 1406 5541 F.
1440 5489 1496 5539 P.
1534 5503 1637 5539 van
1672 5490 1737 5540 de
1776 5489 1947 5556 Burgt
1978 5490 2057 5539 De
2092 5490 2309 5540 οσσῑεείίι
2343 5488 2556 5553 (Ultraj.
2590 5487 2745 5554 1874)
2781 5503 2829 5553 p.
2864 5488 2977 5542 293.

890 5574 947 5637 4)
982 5573 1184 5624 Ibidem
1217 5572 1320 5623 Tit.
1353 5569 1401 5621 X
1437 5585 1587 5635 capp.
1619 5569 1754 5621 1-3
1786 5575 1948 5635 atque
1980 5585 2153 5621 canon
2188 5570 2436 5621 laudatus
2470 5569 2550 5621 51.

890 5655 948 5721 5)
983 5652 1131 5706 Sexti
1165 5653 1356 5704 decret.
1390 5652 1505 5703 Lib.
1540 5651 1635 5702 111.
1669 5650 1773 5703 Tit.
1807 5650 1881 5702 11
1915 5665 2031 5716 cap.
2065 5650 2114 5702 2.

3819 4254 4094 4306 alienanda.
