4450 6684
933 517 1066 580 230
2188 516 2591 582 Gnneomus
2635 515 2756 580 XI.

928 731 1112 801 2111.
1870 736 2077 818 1372,
2126 734 2494 800 Novembris
2538 734 2658 818 19,
2715 736 3069 799 Avenionis.

1253 886 1567 972 Maqistro
1614 886 1900 951 Swedero
1961 886 2239 972 Uterloe,
2281 891 2646 973 praeposito
2682 890 2968 953 ecclesiae
3017 888 3229 970 Traj.,
3268 889 3598 973 capellano
3625 886 3989 972 pontificio,

1156 994 1515 1057 conceditur
1565 994 1815 1058 licentia
1859 992 1936 1057 de
1982 993 2155 1058 bonis
2199 997 2334 1057 suis
2385 994 2571 1059 libere
2619 996 2909 1059 testandi.

1159 1180 1329 1255 Quia
1373 1181 1697 1266 presentis
1743 1181 1897 1246 vite.
1926 1230 1941 1245 .
1972 1228 1988 1245 .
2017 1228 2033 1244 .
2085 1181 2236 1245 Dat.
2272 1180 2631 1263 Avinione,
2671 1179 2844 1245 XIII
2874 1177 2984 1243 Kl.
3025 1178 3439 1261 Decembris,
3471 1199 3643 1243 anuo
3675 1178 3984 1244 secundo.

1350 1314 1476 1376 neq.
1512 1316 1611 1363 Aa.
1655 1316 1706 1362 T.
1744 1312 1833 1375 13,
1861 1315 1923 1377 s.
1955 1313 2068 1362 568.

927 1800 1111 1867 2112.
1855 1803 2064 1882 1372,
2114 1798 2484 1863 Novembris
2531 1800 2654 1880 24,
2705 1800 3066 1862 Avenionis.

1243 1954 1541 2019 Omnibus
1604 1976 1742 2018 vere
1777 1953 2242 2038 poenitentibus
2290 1960 2347 2017 et
2393 1952 2691 2033 confessis
2710 2001 2726 2032 ,
2789 1952 2903 2035 qui
2946 1950 3034 2013 ad
3080 1951 3546 2036 reparationem
3593 1952 3877 2015 ecclesiae
3925 1951 3991 2014 S.

1151 2059 1430 2125 Martini
1490 2060 1911 2124 Embricensis
1972 2060 2370 2142 adjuverint,
2429 2078 2595 2122 unus
2642 2078 2849 2121 annus
2895 2065 2954 2120 et
2999 2058 3089 2121 40
3135 2058 3267 2121 dies
3312 2056 3390 2121 de
3435 2058 3737 2139 injunctis
3772 2059 3991 2141 poeni-

1152 2169 1360 2231 tentiis
1403 2168 1805 2232 relascantur.

1145 2348 1484 2414 Universis
1535 2348 1777 2414 Christi
1823 2346 2128 2412 fidelibus
2175 2351 2515 2433 presentes
2562 2346 2817 2410 litteras
2862 2345 3256 2432 inspecturis
3303 2345 3584 2413 salutem
3629 2356 3738 2412 etc.

1148 2455 1342 2519 Pium
1404 2454 1578 2541 apud
1643 2454 1877 2519 Deum.
1907 2499 1923 2515 .
1952 2501 1966 2516 .
1996 2499 2012 2518 .
2085 2451 2381 2517 Ecclesia
2442 2451 2651 2516 sancti
2713 2450 2983 2516 Martini
3045 2451 3487 2518 Embricensis
3542 2453 3984 2537 Trajectensis

924 2561 1229 2644 diocesis,
1279 2582 1406 2647 que
1455 2562 1615 2625 alias
1653 2582 1771 2647 per
1814 2558 2192 2625 incendium
2226 2558 2563 2623 destructa
2594 2557 2850 2640 extitit,
2897 2564 3169 2644 propter
3203 2558 3671 2625 inundationes
3703 2560 3986 2626 fluminis

922 2669 1098 2734 Reni
1144 2667 1645 2733 fundamentum
1693 2673 1761 2732 et
1807 2666 1935 2732 alia
1982 2665 2242 2731 edificia
2288 2665 2493 2753 ipsius
2541 2664 2814 2730 ecclesie
2864 2666 3414 2752 quamplurimum
3458 2668 3591 2732 sint
3630 2688 3891 2735 corrasa
3922 2675 3988 2734 et

923 2775 1007 2839 ob
1069 2775 1195 2840 hoc
1243 2774 1516 2839 ecclesia
1560 2774 1703 2859 ipsa
1750 2793 1988 2857 magna
2035 2772 2323 2836 minetur
2369 2772 2596 2854 ruina,
2653 2768 2736 2835 ad
2785 2771 2973 2856 cujus
3021 2774 3501 2858 reparationem
3550 2781 3619 2840 et
3665 2782 3989 2841 sustenta-

923 2882 1169 2947 tionem
1233 2881 1439 2967 ipsius
1502 2879 1775 2945 ecclesie
1840 2898 1974 2943 non
2034 2882 2400 2964 suppetunt
2462 2877 2827 2942 facultates.
2858 2924 2873 2940 .
2903 2924 2919 2940 .
2945 2923 2964 2940 .
3056 2878 3480 2944 Presentibus
3540 2886 3692 2968 post
3753 2882 3984 2968 viginti

925 3007 1133 3053 annos
1179 2986 1446 3051 minime
1494 2985 1812 3051 valituris.
1840 3032 1857 3049 .
1890 3033 1904 3048 .
1933 3032 1948 3047 .
1997 2984 2151 3050 Dat.
2200 2983 2561 3067 Avinione,
2608 2983 2780 3048 VIII
2825 2981 2937 3048 Kl.
2988 2983 3401 3068 Decembris,
3451 3007 3624 3052 anno
3672 2987 3981 3053 secundo.

1346 3121 1470 3183 περ.
1504 3121 1604 3169 Aa.
1647 3121 1702 3169 T.
1735 3117 1827 3183 13,
1854 3120 1917 3182 s.
1950 3117 2092 3169 457v.

2158 3384 2478 3392 ————————-—-
2687 3384 2742 3389 .-

927 3589 1113 3657 2113.
1852 3592 2068 3674 1372,
2118 3590 2488 3654 Novembris
2533 3592 2654 3672 24,
2700 3592 3065 3656 Avenionis.

1244 3742 1531 3826 Officiali
1585 3742 1765 3824 Traj.
1816 3743 2200 3826 mandatur,
2264 3750 2337 3806 ut
2386 3742 2748 3807 Conradum
2797 3744 2873 3808 de
2917 3743 3215 3810 Embrica
3262 3754 3558 3811 rectorem
3590 3745 3992 3830 parochialis

1147 3850 1431 3913 ecclesiae
1475 3849 1550 3912 de
1598 3849 1941 3912 Netterden
1997 3848 2177 3932 Traj.
2227 3849 2446 3932 dioec„
2496 3849 2572 3912 de
2617 3851 2891 3913 militari
2934 3872 3156 3936 yenere
3185 3859 3622 3936 procreatum,
3672 3854 3776 3915 cui
3805 3851 3987 3915 Pele-

1141 3958 1370 4041 9rinus
1415 3955 1686 4018 decanus
1733 3962 1791 4017 et
1836 3955 2191 4038 capitulum
2239 3956 2522 4019 ecclesiae
2553 3954 2976 4019 Embricensis
3018 3961 3450 4021 canonicatum
3483 3965 3541 4022 et
3558 3956 3988 4041 praebendam

1146 4064 1215 4126 in
1278 4061 1489 4125 eadem
1549 4062 1801 4124 ecclesia
1838 4081 1961 4145 per
2007 4060 2244 4124 obitum
2289 4061 2517 4125 Leonii
2561 4061 2636 4124 cle
2687 4061 3172 4147 Genderinqhen
3219 4071 3508 4127 vacantes
3553 4062 3987 4144 contulerant,

1144 4169 1215 4231 in
1275 4167 1459 4230 dictis
1521 4165 1826 4247 beneficiis
1887 4166 2249 4247 confirmet,·
2313 4186 2474 4251 quae
2539 4174 2744 4230 tamen
2804 4187 2944 4231 cum
3005 4168 3166 4232 idem
3237 4168 3567 4233 Conradus
3623 4167 3991 4250 obtinuerit,

1146 4275 1451 4337 vicariam
1498 4271 1564 4335 S.
1613 4271 1933 4336 Johannis
1978 4274 2047 4336 in
2082 4273 2397 4358 praefata
2442 4274 2696 4338 ecclesia
2741 4273 3134 4338 Embricensi
3177 4274 3475 4340 dimittat.

1148 4454 1439 4539 Dignum
1487 4452 1901 4518 arbitramur.
1929 4500 1946 4517 .
1975 4500 1990 4517 .
2021 4501 2035 4516 .
2085 4453 2239 4518 Dat.
2284 4453 2644 4536 Avinione,
2678 4453 2850 4518 VIII
2879 4454 2991 4520 Kl.
3026 4454 3441 4538 Decembris,
3473 4474 3645 4519 anno
3677 4452 3986 4519 secundo.

1340 4589 1467 4650 Περ.
1502 4588 1600 4636 Αυ.
1644 4589 1699 4637 Τ.
1733 4586 1823 4650 13,
1850 4589 1910 4651 f.
1946 4586 2086 4637 4990.

921 5057 1107 5124 2114.
1873 5056 2092 5138 1372,
2146 5055 2498 5120 Decembris
2545 5059 2617 5140 7,
2667 5057 3034 5121 Avenionis.

1236 5211 1349 5276 Ad
1392 5212 1767 5275 instantiam
1811 5209 2133 5275 Johannis
2176 5210 2419 5275 abbatis
2448 5213 2818 5276 monasterii
2847 5212 2915 5277 S.
2949 5211 3233 5276 Bavonis
3269 5211 3624 5276 Gandensis
3654 5213 3988 5293 statuitur,

1148 5318 1318 5405 quod
1364 5324 1672 5403 quattuor
1704 5320 2031 5402 portiones
2070 5317 2473 5403 parochialis
2519 5318 2804 5382 ecclesiae
2851 5319 2919 5382 S.
2967 5318 3308 5381 Michaelis
3359 5317 3713 5382 Gandensis
3751 5337 3990 5382 necnon

1146 5428 1433 5492 ecclesiae
1482 5425 1891 5510 parochiales
1936 5424 2005 5489 S.
2059 5424 2415 5489 Christiani
2463 5425 2854 5508 Gandensis,
2921 5428 2976 5490 b.
3025 5425 3281 5489 Mariae
3326 5432 3385 5489 et
3432 5424 3500 5488 S.
3547 5423 3871 5490 Johannis
3916 5423 3989 5488 de

1147 5534 1434 5616 Sluissa,
1499 5532 1554 5597 b.
1618 5532 1874 5596 Mariae
1937 5538 1996 5597 et
2058 5530 2125 5595 S.
2197 5531 2457 5596 Nicolai
2500 5532 2576 5596 de
2620 5531 2928 5596 Biervliet
2968 5553 3086 5616 per
3133 5537 3553 5617 exspectantes
3597 5533 3810 5616 viqore
3859 5532 3989 5595 lite-

1146 5663 1373 5705 rarum
1422 5639 1915 5725 apostolicarum
1964 5641 2031 5702 in
2075 5640 2294 5722 forma
2327 5659 2692 5724 pauperum
2740 5638 3146 5703 redactorum
3195 5640 3512 5724 acceptari
3556 5657 3682 5702 non
3717 5639 3985 5703 valeant.
