4450 6684
1616 517 1963 584 Annum
2006 535 2089 583 nr
2135 516 2610 586 Connrennm.
3517 526 3650 591 305

584 739 787 810 2280.
839 736 1093 820 (zum)
1558 743 1731 805 1261
1754 789 1773 824 ,
1818 739 2136 805 Januarii
2178 743 2264 805 11
2288 789 2307 824 ‚
2353 740 2688 808 Laterani.

900 892 1262 978 (Waltero)
1322 893 1604 979 episcopo
1674 891 2060 958 Tornacensi
2118 892 2524 976 declaratur,
2589 892 2831 959 bullam
2889 914 3091 979 supra
3153 895 3483 962 laudatam
3527 918 3657 963 esse

806 1002 1125 1087 spuriam,
1165 998 1481 1085 eidemque
1509 998 1876 1083 mandatur,
1907 1006 1982 1063 ut
2013 997 2205 1084 hujus
2231 997 2688 1081 fabricatorem
2719 1001 2976 1087 ejusque
3006 1002 3328 1088 complices
3358 1005 3651 1069 canonice

799 1108 1058 1193 puniat.

805 1287 1190 1354 Alexander
1251 1288 1630 1375 episcopus,
1692 1306 1918 1352 servus
1981 1306 2319 1353 servornm
2376 1286 2535 1372 Dei,
2591 1287 2954 1353 venerabili
2999 1288 3185 1353 fratri
3233 1337 3249 1353 .
3276 1337 3293 1352 .
3343 1289 3650 1378 episcopo

582 1394 983 1460 Tornacensi
1028 1394 1306 1459 salutem
1353 1399 1422 1459 et
1466 1393 1890 1480 apostolicam
1936 1392 2494 1459 benedictionem.

804 1499 1114 1587 Inspecto
1160 1500 1552 1587 transcripto
1597 1499 1998 1583 litterarum,
2046 1520 2210 1585 quas
2260 1500 2382 1564 sub
2429 1500 2695 1566 nomine
2745 1506 2969 1566 nostro
3018 1501 3349 1567 confectas
3399 1501 3433 1586 ΙΙ
3484 1502 3650 1568 Ges-

584 1608 811 1672 suinus
867 1606 950 1672 de
994 1606 1168 1694 Erpe
1214 1606 1419 1671 laicus
1466 1606 1952 1672 Cameracensis
1999 1604 2278 1672 diocesis
2325 1612 2556 1672 contra
2603 1654 2619 1670 .
2647 1654 2663 1672 .
2711 1608 3086 1695 priorissam
3134 1614 3203 1674 et
3247 1614 3646 1675 conventum

582 1713 666 1779 de
728 1712 1031 1799 Bigardis
1092 1713 1336 1780 ordinis
1397 1714 1608 1779 sancti
1666 1712 2012 1780 Benedicti
2078 1734 2278 1801 supra
2337 1712 2620 1799 quadam
2682 1712 2936 1779 decima
2989 1712 3074 1779 ad
3121 1761 3138 1778 .
3166 1761 3182 1779 .
3232 1715 3647 1781 scolasticum

583 1819 895 1900 ecllclesie
957 1822 1166 1887 sancti
1224 1820 1409 1886 Petri
1468 1819 1909 1906 Trajectensis
1957 1820 2198 1886 dicitur
2242 1826 2647 1908 reportasse,
2695 1821 2751 1886 si
2796 1821 3017 1887 littere
3063 1822 3205 1908 ipse
3251 1823 3645 1910 transcripto

580 1928 981 1994 concordant
1026 1927 1272 2011 eidem,
1319 1947 1430 1993 eas
1468 1932 1727 1993 constat
1760 1927 2014 2014 liquido
2048 1947 2192 1993 esse
2224 1927 2441 1993 falsas.
2512 1928 3006 2016 Transcriptum
3038 1948 3316 2015 quorum
3349 1929 3482 1995 tale
3514 1935 3647 1995 est:

802 2033 1187 2100 Alexander
1231 2033 1575 2123 episcopus
1620 2035 1761 2118 (etc.
1809 2042 1884 2099 ut
1926 2036 2182 2120 supra).
2216 2081 2234 2098 .
2261 2081 2278 2098 .
2305 2082 2323 2099 .

804 2141 908 2208 Ne
952 2142 1153 2228 igitur
1195 2141 1603 2208 falsariorum
1650 2143 1841 2230 culpa
1886 2146 2226 2208 remaneat
2270 2141 2623 2229 impunita,
2664 2142 3060 2208 fraternitati
3095 2148 3208 2209 tue
3237 2164 3357 2231 per
3387 2149 3646 2230 aposto·

575 2248 703 2315 lica
762 2249 1005 2335 scripta
1060 2247 1444 2315 mandamus
1461 2298 1479 2332 ,
1536 2250 1844 2337 quatinus
1888 2249 2144 2315 litteras
2192 2249 2369 2335 ipsas
2416 2248 2539 2315 tibi
2582 2249 2828 2315 faciens
2875 2248 3178 2315 exhiberi
3197 2299 3214 2334 ‚
3262 2249 3641 2316 detentores

577 2354 660 2421 ad
723 2355 1199 2422 exhibitionem
1260 2376 1485 2422 earum
1503 2404 1521 2440 ,
1579 2356 1634 2421 si
1679 2375 1949 2422 necesse
1994 2354 2227 2439 fuerit,
2274 2376 2395 2442 per
2440 2376 2780 2421 censuram
2828 2355 3335 2422 ecclesiasticam
3354 2405 3372 2439 ,
3422 2355 3647 2443 appel-

573 2461 820 2527 latione
878 2462 1276 2550 postposita,
1340 2461 1790 2550 compellendo
1808 2510 1826 2545 ‚
1889 2462 1945 2526 si
2000 2483 2111 2529 eas
2156 2462 2325 2528 tales
2369 2461 2732 2547 inveneris,
2781 2463 2977 2549 quale
3025 2468 3127 2529 est
3172 2462 3637 2551 transcriptum

571 2567 969 2656 predictum,
1017 2568 1283 2635 easdem
1326 2570 1592 2634 nunties
1639 2589 1783 2634 esse
1828 2568 2025 2634 falsas
2072 2574 2141 2635 et
2170 2589 2439 2635 revoces
2469 2569 2540 2634 in
2569 2569 2828 2634 irritum
2866 2568 3214 2658 quicuquid
3246 2575 3350 2634 est
3378 2569 3638 2634 illarum

573 2675 912 2741 occasione
975 2680 1424 2763 presumptum
1443 2722 1461 2758 ,
1521 2675 1976 2741 fabricatorem
2038 2677 2261 2740 autem
2324 2694 2549 2740 earum
2612 2680 2682 2740 et
2727 2675 3094 2760 quoslibet,
3144 2695 3306 2762 quos
3354 2675 3638 2740 scienter

576 2781 707 2847 illis
754 2802 906 2847 usos
952 2802 1096 2848 esse
1141 2783 1542 2866 constiterit,
1581 2783 1783 2868 juxta
1827 2780 2368 2846 constitutionem
2414 2786 2644 2846 contra
2686 2780 2987 2846 falsarios
3034 2778 3278 2846 editam
3331 2782 3365 2861 ΙΙ
3414 2780 3636 2869 appel-

573 2889 821 2955 latione
882 2894 1134 2955 remota
1193 2890 1494 2975 castiges.
1584 2889 1739 2954 Dat.
1802 2886 2155 2970 Laterani,
2217 2885 2326 2952 111
2383 2886 2485 2953 Id.
2548 2886 2846 2953 Januarii
2867 2934 2885 2970 ,
2945 2886 3368 2973 pontificatus
3423 2886 3633 2952 nostri

570 3016 744 3062 anno
791 2995 1090 3082 septimo.

989 3130 1261 3180 Analecta
1294 3130 1330 3181 l.
1363 3146 1402 3181 c.
1415 3167 1430 3189 ‚
1464 3129 1727 3180 secundm
1759 3128 2129 3194 adoyraplmm
2161 3127 2356 3178 ibidem

651 3570 1028 3649 (289-291)
1070 3584 1150 3635 Ad
1183 3585 1317 3636 oba:
1359 3584 1797 3636 nom-aumas
1829 3584 2089 3649 semme
2121 3582 2247 3648 180,
2284 3581 2408 3648 185,
2443 3582 2589 3635 186*.

652 3666 827 3746 (³⁰9)
870 3679 989 3733 Lin.
1021 3680 1054 3731 5
1088 3696 1207 3744 pro:
1243 3681 1417 3746 docet,
1452 3681 1621 3746 legas:
1658 3681 1826 3731 decet.

650 3762 827 3841 (311)
867 3777 945 3827 Λα
980 3777 1113 3828 obs.:
1153 3776 1353 3826 καιτοι·
1389 3775 1633 3838 Rogata·
1664 3776 1724 3827 η·
1756 3775 1866 3827 72⁴¹.

651 3859 1028 3938 (312-313)
1068 3873 1147 3923 Ad
1183 3872 1316 3923 om:
1355 3872 1561 3922 saraa»
1595 3872 1852 3937 παρίω-ω
1885 3869 2157 3922 76*-77*.

647 3954 824 4033 (314)
865 3970 945 4019 Ad
978 3968 1115 4020 obe:
1149 3985 1249 4019 m
1280 3969 1377 4019 aa„
1409 3968 1584 4033 Bou-97·
1615 3967 1850 4032 Βορέω·
1874 3984 1933 4033 p.
1968 3966 2078 4019 62⁴⁸.

648 4051 824 4130 (318)
866 4064 946 4115 Ad
979 4065 1115 4116 obsa
1149 4065 1298 4115 Dicet
1327 4064 1553 4129 Lot-yion
1592 4063 1883 4116 Gesclu’cdk.
1917 4061 2264 4127 Becchiiciny
2297 4062 2389 4113 der
2420 4061 2542 4112 stad
2568 4059 2858 4125 Groninycn
2887 4059 2936 4109 Ι.
2965 4057 3056 4124 65;
3095 4057 3514 4110 Ocrkondenbock
3539 4074 3639 4108 can

557 4147 844 4213 Gronimcn
874 4149 934 4198 κ’
965 4147 1081 4200 141.

646 4230 824 4309 (321)
866 4243 947 4295 Aa
980 4244 1117 4296 οδω
1154 4245 1361 4296 Jordan
1394 4244 1654 4307 nme,
1686 4242 1804 4294 652.

646 4327 825 4406 (323)
867 4341 947 4391 Λα
980 4341 1115 4392 obs.:
1158 4340 1398 4391 amiram
1431 4339 1690 4402 usqum,
1724 4337 1805 4390 79.

649 4424 826 4503 (324)
870 4437 948 4488 Ad
983 4436 1118 4488 oba:
1155 4436 1280 4501 ch.
1327 4436 1446 4487 Vat.
1488 4437 1542 4486 T.
1576 4433 1668 4501 37,
1690 4437 1751 4501 f.
1783 4432 1934 4499 101⁹,
1970 4450 2081 4501 cap.
2115 4433 2149 4484 4
2182 4433 2318 4484 inter
2352 4430 2538 4483 literas
2567 4430 2788 4481 curiales
2798 4452 2821 4491 ,-
2862 4428 3104 4482 enirm
3136 4429 3397 4495 Regiam
3428 4428 3572 4483 307&

565 4890 757 4960 2281.
808 4892 1062 4972 (mh)
1530 4894 1708 4959 1274
1724 4940 1742 4976 ,
1788 4891 2108 4958 Januarii
2148 4893 2269 4975 28,
2317 4889 2645 4977 [moduni.

872 5046 1250 5133 Praeposito
1309 5048 1594 5113 ecclesiae
1653 5046 1723 5112 S.
1788 5045 2129 5111 Ger-trudis
2187 5044 2602 5110 Lovam'ensis
2661 5042 3046 5126 mandatur,
3113 5050 3188 5108 ut
3246 5043 3501 5107 clericos
3559 5049 3624 5107 et

787 5154 980 5218 laicos
1033 5152 1215 5238 Traj.
1262 5153 1452 5217 etiam
1495 5152 1716 5234 dioec.,
1767 5153 1881 5237 qui
1909 5153 2284 5216 monasterio
2314 5150 2390 5215 de
2419 5148 2729 5234 Biqardis
2757 5146 3032 5213 debitum
3063 5167 3314 5213 censum
3344 5145 3628 5211 exhibere

781 5280 910 5325 non
954 5266 1213 5344 curant,
1262 5259 1350 5324 ad
1395 5258 1508 5324 hoc
1548 5258 1914 5341 faciendum
1947 5278 2073 5343 per
2117 5277 2446 5322 censuram
2491 5256 2967 5321 ecclesiasticam
3012 5253 3364 5340 compellat.

784 5441 1138 5528 Gregorius
1178 5442 1553 5530 episcopus,
1586 5461 1813 5508 servus
1851 5461 2187 5507 servorum
2215 5440 2374 5524 Dei,
2408 5439 2648 5507 dilecto
2686 5439 2823 5506 filio
2870 5486 2886 5504 .
2916 5486 2932 5503 .
2979 5437 3313 5526 preposito
3347 5435 3621 5501 ecclesie

557 5552 782 5612 sancte
844 5546 1158 5614 Gertudis
1201 5550 1273 5614 in
1318 5547 1613 5614 Levanio
1660 5547 2049 5615 Leodiensis
2096 5546 2373 5614 diocesis
2419 5547 2699 5613 salutem
2744 5552 2814 5612 et
2857 5544 3284 5632 apostolicam
3340 5543 3366 5626 ΙΙ
3422 5540 3619 5607 bene-

557 5650 931 5718 dictionem.

777 5787 865 5847 H.
3323 5781 3402 5841 39
