4450 6684
860 522 997 585 316
1898 517 2244 583 Annum
2290 533 2372 580 m·
2420 514 2899 582 conmotam.

852 739 1152 824 evocari3
1222 738 1530 826 idemque
1600 736 1890 805 decanus
1961 736 2237 803 ecclesie
2309 737 2520 802 sancti
2581 734 2892 818 Martini,
2956 735 3238 822 cognitis
3294 735 3674 822 hujusmodi
3744 759 3939 803 cause

860 846 1327 936 appellationis
1373 844 1625 911 meritis
1673 849 1742 910 et
1778 844 1950 930 juris
1998 842 2226 909 ordine
2275 843 2662 928 observato,
2710 843 3033 931 prefatam
3080 842 3493 910 diffinitivam
3540 844 3944 911 sentenciam

867 953 1297 1020 confirmavit.
1392 951 1610 1027 Quare
1674 950 1953 1039 predicti
2017 948 2306 1017 decanus
2368 956 2437 1016 et
2499 951 2892 1037 capittulum
2943 951 3218 1017 ecclesie
3265 951 3707 1038 Trajectensis
3751 952 3943 1019 nobis

873 1059 1210 1126 humiliter
1242 1060 1723 1148 supplicarunt,
1756 1063 1832 1124 ut
1862 1058 2240 1146 hujusmodi
2271 1058 2642 1124 sentencias
2671 1059 2872 1124 robur
2900 1058 3261 1126 faceremus
3291 1058 3619 1124 firmitatis
3649 1058 3946 1128 debitum

870 1167 1196 1233 obtinere.
1293 1166 1615 1242 Quocirca
1676 1164 2053 1232 discretioni
2119 1171 2233 1231 tue
2294 1186 2413 1252 per
2457 1166 2820 1253 apostolica
2866 1166 3110 1252 scripta
3157 1164 3576 1250 mandamus,
3640 1167 3950 1254 quatinus

870 1275 1247 1340 sentencias
1300 1274 1506 1360 ipsas,
1555 1273 1726 1338 sicut
1762 1274 1947 1358 juste
1995 1277 2187 1356 sunt,
2235 1272 2436 1338 facias
2483 1273 2874 1339 auctoritate
2920 1279 3148 1339 nostra
3191 1294 3311 1360 per
3355 1294 3698 1339 censuram
3742 1275 3950 1340 eccle·

872 1381 1242 1464 siasticam,
1313 1380 1756 1468 appellatione
1824 1385 2113 1462 remota,
2182 1379 2459 1446 firmiter
2526 1381 2878 1446 observari.
2972 1381 3219 1446 Datum
3284 1382 3651 1466 Avinione,
3711 1381 3780 1447 X
3834 1381 3946 1447 Kl.

875 1486 1317 1574 Septembris,
1363 1486 1786 1575 pontificatus
1834 1487 2041 1553 nostri
2089 1507 2263 1552 anno
2309 1486 2562 1573 quinto.

1102 1594 1211 1660 Sic
1258 1594 1694 1681 subscriptum
1745 1615 1943 1681 supra
1987 1594 2261 1680 plicam:
2310 1593 2393 1659 N.
2440 1594 2796 1662 Frederici.

1297 1732 1666 1797 Apoyraplum
1697 1748 1827 1782 saec.
1864 1733 1922 1780 X
1934 1733 1976 1778 V
2013 1731 2066 1782 in
2099 1731 2320 1782 chartul.
2354 1730 2549 1782 archim·
2575 1747 2723 1797 prov.
2770 1732 2820 1779 U
2825 1732 2974 1796 λίνα).
3011 1731 3077 1782 D.
3108 1729 3223 1782 694.

1027 1876 1083 1942 1)
1132 1876 1382 1929 Urbanus
1426 1892 1559 1942 papa
1605 1876 1650 1927 V
1692 1883 1822 1929 tunc
1856 1876 2079 1928 viterbii
2114 1877 2438 1928 morabatur.
2508 1877 2673 1928 Porro
2707 1876 2795 1927 hic
2828 1891 3002 1939 error,
3045 1876 3152 1927 nisi
3186 1876 3472 1942 apographi
3507 1876 3678 1927 nostri
3714 1876 3961 1940 scriptori

860 1962 1209 2026 imputandus
1240 1962 1337 2026 sit,
1370 1961 1728 2027 suspicionem
1761 1962 1826 2012 de
1860 1960 1961 2012 fide
1996 1962 2170 2013 bullae
2205 1975 2418 2013 movere
2451 1965 2640 2026 potest.
2841 1961 2899 2024 2)
2933 1959 3168 2014 Dalsseu.

1030 2043 1089 2111 3)
1125 2045 1424 2097 innocentii
1458 2060 1623 2112 papae
1658 2044 1760 2110 Vl,
1796 2046 1937 2098 sicut
1972 2047 2027 2097 in
2062 2046 2182 2098 aliis
2214 2047 2516 2111 diplomatis
2550 2047 2691 2099 hanc
2725 2047 2789 2098 ad
2824 2061 3042 2098 causam
3075 2045 3442 2111 spectantibus
3475 2045 3749 2096 asseritur.

964 2551 1182 2630 (1849)
1229 2564 1293 2616 In
1325 2569 1574 2629 excerpto
1608 2564 1705 2617 lin.
1736 2563 1770 2615 2
1803 2565 1971 2632 legas:
2008 2565 2178 2629 qu’us.

964 2648 1184 2727 (2059)
1226 2661 1345 2713 Lin.
1377 2661 1412 2712 Ξ
1446 2667 1587 2727 post:
1624 2662 1994 2726 ecclesiarum,
2033 2663 2216 2713 addas:
2254 2663 2484 2715 decanis.

968 2744 1185 2824 (2075)
1228 2758 1289 2811 Ρ.
1321 2756 1422 2810 220
1456 2759 1552 2811 lin.
1584 2757 1620 2810 3
1654 2773 1773 2824 pro:
1809 2758 2070 2821 exhibite,
2106 2759 2271 2825 legas:
2311 2760 2574 2823 exhibita,
2609 2766 2664 2811 et
2698 2760 2794 2811 lin.
2826 2759 2892 2811 28
2930 2775 3048 2825 pro:
3084 2760 3253 2824 salvo,
3290 2760 3460 2826 legas:
3497 2760 3660 2812 solus·

964 2842 1183 2922 (2117)
1229 2856 1290 2907 ln
1327 2861 1572 2922 excerpto
1606 2855 1702 2907 lin.
1735 2854 1764 2906 1
1803 2855 1972 2922 legas:
2010 2855 2169 2907 Adae.

967 2941 1186 3020 (2136)
1232 2954 1295 3003 In
1331 2957 1578 3019 excerpto
1614 2952 1707 3004 lin.
1745 2950 1769 3002 1
1811 2956 1953 3017 post:
1990 2952 2269 3018 confessis,
2306 2968 2375 3004 ne
2410 2954 2577 3019 legas:
2617 2968 2773 3019 quac,
2813 2954 2929 3005 sed:
2968 2955 3078 3018 qui.

966 3035 1428 3116 (2161-2162)
1471 3051 1589 3103 Lin.
1621 3050 1650 3101 1
1689 3051 1856 3118 legas:
1896 3051 2191 3116 Apostolice
2225 3052 2379 3102 sedis.

967 3135 1186 3214 (2192)
1232 3148 1294 3199 In
1329 3153 1574 3213 excerpto
1607 3149 1704 3199 lin.
1741 3149 1770 3197 2
1807 3155 1948 3213 post:
1986 3149 2041 3199 in
2077 3149 2306 3213 Lucina,
2340 3149 2510 3215 legas:
2546 3149 2800 3200 diaconus
2835 3149 3150 3201 Cardinalis.

966 3231 1426 3311 (mm—2203)
1470 3244 1549 3295 Ad
1584 3244 1692 3296 obs.
1727 3245 2085 3311 singulorum:
2123 3245 2490 3311 Apoyraplmn
2521 3263 2754 3297 coaevmn
2785 3247 2840 3297 in
2874 3247 3078 3297 archivo
3105 3262 3251 3312 prov.
3299 3247 3492 3313 vltraj.
3528 3247 3598 3299 B.
3632 3247 3701 3297 A.
3735 3245 3819 3297 64.

967 3330 1187 3409 (2222)
1231 3341 1294 3391 In
1329 3345 1575 3406 excerpto
1609 3355 1725 3406 pro:
1763 3341 2089 3405 Ambrevile,
2125 3341 2295 3408 legas:
2333 3340 2673 3393 Ambrevilla.

968 3426 1186 3505 (2225)
1232 3440 1295 3490 In
1330 3444 1574 3504 excerpto
1610 3452 1725 3504 pro:
1764 3438 2084 3489 monasterio
2119 3437 2172 3488 S.
2207 3438 2380 3502 Petri,
2415 3439 2584 3504 legas:
2625 3440 2944 3491 monasterio
2978 3440 3029 3491 b.
3066 3439 3263 3491 Mariae
3297 3439 3790 3508 Hiddelburgensis.
