4450 6684
786 474 919 540 238
2034 468 2440 534 Gnneonms
2481 464 2608 531 XI.

784 692 982 761 8180.
1734 691 1940 771 1373,
1989 687 2334 752 Februarii
2378 688 2498 770 21,
2546 687 2908 750 Avenionis.

1107 845 1406 911 Omnibus
1441 844 1904 929 poenitentibus
1951 841 2009 907 et
2054 842 2382 925 confessis,
2435 844 2549 927 qui
2585 841 3019 925 parochialem
3067 841 3383 905 ecclesiam
3412 839 3489 903 de
3520 836 3847 922 Haerlem,

1019 974 1214 1041 „que,
1244 958 1339 1022 ‚ut
1384 952 1724 1033 asseritur,
1773 971 1890 1038 per
1920 948 2299 1015 incendium
2331 947 2883 1035 quamplurimum
2918 946 3269 1012 devastata
3300 944 3595 1027 existit’',
3642 943 3849 1008 diebus

1008 1080 1209 1145 supra
1277 1080 1447 1122 num.
1518 1057 1699 1122 1977
1761 1057 2056 1122 indicatis
2115 1055 2325 1120 devote
2383 1057 2777 1121 visitaverint
2838 1062 2897 1119 et
2941 1055 3030 1118 ad
3075 1053 3349 1137 ejusdem
3394 1053 3854 1137 reparationem

1010 1167 1402 1248 adjuverint,
1449 1159 1685 1229 similes
1730 1185 1803 1228 ac
1850 1166 1917 1227 in
1962 1184 2133 1227 num.
2188 1161 2449 1226 laudato
2496 1161 2929 1246 indulqentiae
2973 1161 3446 1244 impertiuntur.

1011 1349 1201 1413 Licet
1246 1349 1331 1429 is,
1380 1347 1464 1412 de
1512 1348 1719 1432 cujus.
1748 1394 1763 1410 .
1792 1393 1808 1410 .
1837 1394 1853 1410 .
1904 1345 2338 1411 Presentibus
2388 1352 2538 1433 post
2583 1310 2816 1432 viginti
2861 1368 3069 1412 annos
3101 1345 3369 1410 minime
3403 1342 3721 1408 valituris.
3748 1391 3762 1406 .
3792 1390 3807 1406 .
3832 1387 3850 1406 .

785 1455 938 1520 Dat.
987 1454 1355 1537 Avinione,
1402 1453 1609 1518 VIIII
1654 1453 1766 1518 Kl.
1816 1453 2081 1533 Marcii,
2134 1474 2308 1518 anno
2359 1454 2586 1519 tercio.

1205 1591 1328 1654 1209.
1363 1590 1460 1638 Δυ.
1505 1591 1556 1638 Τ.
1598 1589 1686 1653 19,
1722 1587 1861 1639 116⁸.

2126 1853 2197 1858 -..
2239 1853 2272 1858 .-
2317 1853 2404 1860 -q-

782 2070 970 2139 2131.
1727 2070 1904 2134 1373
1924 2117 1942 2151 ,
1989 2068 2333 2134 Februarii
2379 2073 2461 2135 21
2485 2121 2502 2155 ,
2551 2075 2915 2138 Avenionis.

1100 2226 1389 2291 Gerardo
1433 2225 1783 2307 Johannis,
1833 2226 1947 2310 qui
1991 2225 2068 2288 de
2102 2225 2470 2311 presbytero
2498 2230 2747 2310 ⁴‹yenitus
2780 2235 2838 2291 et
2868 2227 3079 2292 soluta
3110 2226 3635 2310 dispensationem
3664 2244 3856 2310 super

1006 2332 1251 2414 defectu
1296 2332 1611 2396 natalium
1658 2330 1927 2396 obtinuit
1972 2338 2029 2394 et
2075 2332 2285 2395 altare
2333 2331 2401 2395 S.
2455 2333 2675 2398 Crucis
2713 2336 2904 2398 situm
2946 2335 3014 2396 in
3044 2332 3292 2416 capella
3325 2331 3401 2395 de
3431 2331 3630 2416 Haqa
3669 2330 3852 2414 Traj.

1008 2439 1232 2522 dioec„
1296 2440 1338 2503 3
1400 2459 1762 2502 marcarum
1822 2439 2074 2523 arqenti
2135 2434 2423 2502 annuum
2487 2461 2611 2504 non
2660 2440 2950 2504 excedens
2995 2439 3273 2503 valorem
3294 2487 3311 2520 ,
3369 2445 3686 2503 assecutus
3733 2445 3859 2520 est,

1006 2547 1402 2630 indulqetur,
1452 2544 1622 2630 quod
1666 2546 1939 2608 alterum
1984 2543 2193 2607 adhuc
2239 2544 2601 2627 beneficium
2645 2548 2835 2611 etiam
2879 2553 3174 2609 curatum
3220 2544 3489 2609 obtinere
3534 2545 3763 2609 valeat.

1009 2726 1401 2794 Laudabilia
1446 2727 1811 2814 probitatis.
1839 2775 1857 2794 .
1885 2775 1900 2791 .
1929 2774 1945 2791 .
1996 2727 2150 2792 Dat.
2199 2726 2568 2809 Avinione,
2617 2726 2824 2793 VIIH
2869 2725 2980 2791 Kl.
3030 2725 3290 2808 Martii,
3340 2746 3513 2790 anno
3563 2725 3783 2790 tertio.

1202 2862 1327 2925 περ.
1360 2862 1456 2911 Ao.
1500 2857 1557 2910 Τ.
1594 2860 1684 2925 19,
1710 2863 1771 2927 s.
1807 2860 1949 2912 406⁵.

787 3348 978 3416 2132.
1806 3350 2017 3432 1373,
2065 3348 2301 3412 Martii
2344 3350 2419 3432 4,
2472 3349 2833 3413 Avenionis.

1100 3501 1569 3587 Infra-scriptis.
1602 3502 1979 3585 mandatur,
2028 3510 2103 3567 ut
2146 3501 2429 3566 abbatem
2475 3509 2535 3566 et
2579 3508 2943 3565 conventum
2995 3502 3361 3565 monasterii
3406 3501 3484 3565 de
3522 3499 3757 3566 Insula
3804 3501 3862 3566 b.

1015 3608 1300 3693 Mariae,
1348 3613 1464 3695 qui
1488 3612 1638 3692 jam
1679 3609 1771 3673 bis
1810 3611 2013 3674 simile
2050 3610 2291 3674 domini
2326 3608 2554 3695 Papae
2593 3607 2966 3672 mandatum
3003 3616 3406 3692 spreverunt,
3452 3610 3863 3694 compellant,

1014 3723 1089 3780 ut
1133 3716 1475 3780 Nicolaum
1533 3716 1610 3780 de
1656 3715 1993 3801 Esslinyen
2038 3736 2400 3781 conversum
2447 3716 2813 3780 monasterii
2857 3714 3307 3779 Rutheniensis
3356 3724 3679 3800 tamquam
3723 3736 3869 3781 con·

1007 3843 1254 3886 versum
1299 3830 1358 3887 et
1400 3822 1676 3905 fratrem
1722 3825 1791 3886 in
1835 3843 1949 3887 suo
1996 3825 2376 3887 monasterio
2427 3824 2762 3906 recipiant.

1013 4003 1395 4069 Venerabili
1442 4004 1625 4068 fratri
1675 4052 1690 4067 .
1719 4051 1735 4068 .
1783 4005 2090 4091 episcopo
2140 4005 2551 4090 Trajectensi
2599 4009 2669 4070 et
2715 4004 2972 4070 dilectis
3020 4004 3172 4069 filiis
3220 4052 3236 4069 .
3269 4053 3285 4069 .
3334 4005 3561 4070 abbati
3607 4027 3869 4071 monas-

792 4109 939 4173 terii
1011 4109 1219 4173 sancti
1290 4108 1618 4174 Trudonis
1688 4109 2079 4175 Leodiensis
2150 4110 2429 4176 diocesis
2500 4132 2577 4177 ac
2645 4111 2979 4198 preposito
3057 4111 3331 4176 ecclesie
3401 4112 3612 4176 sancti
3679 4111 3868 4177 Petri

797 4212 1188 4279 Leodiensis
1237 4214 1515 4279 salutem
1564 4221 1673 4278 etc.

1013 4320 1396 4384 Humilibus
1459 4320 1828 4407 supplicum
1889 4322 2060 4384 votis
2122 4321 2408 4386 libenter
2472 4322 2822 4385 annuimus
2891 4326 2961 4386 et
3007 4321 3102 4385 eis
3152 4327 3472 4407 quantum
3520 4342 3666 4385 cum
3714 4321 3863 4386 Deo

790 4445 1137 4511 possumus
1190 4426 1569 4491 benivolum
1617 4427 2029 4512 impertimur
2076 4448 2432 4494 assensum.
2534 4428 2709 4493 Olim
2754 4427 3082 4513 siquidem
3132 4428 3388 4492 dilectis
3435 4428 3585 4491 filiis
3633 4427 3862 4493 abbati

792 4538 861 4595 et
907 4534 1260 4596 conventui
1307 4534 1688 4596 monasterii
1738 4532 1819 4597 de
1867 4532 2096 4599 Insula
2142 4533 2338 4598 beate
2386 4535 2591 4599 Marie
2640 4535 3274 4598 Premonstratensis
3316 4533 3562 4598 ordinis
3593 4534 3860 4618 Trajec-

792 4639 997 4702 tensis
1044 4636 1380 4723 dyocesis,
1431 4645 1504 4702 ut
1553 4637 1864 4703 dilectum
1914 4640 2122 4704 filium
2168 4638 2513 4704 Nicolaum
2561 4639 2644 4704 de
2677 4639 3026 4725 Esslingen
3063 4659 3452 4704 conversum
3483 4639 3865 4703 monasterii
3917 4714 3927 4720 ,

792 4743 1268 4809 Rutheniensis
1330 4741 1487 4808 dicti
1552 4743 1796 4810 ordinis
1846 4745 2378 4811 constanciensis
2428 4745 2743 4827 diocesis,
2791 4745 3188 4828 habentem,
3238 4750 3314 4809 ut
3361 4744 3732 4827 asserebat,
3781 4743 3867 4810 ab

793 4850 1035 4915 abbate
1083 4870 1201 4913 suo
1250 4871 1336 4915 ex
1371 4852 1556 4934 justa
1601 4857 1670 4915 et
1715 4852 2096 4917 racionabili
2145 4874 2345 4917 causa
2391 4851 2475 4916 ad
2523 4851 2703 4917 aliud
2748 4852 3224 4917 monasterium
3270 4851 3567 4936 ejusdem
3615 4850 3863 4916 ordinis

793 4956 1135 5021 licenciam
1202 4956 1408 5022 libere
1482 4957 1901 5040 transeundi,
1973 4959 2351 5046 cupientem
2426 4979 2559 5023 una
2621 4979 2769 5023 cum
2832 4958 2929 5023 eis
2994 4959 3064 5022 in
3113 4956 3288 5023 dicto
3338 4957 3733 5023 monasterio
3783 4956 3869 5022 de

795 5063 1022 5127 Insula
1066 5062 1261 5128 beate
1308 5063 1514 5128 Maris
1563 5063 1684 5128 sub
1731 5065 2015 5149 regulari
2064 5065 2298 5129 habitu
2341 5065 2664 5129 virtutum
2711 5064 2993 5128 Domino
3042 5063 3343 5128 famulari
3376 5064 3446 5128 in
3479 5083 3870 5128 conversum

795 5170 1165 5256 reciperent
1225 5174 1296 5235 et
1356 5170 1612 5235 sincera
1671 5171 1741 5235 in
1804 5170 2086 5235 Domino
2151 5171 2425 5235 caritate
2476 5176 2872 5254 tractarent,
2923 5171 3131 5258 primo
3181 5176 3249 5235 et
3295 5168 3537 5235 deinde
3584 5190 3702 5256 per
3748 5189 3872 5234 nos

797 5265 1105 5362 accepte,
1169 5275 1344 5362 quod
1404 5275 1579 5341 idem
1642 5276 1846 5341 abbas
1908 5283 1977 5341 et
2025 5283 2389 5341 conventus
2436 5274 2506 5339 id
2554 5275 2812 5340 efficere
2858 5296 2994 5340 non
3044 5274 3394 5359 curabant,
3456 5296 3577 5340 nos
3626 5274 3870 5340 dilecto

798 5385 933 5450 filio
982 5431 998 5448 .
1027 5431 1043 5448 .
1092 5384 1317 5450 abbati
1349 5383 1731 5449 monasterii
1762 5384 1973 5449 sancti
2006 5382 2335 5449 Trudonis
2367 5381 2755 5449 Leodiensis
2788 5383 3099 5465 diocesis,
3149 5388 3225 5447 ut
3256 5382 3524 5447 eosdem
3556 5381 3870 5446 abbatem

800 5498 869 5557 et
931 5498 1329 5556 conventum
1390 5511 1477 5555 ex
1541 5497 1728 5577 parte
1792 5496 2019 5555 nostra
2064 5496 2364 5555 moneret
2411 5496 2480 5555 et
2523 5489 2907 5575 induceret,
2956 5495 3033 5555 ut
3081 5488 3364 5555 eundem
3408 5489 3755 5556 Nicolaum
3799 5488 3873 5552 in

801 5617 1187 5663 conversum
1236 5597 1606 5682 reciperent
1653 5602 1722 5662 et
1769 5598 2024 5662 sincera
2069 5598 2138 5662 in
2171 5596 2457 5662 Domino
2491 5597 2764 5663 caritate
2797 5602 3195 5681 tractarent,
3233 5598 3435 5682 juxta
3464 5596 3870 5683 prefatarum

4121 6451 4186 6643 l
4351 6479 4395 6643 l
