<?xml version="1.0" encoding="UTF-8"?>
<!DOCTYPE html PUBLIC "-//W3C//DTD XHTML 1.0 Transitional//EN"
    "http://www.w3.org/TR/xhtml1/DTD/xhtml1-transitional.dtd">
<html xmlns="http://www.w3.org/1999/xhtml" xml:lang="en" lang="en">
 <head>
  <title>
</title>
<meta http-equiv="Content-Type" content="text/html;charset=utf-8" />
  <meta name='ocr-system' content='tesseract 3.04.00' />
  <meta name='ocr-capabilities' content='ocr_page ocr_carea ocr_par ocr_line ocrx_word'/>
</head>
<body>
  <div class='ocr_page' id='page_1' title='image "./bullariumtrajec00nethgoog_0262.png"; bbox 0 0 4450 6684; ppageno 0'>
   <div class='ocr_carea' id='block_1_1' title="bbox 938 509 2698 577">
    <p class='ocr_par' dir='ltr' id='par_1_1' title="bbox 938 509 2698 577">
     <span class='ocr_line' id='line_1_1' title="bbox 938 509 2698 577; baseline 0.002 -6"><span class='ocrx_word' id='word_1_1' title='bbox 938 510 1066 572; x_wconf 83' lang='lat'><strong>164</strong></span> <span class='ocrx_word' id='word_1_2' title='bbox 2237 509 2569 577; x_wconf 71' lang='lat' dir='ltr'><strong>Uaunus</strong></span> <span class='ocrx_word' id='word_1_3' title='bbox 2621 511 2698 576; x_wconf 85' lang='lat' dir='ltr'><strong>V.</strong></span> 
     </span>
    </p>
   </div>
   <div class='ocr_carea' id='block_1_2' title="bbox 920 725 3260 816">
    <p class='ocr_par' dir='ltr' id='par_1_2' title="bbox 920 725 3260 816">
     <span class='ocr_line' id='line_1_2' title="bbox 920 725 3260 816; baseline 0.002 -24"><span class='ocrx_word' id='word_1_4' title='bbox 920 725 1106 792; x_wconf 80' lang='lat'>1847.</span> <span class='ocrx_word' id='word_1_5' title='bbox 1660 731 1859 812; x_wconf 84' lang='lat'><strong>1367,</strong></span> <span class='ocrx_word' id='word_1_6' title='bbox 1912 730 2194 794; x_wconf 84' lang='lat' dir='ltr'><strong>Octobris</strong></span> <span class='ocrx_word' id='word_1_7' title='bbox 2243 733 2360 811; x_wconf 86' lang='lat'><strong>26,</strong></span> <span class='ocrx_word' id='word_1_8' title='bbox 2413 730 2651 795; x_wconf 82' lang='lat' dir='ltr'><strong>Romae</strong></span> <span class='ocrx_word' id='word_1_9' title='bbox 2696 752 2799 816; x_wconf 84' lang='lat' dir='ltr'><strong>ap.</strong></span> <span class='ocrx_word' id='word_1_10' title='bbox 2852 731 2920 794; x_wconf 83' lang='lat' dir='ltr'><strong>S.</strong></span> <span class='ocrx_word' id='word_1_11' title='bbox 2971 732 3260 796; x_wconf 81' lang='lat' dir='ltr'><strong>Petrum.</strong></span> 
     </span>
    </p>
   </div>
   <div class='ocr_carea' id='block_1_3' title="bbox 1235 881 3990 969">
    <p class='ocr_par' dir='ltr' id='par_1_3' title="bbox 1235 881 3990 969">
     <span class='ocr_line' id='line_1_3' title="bbox 1235 881 3990 969; baseline 0.003 -25"><span class='ocrx_word' id='word_1_12' title='bbox 1235 881 1592 966; x_wconf 81' lang='lat' dir='ltr'><strong>(Johanni)</strong></span> <span class='ocrx_word' id='word_1_13' title='bbox 1657 884 1940 967; x_wconf 84' lang='lat' dir='ltr'><strong>episcopo</strong></span> <span class='ocrx_word' id='word_1_14' title='bbox 2013 882 2191 966; x_wconf 83' lang='lat' dir='ltr'><strong>Traj.</strong></span> <span class='ocrx_word' id='word_1_15' title='bbox 2264 884 2629 964; x_wconf 82' lang='lat' dir='ltr'><strong>mandatur,</strong></span> <span class='ocrx_word' id='word_1_16' title='bbox 2678 892 2751 948; x_wconf 83' lang='lat' dir='ltr'><strong>ut</strong></span> <span class='ocrx_word' id='word_1_17' title='bbox 2786 905 2913 968; x_wconf 83' lang='lat' dir='ltr'><strong>pro</strong></span> <span class='ocrx_word' id='word_1_18' title='bbox 2961 883 3356 969; x_wconf 75' lang='lat' dir='ltr'><strong>Hildeyhero</strong></span> <span class='ocrx_word' id='word_1_19' title='bbox 3419 884 3751 951; x_wconf 82' lang='lat' dir='ltr'><strong>Vamstave</strong></span> <span class='ocrx_word' id='word_1_20' title='bbox 3796 890 3990 952; x_wconf 79' lang='lat' dir='ltr'><strong>milite</strong></span> 
     </span>
    </p>
   </div>
   <div class='ocr_carea' id='block_1_4' title="bbox 1142 990 3985 1159">
    <p class='ocr_par' dir='ltr' id='par_1_4' title="bbox 1142 990 3985 1159">
     <span class='ocr_line' id='line_1_4' title="bbox 1146 990 3985 1078; baseline 0.002 -25"><span class='ocrx_word' id='word_1_21' title='bbox 1146 990 1536 1071; x_wconf 76' lang='lat' dir='ltr'><em>Coloniensi,</em></span> <span class='ocrx_word' id='word_1_22' title='bbox 1610 1012 1789 1075; x_wconf 81' lang='lat' dir='ltr'><strong>quem</strong></span> <span class='ocrx_word' id='word_1_23' title='bbox 1864 992 2163 1055; x_wconf 78' lang='lat' dir='ltr'><em>nonnulli</em></span> <span class='ocrx_word' id='word_1_24' title='bbox 2231 1012 2476 1055; x_wconf 82' lang='lat' dir='ltr'><strong>summa</strong></span> <span class='ocrx_word' id='word_1_25' title='bbox 2545 993 2726 1056; x_wconf 87' lang='lat'><em>3300</em></span> <span class='ocrx_word' id='word_1_26' title='bbox 2794 1013 3134 1056; x_wconf 83' lang='lat' dir='ltr'><strong>aureorum</strong></span> <span class='ocrx_word' id='word_1_27' title='bbox 3206 1000 3532 1056; x_wconf 83' lang='lat' dir='ltr'><strong>mutonum</strong></span> <span class='ocrx_word' id='word_1_28' title='bbox 3593 996 3985 1078; x_wconf 79' lang='lat' dir='ltr'><strong>spoliarunt,</strong></span> 
     </span>
     <span class='ocr_line' id='line_1_5' title="bbox 1142 1095 2131 1159; baseline 0.001 -2"><span class='ocrx_word' id='word_1_29' title='bbox 1142 1115 1396 1157; x_wconf 80' lang='lat' dir='ltr'><strong>causam</strong></span> <span class='ocrx_word' id='word_1_30' title='bbox 1443 1095 1671 1159; x_wconf 78' lang='lat' dir='ltr'><strong>audiat</strong></span> <span class='ocrx_word' id='word_1_31' title='bbox 1716 1103 1775 1158; x_wconf 87' lang='lat' dir='ltr'><strong>et</strong></span> <span class='ocrx_word' id='word_1_32' title='bbox 1820 1096 2131 1159; x_wconf 82' lang='lat' dir='ltr'><strong>decernat.</strong></span> 
     </span>
    </p>
   </div>
   <div class='ocr_carea' id='block_1_5' title="bbox 916 1280 3988 4132">
    <p class='ocr_par' dir='ltr' id='par_1_5' title="bbox 1146 1280 3174 1367">
     <span class='ocr_line' id='line_1_6' title="bbox 1146 1280 3174 1367; baseline 0 -25"><span class='ocrx_word' id='word_1_33' title='bbox 1146 1280 1527 1344; x_wconf 79' lang='lat' dir='ltr'><strong>Venerabili</strong></span> <span class='ocrx_word' id='word_1_34' title='bbox 1576 1281 1759 1345; x_wconf 83' lang='lat' dir='ltr'><strong>fratri</strong></span> <span class='ocrx_word' id='word_1_35' title='bbox 1810 1329 1868 1343; x_wconf 91' lang='lat'><strong>..</strong></span> <span class='ocrx_word' id='word_1_36' title='bbox 1921 1282 2228 1367; x_wconf 87' lang='lat' dir='ltr'><strong>episcopo</strong></span> <span class='ocrx_word' id='word_1_37' title='bbox 2277 1282 2685 1367; x_wconf 83' lang='lat' dir='ltr'><strong>Trajectensi</strong></span> <span class='ocrx_word' id='word_1_38' title='bbox 2736 1281 3015 1344; x_wconf 89' lang='lat' dir='ltr'><strong>salutem</strong></span> <span class='ocrx_word' id='word_1_39' title='bbox 3062 1289 3174 1344; x_wconf 82' lang='lat' dir='ltr'><strong>etc.</strong></span> 
     </span>
    </p>

    <p class='ocr_par' dir='ltr' id='par_1_6' title="bbox 916 1385 3988 4132">
     <span class='ocr_line' id='line_1_7' title="bbox 1142 1385 3982 1474; baseline 0.001 -25"><span class='ocrx_word' id='word_1_40' title='bbox 1142 1385 1459 1450; x_wconf 83' lang='lat' dir='ltr'><strong>Exhibita</strong></span> <span class='ocrx_word' id='word_1_41' title='bbox 1525 1386 1715 1451; x_wconf 91' lang='lat' dir='ltr'><strong>nobis</strong></span> <span class='ocrx_word' id='word_1_42' title='bbox 1777 1409 1893 1474; x_wconf 98' lang='lat' dir='ltr'><strong>pro</strong></span> <span class='ocrx_word' id='word_1_43' title='bbox 1961 1393 2148 1473; x_wconf 90' lang='lat' dir='ltr'><strong>parte</strong></span> <span class='ocrx_word' id='word_1_44' title='bbox 2213 1387 2434 1451; x_wconf 89' lang='lat' dir='ltr'><strong>dilecti</strong></span> <span class='ocrx_word' id='word_1_45' title='bbox 2485 1387 2599 1450; x_wconf 88' lang='lat' dir='ltr'><strong>filii</strong></span> <span class='ocrx_word' id='word_1_46' title='bbox 2650 1387 2888 1450; x_wconf 91' lang='lat' dir='ltr'><strong>nobilis</strong></span> <span class='ocrx_word' id='word_1_47' title='bbox 2938 1386 3057 1449; x_wconf 83' lang='lat' dir='ltr'><strong>viri</strong></span> <span class='ocrx_word' id='word_1_48' title='bbox 3107 1385 3494 1471; x_wconf 85' lang='lat' dir='ltr'><strong>Hildegheri</strong></span> <span class='ocrx_word' id='word_1_49' title='bbox 3543 1386 3907 1452; x_wconf 88' lang='lat' dir='ltr'><strong>Vanistane</strong></span> <span class='ocrx_word' id='word_1_50' title='bbox 3936 1389 3982 1470; x_wconf 83' lang='grc' dir='ltr'><strong>ι)</strong></span> 
     </span>
     <span class='ocr_line' id='line_1_8' title="bbox 920 1492 3986 1579; baseline 0.001 -24"><span class='ocrx_word' id='word_1_51' title='bbox 920 1493 1147 1555; x_wconf 79' lang='lat' dir='ltr'><strong>militis</strong></span> <span class='ocrx_word' id='word_1_52' title='bbox 1213 1492 1622 1559; x_wconf 73' lang='lat' dir='ltr'><strong>coloniensis</strong></span> <span class='ocrx_word' id='word_1_53' title='bbox 1672 1494 1906 1579; x_wconf 90' lang='lat' dir='ltr'><strong>petitio</strong></span> <span class='ocrx_word' id='word_1_54' title='bbox 1958 1494 2381 1574; x_wconf 89' lang='lat' dir='ltr'><strong>continebat,</strong></span> <span class='ocrx_word' id='word_1_55' title='bbox 2432 1493 2606 1579; x_wconf 92' lang='lat' dir='ltr'><strong>quod</strong></span> <span class='ocrx_word' id='word_1_56' title='bbox 2657 1514 2804 1556; x_wconf 90' lang='lat' dir='ltr'><strong>cum</strong></span> <span class='ocrx_word' id='word_1_57' title='bbox 2855 1493 3008 1557; x_wconf 90' lang='lat' dir='ltr'><strong>olim</strong></span> <span class='ocrx_word' id='word_1_58' title='bbox 3060 1492 3338 1557; x_wconf 89' lang='lat' dir='ltr'><strong>dilectus</strong></span> <span class='ocrx_word' id='word_1_59' title='bbox 3385 1492 3559 1557; x_wconf 87' lang='lat' dir='ltr'><strong>filius</strong></span> <span class='ocrx_word' id='word_1_60' title='bbox 3608 1492 3845 1558; x_wconf 88' lang='lat' dir='ltr'><strong>nobilis</strong></span> <span class='ocrx_word' id='word_1_61' title='bbox 3893 1495 3986 1557; x_wconf 86' lang='lat' dir='ltr'><strong>vir</strong></span> 
     </span>
     <span class='ocr_line' id='line_1_9' title="bbox 921 1598 3980 1680; baseline -0.001 -15"><span class='ocrx_word' id='word_1_62' title='bbox 921 1598 1294 1665; x_wconf 86' lang='lat' dir='ltr'><strong>Lodovicus</strong></span> <span class='ocrx_word' id='word_1_63' title='bbox 1343 1599 1425 1664; x_wconf 92' lang='lat' dir='ltr'><strong>de</strong></span> <span class='ocrx_word' id='word_1_64' title='bbox 1471 1599 1798 1664; x_wconf 88' lang='lat' dir='ltr'><strong>Namurco</strong></span> <span class='ocrx_word' id='word_1_65' title='bbox 1846 1601 2033 1664; x_wconf 88' lang='lat' dir='ltr'><strong>miles</strong></span> <span class='ocrx_word' id='word_1_66' title='bbox 2082 1599 2469 1665; x_wconf 88' lang='lat' dir='ltr'><strong>Leodiensis</strong></span> <span class='ocrx_word' id='word_1_67' title='bbox 2518 1598 2794 1663; x_wconf 88' lang='lat' dir='ltr'><strong>diocesis</strong></span> <span class='ocrx_word' id='word_1_68' title='bbox 2843 1599 2969 1663; x_wconf 89' lang='lat' dir='ltr'><strong>tria</strong></span> <span class='ocrx_word' id='word_1_69' title='bbox 3016 1599 3196 1663; x_wconf 90' lang='lat' dir='ltr'><strong>milia</strong></span> <span class='ocrx_word' id='word_1_70' title='bbox 3243 1607 3314 1664; x_wconf 92' lang='lat' dir='ltr'><strong>et</strong></span> <span class='ocrx_word' id='word_1_71' title='bbox 3353 1605 3683 1663; x_wconf 91' lang='lat' dir='ltr'><strong>trecentos</strong></span> <span class='ocrx_word' id='word_1_72' title='bbox 3723 1620 3980 1680; x_wconf 86' lang='lat' dir='ltr'><strong>aureos,</strong></span> 
     </span>
     <span class='ocr_line' id='line_1_10' title="bbox 916 1705 3980 1791; baseline 0 -22"><span class='ocrx_word' id='word_1_73' title='bbox 916 1712 1220 1770; x_wconf 90' lang='lat' dir='ltr'><strong>mutones</strong></span> <span class='ocrx_word' id='word_1_74' title='bbox 1278 1705 1637 1791; x_wconf 81' lang='lat' dir='ltr'>vulgariter</span> <span class='ocrx_word' id='word_1_75' title='bbox 1683 1714 2132 1790; x_wconf 88' lang='lat' dir='ltr'><strong>nuncupatos,</strong></span> <span class='ocrx_word' id='word_1_76' title='bbox 2181 1706 2339 1770; x_wconf 90' lang='lat' dir='ltr'><strong>boni</strong></span> <span class='ocrx_word' id='word_1_77' title='bbox 2388 1707 2530 1770; x_wconf 89' lang='lat' dir='ltr'><strong>auri</strong></span> <span class='ocrx_word' id='word_1_78' title='bbox 2579 1712 2648 1770; x_wconf 90' lang='lat' dir='ltr'><strong>et</strong></span> <span class='ocrx_word' id='word_1_79' title='bbox 2695 1705 2970 1790; x_wconf 79' lang='lat' dir='ltr'><strong>legitimi</strong></span> <span class='ocrx_word' id='word_1_80' title='bbox 3017 1705 3358 1791; x_wconf 88' lang='lat' dir='ltr'><strong>ponderis,</strong></span> <span class='ocrx_word' id='word_1_81' title='bbox 3408 1707 3475 1769; x_wconf 90' lang='lat' dir='ltr'><strong>in</strong></span> <span class='ocrx_word' id='word_1_82' title='bbox 3526 1706 3763 1791; x_wconf 90' lang='lat' dir='ltr'><strong>quibus</strong></span> <span class='ocrx_word' id='word_1_83' title='bbox 3813 1705 3980 1770; x_wconf 90' lang='lat' dir='ltr'><strong>idem</strong></span> 
     </span>
     <span class='ocr_line' id='line_1_11' title="bbox 919 1810 3984 1897; baseline -0.001 -20"><span class='ocrx_word' id='word_1_84' title='bbox 919 1811 1295 1877; x_wconf 83' lang='lat' dir='ltr'><strong>Lodovicus</strong></span> <span class='ocrx_word' id='word_1_85' title='bbox 1343 1812 1517 1876; x_wconf 93' lang='lat' dir='ltr'><strong>dicto</strong></span> <span class='ocrx_word' id='word_1_86' title='bbox 1568 1812 1973 1897; x_wconf 86' lang='lat' dir='ltr'><strong>Hildeghero</strong></span> <span class='ocrx_word' id='word_1_87' title='bbox 2024 1834 2108 1876; x_wconf 86' lang='lat' dir='ltr'><strong>ex</strong></span> <span class='ocrx_word' id='word_1_88' title='bbox 2157 1833 2356 1877; x_wconf 89' lang='lat' dir='ltr'><strong>causa</strong></span> <span class='ocrx_word' id='word_1_89' title='bbox 2399 1812 2695 1897; x_wconf 85' lang='lat' dir='ltr'><strong>legitima</strong></span> <span class='ocrx_word' id='word_1_90' title='bbox 2735 1812 3106 1893; x_wconf 88' lang='lat' dir='ltr'><strong>tenebatur,</strong></span> <span class='ocrx_word' id='word_1_91' title='bbox 3156 1811 3395 1876; x_wconf 89' lang='lat' dir='ltr'><strong>dilecto</strong></span> <span class='ocrx_word' id='word_1_92' title='bbox 3437 1810 3574 1875; x_wconf 91' lang='lat' dir='ltr'><strong>filio</strong></span> <span class='ocrx_word' id='word_1_93' title='bbox 3616 1811 3865 1876; x_wconf 88' lang='lat' dir='ltr'><strong>Alardo</strong></span> <span class='ocrx_word' id='word_1_94' title='bbox 3906 1811 3984 1875; x_wconf 91' lang='lat' dir='ltr'><strong>de</strong></span> 
     </span>
     <span class='ocr_line' id='line_1_12' title="bbox 923 1918 3985 2005; baseline 0 -23"><span class='ocrx_word' id='word_1_95' title='bbox 923 1918 1167 2003; x_wconf 84' lang='lat' dir='ltr'><strong>Paylor</strong></span> <span class='ocrx_word' id='word_1_96' title='bbox 1230 1919 1421 1983; x_wconf 85' lang='lat' dir='ltr'><strong>militi</strong></span> <span class='ocrx_word' id='word_1_97' title='bbox 1491 1919 1901 1983; x_wconf 88' lang='lat' dir='ltr'><strong>Coloniensis</strong></span> <span class='ocrx_word' id='word_1_98' title='bbox 1964 1919 2276 2000; x_wconf 88' lang='lat' dir='ltr'><strong>diocesis,</strong></span> <span class='ocrx_word' id='word_1_99' title='bbox 2325 1919 2620 2003; x_wconf 86' lang='lat' dir='ltr'><strong>legitimo</strong></span> <span class='ocrx_word' id='word_1_100' title='bbox 2668 1919 3071 2004; x_wconf 79' lang='lat' dir='ltr'><strong>procuratori</strong></span> <span class='ocrx_word' id='word_1_101' title='bbox 3121 1926 3190 1984; x_wconf 90' lang='lat' dir='ltr'><strong>et</strong></span> <span class='ocrx_word' id='word_1_102' title='bbox 3235 1919 3499 1983; x_wconf 89' lang='lat' dir='ltr'><strong>nomine</strong></span> <span class='ocrx_word' id='word_1_103' title='bbox 3547 1920 3985 2005; x_wconf 80' lang='lat' dir='ltr'><strong>procuratorio</strong></span> 
     </span>
     <span class='ocr_line' id='line_1_13' title="bbox 926 2023 3977 2112; baseline 0 -24"><span class='ocrx_word' id='word_1_104' title='bbox 926 2024 1082 2089; x_wconf 89' lang='lat' dir='ltr'><strong>dicti</strong></span> <span class='ocrx_word' id='word_1_105' title='bbox 1133 2025 1520 2109; x_wconf 85' lang='lat' dir='ltr'><strong>Hildegheri</strong></span> <span class='ocrx_word' id='word_1_106' title='bbox 1569 2026 1946 2112; x_wconf 83' lang='lat' dir='ltr'><strong>recipienti,</strong></span> <span class='ocrx_word' id='word_1_107' title='bbox 1994 2025 2164 2090; x_wconf 86' lang='lat' dir='ltr'><strong>infra</strong></span> <span class='ocrx_word' id='word_1_108' title='bbox 2210 2025 2528 2091; x_wconf 88' lang='lat' dir='ltr'><strong>ambitum</strong></span> <span class='ocrx_word' id='word_1_109' title='bbox 2579 2026 2852 2090; x_wconf 81' lang='lat' dir='ltr'><strong>ecclesie</strong></span> <span class='ocrx_word' id='word_1_110' title='bbox 2899 2026 3025 2089; x_wconf 89' lang='lat' dir='ltr'><strong>loci</strong></span> <span class='ocrx_word' id='word_1_111' title='bbox 3072 2025 3345 2089; x_wconf 79' lang='lat' dir='ltr'><strong>fratrum</strong></span> <span class='ocrx_word' id='word_1_112' title='bbox 3378 2023 3625 2089; x_wconf 76' lang='lat' dir='ltr'><strong>ordinis</strong></span> <span class='ocrx_word' id='word_1_113' title='bbox 3658 2025 3977 2089; x_wconf 77' lang='lat' dir='ltr'><strong>Minorum</strong></span> 
     </span>
     <span class='ocr_line' id='line_1_14' title="bbox 917 2131 3978 2218; baseline -0.001 -22"><span class='ocrx_word' id='word_1_114' title='bbox 917 2131 1098 2217; x_wconf 90' lang='lat' dir='ltr'><strong>opidi</strong></span> <span class='ocrx_word' id='word_1_115' title='bbox 1167 2132 1565 2217; x_wconf 83' lang='lat' dir='ltr'><strong>Aquisgrani</strong></span> <span class='ocrx_word' id='word_1_116' title='bbox 1638 2132 1811 2196; x_wconf 87' lang='lat' dir='ltr'><strong>dicte</strong></span> <span class='ocrx_word' id='word_1_117' title='bbox 1883 2131 2271 2197; x_wconf 90' lang='lat' dir='ltr'><strong>Leodiensis</strong></span> <span class='ocrx_word' id='word_1_118' title='bbox 2336 2131 2612 2196; x_wconf 89' lang='lat' dir='ltr'><strong>diocesis</strong></span> <span class='ocrx_word' id='word_1_119' title='bbox 2676 2132 2945 2196; x_wconf 86' lang='lat' dir='ltr'><strong>realiter</strong></span> <span class='ocrx_word' id='word_1_120' title='bbox 3004 2132 3426 2218; x_wconf 76' lang='lat' dir='ltr'><strong>persolvisset</strong></span> <span class='ocrx_word' id='word_1_121' title='bbox 3490 2137 3559 2196; x_wconf 89' lang='lat' dir='ltr'><strong>et</strong></span> <span class='ocrx_word' id='word_1_122' title='bbox 3616 2132 3978 2196; x_wconf 88' lang='lat' dir='ltr'><strong>litterarum</strong></span> 
     </span>
     <span class='ocr_line' id='line_1_15' title="bbox 918 2227 3976 2323; baseline 0 -23"><span class='ocrx_word' id='word_1_123' title='bbox 918 2237 1451 2321; x_wconf 88' lang='lat' dir='ltr'><strong>obligatoriarum</strong></span> <span class='ocrx_word' id='word_1_124' title='bbox 1526 2259 1722 2323; x_wconf 90' lang='lat' dir='ltr'><strong>super</strong></span> <span class='ocrx_word' id='word_1_125' title='bbox 1795 2237 2173 2321; x_wconf 87' lang='lat' dir='ltr'><strong>hujusmodi</strong></span> <span class='ocrx_word' id='word_1_126' title='bbox 2245 2227 2470 2302; x_wconf 85' lang='lat' dir='ltr'><strong>debito</strong></span> <span class='ocrx_word' id='word_1_127' title='bbox 2537 2237 2981 2302; x_wconf 83' lang='lat' dir='ltr'><strong>confectarum</strong></span> <span class='ocrx_word' id='word_1_128' title='bbox 3046 2238 3376 2302; x_wconf 79' lang='lat' dir='ltr'><strong>restitutio</strong></span> <span class='ocrx_word' id='word_1_129' title='bbox 3424 2237 3601 2302; x_wconf 88' lang='lat' dir='ltr'><strong>dicto</strong></span> <span class='ocrx_word' id='word_1_130' title='bbox 3650 2237 3976 2302; x_wconf 81' lang='lat' dir='ltr'><strong>Lodovico</strong></span> 
     </span>
     <span class='ocr_line' id='line_1_16' title="bbox 926 2343 3982 2425; baseline 0 -19"><span class='ocrx_word' id='word_1_131' title='bbox 926 2344 1327 2408; x_wconf 88' lang='lat' dir='ltr'><strong>sufficienter</strong></span> <span class='ocrx_word' id='word_1_132' title='bbox 1374 2345 1545 2408; x_wconf 88' lang='lat' dir='ltr'><strong>facta</strong></span> <span class='ocrx_word' id='word_1_133' title='bbox 1594 2355 1661 2409; x_wconf 92' lang='lat' dir='ltr'><strong>et</strong></span> <span class='ocrx_word' id='word_1_134' title='bbox 1710 2366 1933 2409; x_wconf 89' lang='lat' dir='ltr'><strong>earum</strong></span> <span class='ocrx_word' id='word_1_135' title='bbox 1983 2346 2369 2409; x_wconf 90' lang='lat' dir='ltr'><strong>cancellatio</strong></span> <span class='ocrx_word' id='word_1_136' title='bbox 2419 2345 2771 2408; x_wconf 89' lang='lat' dir='ltr'><strong>subsecuta</strong></span> <span class='ocrx_word' id='word_1_137' title='bbox 2816 2345 3123 2425; x_wconf 85' lang='lat' dir='ltr'><strong>fuissent,</strong></span> <span class='ocrx_word' id='word_1_138' title='bbox 3175 2344 3396 2408; x_wconf 89' lang='lat' dir='ltr'><strong>dilecti</strong></span> <span class='ocrx_word' id='word_1_139' title='bbox 3431 2344 3546 2407; x_wconf 86' lang='lat' dir='ltr'><strong>filii</strong></span> <span class='ocrx_word' id='word_1_140' title='bbox 3580 2344 3833 2408; x_wconf 89' lang='lat' dir='ltr'><strong>nobiles</strong></span> <span class='ocrx_word' id='word_1_141' title='bbox 3867 2343 3982 2407; x_wconf 83' lang='lat' dir='ltr'><strong>viri</strong></span> 
     </span>
     <span class='ocr_line' id='line_1_17' title="bbox 924 2449 3982 2535; baseline -0.001 -20"><span class='ocrx_word' id='word_1_142' title='bbox 924 2449 1319 2515; x_wconf 84' lang='lat' dir='ltr'><strong>Godefridus</strong></span> <span class='ocrx_word' id='word_1_143' title='bbox 1382 2450 1463 2515; x_wconf 88' lang='lat' dir='ltr'><strong>de</strong></span> <span class='ocrx_word' id='word_1_144' title='bbox 1528 2451 1863 2516; x_wconf 87' lang='lat' dir='ltr'><strong>Gronsfelt</strong></span> <span class='ocrx_word' id='word_1_145' title='bbox 1928 2457 1994 2515; x_wconf 89' lang='lat' dir='ltr'><strong>et</strong></span> <span class='ocrx_word' id='word_1_146' title='bbox 2057 2451 2378 2515; x_wconf 88' lang='lat' dir='ltr'><strong>Wirricus</strong></span> <span class='ocrx_word' id='word_1_147' title='bbox 2443 2450 2526 2515; x_wconf 91' lang='lat' dir='ltr'><strong>de</strong></span> <span class='ocrx_word' id='word_1_148' title='bbox 2590 2450 3016 2535; x_wconf 83' lang='lat' dir='ltr'><strong>Weydaberg</strong></span> <span class='ocrx_word' id='word_1_149' title='bbox 3077 2452 3319 2514; x_wconf 86' lang='lat' dir='ltr'><strong>milites</strong></span> <span class='ocrx_word' id='word_1_150' title='bbox 3382 2450 3553 2514; x_wconf 90' lang='lat' dir='ltr'><strong>dicte</strong></span> <span class='ocrx_word' id='word_1_151' title='bbox 3603 2449 3982 2514; x_wconf 84' lang='lat' dir='ltr'><strong>Leodiensis</strong></span> 
     </span>
     <span class='ocr_line' id='line_1_18' title="bbox 921 2554 3981 2643; baseline -0 -24"><span class='ocrx_word' id='word_1_152' title='bbox 921 2554 1197 2620; x_wconf 89' lang='lat' dir='ltr'><strong>diocesis</strong></span> <span class='ocrx_word' id='word_1_153' title='bbox 1262 2566 1328 2620; x_wconf 89' lang='lat' dir='ltr'><strong>et</strong></span> <span class='ocrx_word' id='word_1_154' title='bbox 1394 2558 1691 2621; x_wconf 89' lang='lat' dir='ltr'><strong>nonnulli</strong></span> <span class='ocrx_word' id='word_1_155' title='bbox 1760 2565 1892 2622; x_wconf 88' lang='lat' dir='ltr'><strong>tam</strong></span> <span class='ocrx_word' id='word_1_156' title='bbox 1946 2557 2305 2641; x_wconf 88' lang='lat' dir='ltr'><strong>burgenses</strong></span> <span class='ocrx_word' id='word_1_157' title='bbox 2355 2556 2435 2621; x_wconf 93' lang='lat' dir='ltr'><strong>de</strong></span> <span class='ocrx_word' id='word_1_158' title='bbox 2486 2557 2680 2643; x_wconf 91' lang='lat' dir='ltr'><strong>opido</strong></span> <span class='ocrx_word' id='word_1_159' title='bbox 2730 2566 3089 2621; x_wconf 89' lang='lat' dir='ltr'><strong>memorato</strong></span> <span class='ocrx_word' id='word_1_160' title='bbox 3139 2577 3332 2643; x_wconf 91' lang='lat' dir='ltr'><strong>quam</strong></span> <span class='ocrx_word' id='word_1_161' title='bbox 3382 2556 3493 2619; x_wconf 91' lang='lat' dir='ltr'><strong>alii</strong></span> <span class='ocrx_word' id='word_1_162' title='bbox 3541 2577 3616 2620; x_wconf 89' lang='lat' dir='ltr'><strong>ac</strong></span> <span class='ocrx_word' id='word_1_163' title='bbox 3665 2555 3981 2619; x_wconf 90' lang='lat' dir='ltr'><strong>dictorum</strong></span> 
     </span>
     <span class='ocr_line' id='line_1_19' title="bbox 920 2661 3978 2748; baseline -0.001 -22"><span class='ocrx_word' id='word_1_164' title='bbox 920 2662 1259 2727; x_wconf 86' lang='lat' dir='ltr'><strong>Godefridi</strong></span> <span class='ocrx_word' id='word_1_165' title='bbox 1311 2670 1378 2726; x_wconf 89' lang='lat' dir='ltr'><strong>et</strong></span> <span class='ocrx_word' id='word_1_166' title='bbox 1432 2664 1690 2727; x_wconf 89' lang='lat' dir='ltr'><strong>Wirrici</strong></span> <span class='ocrx_word' id='word_1_167' title='bbox 1740 2663 2090 2727; x_wconf 85' lang='lat' dir='ltr'><strong>familiares</strong></span> <span class='ocrx_word' id='word_1_168' title='bbox 2139 2670 2207 2726; x_wconf 93' lang='lat' dir='ltr'><strong>et</strong></span> <span class='ocrx_word' id='word_1_169' title='bbox 2256 2664 2604 2748; x_wconf 91' lang='lat' dir='ltr'><strong>complices</strong></span> <span class='ocrx_word' id='word_1_170' title='bbox 2637 2665 2704 2727; x_wconf 88' lang='lat' dir='ltr'><strong>in</strong></span> <span class='ocrx_word' id='word_1_171' title='bbox 2740 2664 2862 2726; x_wconf 91' lang='lat' dir='ltr'><strong>hac</strong></span> <span class='ocrx_word' id='word_1_172' title='bbox 2896 2670 3113 2748; x_wconf 89' lang='lat' dir='ltr'><strong>parte,</strong></span> <span class='ocrx_word' id='word_1_173' title='bbox 3162 2684 3436 2748; x_wconf 89' lang='lat' dir='ltr'><strong>quorum</strong></span> <span class='ocrx_word' id='word_1_174' title='bbox 3471 2662 3739 2726; x_wconf 89' lang='lat' dir='ltr'><strong>nomina</strong></span> <span class='ocrx_word' id='word_1_175' title='bbox 3772 2661 3978 2726; x_wconf 89' lang='lat' dir='ltr'><strong>eidem</strong></span> 
     </span>
     <span class='ocr_line' id='line_1_20' title="bbox 923 2768 3974 2857; baseline -0.001 -25"><span class='ocrx_word' id='word_1_176' title='bbox 923 2768 1346 2853; x_wconf 88' lang='lat' dir='ltr'><strong>Hildighero,</strong></span> <span class='ocrx_word' id='word_1_177' title='bbox 1397 2778 1470 2833; x_wconf 91' lang='lat' dir='ltr'><strong>ut</strong></span> <span class='ocrx_word' id='word_1_178' title='bbox 1518 2771 1778 2852; x_wconf 87' lang='lat' dir='ltr'><strong>asserit,</strong></span> <span class='ocrx_word' id='word_1_179' title='bbox 1829 2778 2018 2834; x_wconf 89' lang='lat' dir='ltr'><strong>erant</strong></span> <span class='ocrx_word' id='word_1_180' title='bbox 2065 2779 2132 2834; x_wconf 87' lang='lat' dir='ltr'><strong>et</strong></span> <span class='ocrx_word' id='word_1_181' title='bbox 2180 2779 2335 2834; x_wconf 87' lang='lat' dir='ltr'><strong>sunt</strong></span> <span class='ocrx_word' id='word_1_182' title='bbox 2381 2791 2645 2857; x_wconf 88' lang='lat' dir='ltr'><strong>prorsus</strong></span> <span class='ocrx_word' id='word_1_183' title='bbox 2691 2771 2948 2854; x_wconf 84' lang='lat' dir='ltr'><strong>ignota,</strong></span> <span class='ocrx_word' id='word_1_184' title='bbox 2998 2778 3250 2833; x_wconf 91' lang='lat' dir='ltr'><strong>armata</strong></span> <span class='ocrx_word' id='word_1_185' title='bbox 3294 2790 3494 2833; x_wconf 90' lang='lat' dir='ltr'><strong>manu</strong></span> <span class='ocrx_word' id='word_1_186' title='bbox 3526 2768 3609 2832; x_wconf 91' lang='lat' dir='ltr'><strong>ad</strong></span> <span class='ocrx_word' id='word_1_187' title='bbox 3643 2769 3974 2833; x_wconf 88' lang='lat' dir='ltr'><strong>ecclesiam</strong></span> 
     </span>
     <span class='ocr_line' id='line_1_21' title="bbox 923 2876 3978 2963; baseline -0.001 -23"><span class='ocrx_word' id='word_1_188' title='bbox 923 2883 1388 2940; x_wconf 86' lang='lat' dir='ltr'><strong>concurrentes</strong></span> <span class='ocrx_word' id='word_1_189' title='bbox 1437 2876 1745 2957; x_wconf 90' lang='lat' dir='ltr'><strong>eandem,</strong></span> <span class='ocrx_word' id='word_1_190' title='bbox 1796 2876 2043 2941; x_wconf 90' lang='lat' dir='ltr'><strong>dictum</strong></span> <span class='ocrx_word' id='word_1_191' title='bbox 2077 2881 2567 2963; x_wconf 88' lang='lat' dir='ltr'><strong>procuratorem</strong></span> <span class='ocrx_word' id='word_1_192' title='bbox 2601 2877 2854 2963; x_wconf 86' lang='lat' dir='ltr'><strong>prefata</strong></span> <span class='ocrx_word' id='word_1_193' title='bbox 2887 2878 3165 2962; x_wconf 89' lang='lat' dir='ltr'><strong>pecunie</strong></span> <span class='ocrx_word' id='word_1_194' title='bbox 3198 2898 3483 2958; x_wconf 89' lang='lat' dir='ltr'><strong>summa,</strong></span> <span class='ocrx_word' id='word_1_195' title='bbox 3533 2898 3728 2963; x_wconf 92' lang='lat' dir='ltr'><strong>quam</strong></span> <span class='ocrx_word' id='word_1_196' title='bbox 3762 2896 3978 2941; x_wconf 90' lang='lat' dir='ltr'><strong>secum</strong></span> 
     </span>
     <span class='ocr_line' id='line_1_22' title="bbox 929 2981 3987 3069; baseline -0 -23"><span class='ocrx_word' id='word_1_197' title='bbox 929 2981 1254 3064; x_wconf 89' lang='lat' dir='ltr'><strong>habebat,</strong></span> <span class='ocrx_word' id='word_1_198' title='bbox 1305 2983 1475 3047; x_wconf 85' lang='lat' dir='ltr'><strong>infra</strong></span> <span class='ocrx_word' id='word_1_199' title='bbox 1522 2982 1769 3047; x_wconf 90' lang='lat' dir='ltr'><strong>dictum</strong></span> <span class='ocrx_word' id='word_1_200' title='bbox 1818 2984 2133 3048; x_wconf 90' lang='lat' dir='ltr'><strong>ambitum</strong></span> <span class='ocrx_word' id='word_1_201' title='bbox 2185 3004 2349 3047; x_wconf 90' lang='lat' dir='ltr'><strong>ausu</strong></span> <span class='ocrx_word' id='word_1_202' title='bbox 2399 2984 2714 3068; x_wconf 86' lang='lat' dir='ltr'><strong>sacrilego</strong></span> <span class='ocrx_word' id='word_1_203' title='bbox 2764 3004 2879 3068; x_wconf 90' lang='lat' dir='ltr'><strong>per</strong></span> <span class='ocrx_word' id='word_1_204' title='bbox 2927 2984 3306 3047; x_wconf 81' lang='lat' dir='ltr'><strong>violentiam</strong></span> <span class='ocrx_word' id='word_1_205' title='bbox 3355 2984 3717 3069; x_wconf 88' lang='lat' dir='ltr'><strong>spoliarunt</strong></span> <span class='ocrx_word' id='word_1_206' title='bbox 3751 2991 3820 3048; x_wconf 90' lang='lat' dir='ltr'><strong>et</strong></span> <span class='ocrx_word' id='word_1_207' title='bbox 3853 3004 3987 3047; x_wconf 89' lang='lat' dir='ltr'><strong>eam</strong></span> 
     </span>
     <span class='ocr_line' id='line_1_23' title="bbox 933 3088 3986 3176; baseline 0.001 -25"><span class='ocrx_word' id='word_1_208' title='bbox 933 3108 1153 3153; x_wconf 91' lang='lat' dir='ltr'><strong>secum</strong></span> <span class='ocrx_word' id='word_1_209' title='bbox 1205 3095 1644 3175; x_wconf 87' lang='lat' dir='ltr'><strong>asportarunt.</strong></span> <span class='ocrx_word' id='word_1_210' title='bbox 1697 3090 1913 3164; x_wconf 84' lang='lat' dir='ltr'><strong>Quare</strong></span> <span class='ocrx_word' id='word_1_211' title='bbox 1959 3111 2077 3175; x_wconf 90' lang='lat' dir='ltr'><strong>pro</strong></span> <span class='ocrx_word' id='word_1_212' title='bbox 2125 3096 2315 3176; x_wconf 89' lang='lat' dir='ltr'><strong>parte</strong></span> <span class='ocrx_word' id='word_1_213' title='bbox 2363 3089 2568 3174; x_wconf 88' lang='lat' dir='ltr'><strong>ipsius</strong></span> <span class='ocrx_word' id='word_1_214' title='bbox 2616 3088 3006 3174; x_wconf 84' lang='lat' dir='ltr'><strong>Hildegheri</strong></span> <span class='ocrx_word' id='word_1_215' title='bbox 3054 3090 3177 3153; x_wconf 87' lang='lat' dir='ltr'><strong>fuit</strong></span> <span class='ocrx_word' id='word_1_216' title='bbox 3224 3090 3414 3153; x_wconf 88' lang='lat' dir='ltr'><strong>nobis</strong></span> <span class='ocrx_word' id='word_1_217' title='bbox 3462 3090 3802 3155; x_wconf 87' lang='lat' dir='ltr'><strong>humiliter</strong></span> <span class='ocrx_word' id='word_1_218' title='bbox 3846 3111 3986 3174; x_wconf 90' lang='lat' dir='ltr'><strong>sup-</strong></span> 
     </span>
     <span class='ocr_line' id='line_1_24' title="bbox 921 3195 3982 3282; baseline -0.001 -23"><span class='ocrx_word' id='word_1_219' title='bbox 921 3195 1271 3281; x_wconf 86' lang='lat' dir='ltr'><strong>plicatum,</strong></span> <span class='ocrx_word' id='word_1_220' title='bbox 1337 3202 1413 3259; x_wconf 89' lang='lat' dir='ltr'><strong>ut</strong></span> <span class='ocrx_word' id='word_1_221' title='bbox 1476 3195 1818 3282; x_wconf 87' lang='lat' dir='ltr'><strong>providere</strong></span> <span class='ocrx_word' id='word_1_222' title='bbox 1880 3196 2004 3261; x_wconf 87' lang='lat' dir='ltr'><strong>sibi</strong></span> <span class='ocrx_word' id='word_1_223' title='bbox 2062 3217 2258 3282; x_wconf 89' lang='lat' dir='ltr'><strong>super</strong></span> <span class='ocrx_word' id='word_1_224' title='bbox 2305 3195 2427 3259; x_wconf 91' lang='lat' dir='ltr'><strong>hoc</strong></span> <span class='ocrx_word' id='word_1_225' title='bbox 2479 3195 2560 3259; x_wconf 92' lang='lat' dir='ltr'><strong>de</strong></span> <span class='ocrx_word' id='word_1_226' title='bbox 2610 3203 2932 3281; x_wconf 90' lang='lat' dir='ltr'><strong>oportuno</strong></span> <span class='ocrx_word' id='word_1_227' title='bbox 2983 3195 3272 3260; x_wconf 89' lang='lat' dir='ltr'><strong>remedio</strong></span> <span class='ocrx_word' id='word_1_228' title='bbox 3321 3195 3759 3280; x_wconf 86' lang='lat' dir='ltr'><strong>dignaremur.</strong></span> <span class='ocrx_word' id='word_1_229' title='bbox 3853 3195 3982 3260; x_wconf 84' lang='lat' dir='ltr'><strong>Nos</strong></span> 
     </span>
     <span class='ocr_line' id='line_1_25' title="bbox 925 3302 3988 3389; baseline 0 -24"><span class='ocrx_word' id='word_1_230' title='bbox 925 3302 1150 3386; x_wconf 86' lang='lat' dir='ltr'><strong>igitur,</strong></span> <span class='ocrx_word' id='word_1_231' title='bbox 1198 3303 1402 3387; x_wconf 88' lang='lat' dir='ltr'><strong>ipsius</strong></span> <span class='ocrx_word' id='word_1_232' title='bbox 1444 3302 1833 3387; x_wconf 85' lang='lat' dir='ltr'><strong>Hildegheri</strong></span> <span class='ocrx_word' id='word_1_233' title='bbox 1882 3302 2470 3389; x_wconf 89' lang='lat' dir='ltr'><strong>supplicationibus</strong></span> <span class='ocrx_word' id='word_1_234' title='bbox 2517 3303 2843 3384; x_wconf 89' lang='lat' dir='ltr'><strong>inclinati,</strong></span> <span class='ocrx_word' id='word_1_235' title='bbox 2892 3302 3289 3366; x_wconf 86' lang='lat' dir='ltr'><strong>fraternitati</strong></span> <span class='ocrx_word' id='word_1_236' title='bbox 3332 3309 3444 3367; x_wconf 88' lang='lat' dir='ltr'><strong>tue</strong></span> <span class='ocrx_word' id='word_1_237' title='bbox 3484 3324 3599 3389; x_wconf 91' lang='lat' dir='ltr'><strong>per</strong></span> <span class='ocrx_word' id='word_1_238' title='bbox 3638 3303 3988 3388; x_wconf 85' lang='lat' dir='ltr'><strong>apostolica</strong></span> 
     </span>
     <span class='ocr_line' id='line_1_26' title="bbox 922 3408 3984 3495; baseline 0 -24"><span class='ocrx_word' id='word_1_239' title='bbox 922 3408 1164 3493; x_wconf 88' lang='lat' dir='ltr'><strong>scripta</strong></span> <span class='ocrx_word' id='word_1_240' title='bbox 1234 3408 1653 3491; x_wconf 85' lang='lat' dir='ltr'><strong>mandamus,</strong></span> <span class='ocrx_word' id='word_1_241' title='bbox 1727 3410 2035 3495; x_wconf 87' lang='lat' dir='ltr'><strong>quatinus</strong></span> <span class='ocrx_word' id='word_1_242' title='bbox 2109 3408 2357 3473; x_wconf 83' lang='lat' dir='ltr'><strong>vocatis</strong></span> <span class='ocrx_word' id='word_1_243' title='bbox 2422 3410 2534 3495; x_wconf 90' lang='lat' dir='ltr'><strong>qui</strong></span> <span class='ocrx_word' id='word_1_244' title='bbox 2597 3409 2842 3473; x_wconf 87' lang='lat' dir='ltr'><strong>fuerint</strong></span> <span class='ocrx_word' id='word_1_245' title='bbox 2906 3408 3222 3473; x_wconf 86' lang='lat' dir='ltr'><strong>evocandi</strong></span> <span class='ocrx_word' id='word_1_246' title='bbox 3281 3417 3350 3473; x_wconf 91' lang='lat' dir='ltr'><strong>et</strong></span> <span class='ocrx_word' id='word_1_247' title='bbox 3397 3409 3636 3473; x_wconf 91' lang='lat' dir='ltr'><strong>auditis</strong></span> <span class='ocrx_word' id='word_1_248' title='bbox 3684 3408 3984 3473; x_wconf 88' lang='lat' dir='ltr'><strong>hincinde</strong></span> 
     </span>
     <span class='ocr_line' id='line_1_27' title="bbox 925 3514 3984 3602; baseline 0 -26"><span class='ocrx_word' id='word_1_249' title='bbox 925 3515 1312 3600; x_wconf 88' lang='lat' dir='ltr'><strong>propositis,</strong></span> <span class='ocrx_word' id='word_1_250' title='bbox 1365 3515 1746 3601; x_wconf 87' lang='lat' dir='ltr'><strong>simpliciter</strong></span> <span class='ocrx_word' id='word_1_251' title='bbox 1792 3524 1860 3579; x_wconf 90' lang='lat' dir='ltr'><strong>et</strong></span> <span class='ocrx_word' id='word_1_252' title='bbox 1908 3515 1989 3579; x_wconf 90' lang='lat' dir='ltr'><strong>de</strong></span> <span class='ocrx_word' id='word_1_253' title='bbox 2038 3514 2234 3601; x_wconf 92' lang='lat' dir='ltr'><strong>plano</strong></span> <span class='ocrx_word' id='word_1_254' title='bbox 2281 3535 2356 3578; x_wconf 91' lang='lat' dir='ltr'><strong>ac</strong></span> <span class='ocrx_word' id='word_1_255' title='bbox 2406 3515 2546 3579; x_wconf 88' lang='lat' dir='ltr'><strong>sine</strong></span> <span class='ocrx_word' id='word_1_256' title='bbox 2595 3515 2872 3601; x_wconf 91' lang='lat' dir='ltr'><strong>strepitu</strong></span> <span class='ocrx_word' id='word_1_257' title='bbox 2917 3521 2986 3579; x_wconf 91' lang='lat' dir='ltr'><strong>et</strong></span> <span class='ocrx_word' id='word_1_258' title='bbox 3018 3515 3225 3600; x_wconf 83' lang='lat' dir='ltr'><strong>figura</strong></span> <span class='ocrx_word' id='word_1_259' title='bbox 3256 3514 3490 3600; x_wconf 87' lang='lat' dir='ltr'><strong>judicii</strong></span> <span class='ocrx_word' id='word_1_260' title='bbox 3530 3514 3704 3602; x_wconf 92' lang='lat' dir='ltr'><strong>quod</strong></span> <span class='ocrx_word' id='word_1_261' title='bbox 3738 3517 3984 3600; x_wconf 87' lang='lat' dir='ltr'><strong>justum</strong></span> 
     </span>
     <span class='ocr_line' id='line_1_28' title="bbox 919 3620 3984 3708; baseline 0 -24"><span class='ocrx_word' id='word_1_262' title='bbox 919 3620 1145 3703; x_wconf 88' lang='lat' dir='ltr'><strong>fuerit,</strong></span> <span class='ocrx_word' id='word_1_263' title='bbox 1190 3623 1632 3708; x_wconf 86' lang='lat' dir='ltr'><strong>appellatione</strong></span> <span class='ocrx_word' id='word_1_264' title='bbox 1673 3631 1955 3704; x_wconf 88' lang='lat' dir='ltr'><strong>remota,</strong></span> <span class='ocrx_word' id='word_1_265' title='bbox 1991 3623 2340 3703; x_wconf 87' lang='lat' dir='ltr'><strong>decernas,</strong></span> <span class='ocrx_word' id='word_1_266' title='bbox 2373 3621 2620 3685; x_wconf 85' lang='lat' dir='ltr'><strong>faciens</strong></span> <span class='ocrx_word' id='word_1_267' title='bbox 2654 3620 2828 3708; x_wconf 91' lang='lat' dir='ltr'><strong>quod</strong></span> <span class='ocrx_word' id='word_1_268' title='bbox 2861 3620 3230 3686; x_wconf 86' lang='lat' dir='ltr'><strong>decreveris</strong></span> <span class='ocrx_word' id='word_1_269' title='bbox 3264 3642 3381 3708; x_wconf 90' lang='lat' dir='ltr'><strong>per</strong></span> <span class='ocrx_word' id='word_1_270' title='bbox 3412 3642 3754 3686; x_wconf 87' lang='lat' dir='ltr'><strong>censuram</strong></span> <span class='ocrx_word' id='word_1_271' title='bbox 3788 3622 3984 3685; x_wconf 89' lang='lat' dir='ltr'><strong>eccle-</strong></span> 
     </span>
     <span class='ocr_line' id='line_1_29' title="bbox 935 3727 3984 3813; baseline 0.001 -24"><span class='ocrx_word' id='word_1_272' title='bbox 935 3727 1264 3791; x_wconf 84' lang='lat' dir='ltr'><strong>siasticam</strong></span> <span class='ocrx_word' id='word_1_273' title='bbox 1327 3728 1599 3793; x_wconf 90' lang='lat' dir='ltr'><strong>firmiter</strong></span> <span class='ocrx_word' id='word_1_274' title='bbox 1656 3729 2006 3792; x_wconf 87' lang='lat' dir='ltr'><strong>observari.</strong></span> <span class='ocrx_word' id='word_1_275' title='bbox 2105 3728 2338 3792; x_wconf 88' lang='lat' dir='ltr'><strong>Testes</strong></span> <span class='ocrx_word' id='word_1_276' title='bbox 2387 3731 2639 3809; x_wconf 89' lang='lat' dir='ltr'><strong>autem,</strong></span> <span class='ocrx_word' id='word_1_277' title='bbox 2692 3729 2800 3812; x_wconf 92' lang='lat' dir='ltr'><strong>qui</strong></span> <span class='ocrx_word' id='word_1_278' title='bbox 2849 3727 3093 3792; x_wconf 86' lang='lat' dir='ltr'><strong>fuerint</strong></span> <span class='ocrx_word' id='word_1_279' title='bbox 3140 3727 3487 3809; x_wconf 89' lang='lat' dir='ltr'><strong>nominati,</strong></span> <span class='ocrx_word' id='word_1_280' title='bbox 3537 3728 3592 3791; x_wconf 87' lang='lat' dir='ltr'><strong>si</strong></span> <span class='ocrx_word' id='word_1_281' title='bbox 3637 3749 3707 3792; x_wconf 91' lang='lat' dir='ltr'><strong>se</strong></span> <span class='ocrx_word' id='word_1_282' title='bbox 3755 3728 3984 3813; x_wconf 83' lang='lat' dir='ltr'><strong>gratia,</strong></span> 
     </span>
     <span class='ocr_line' id='line_1_30' title="bbox 930 3833 3982 3920; baseline 0.001 -24"><span class='ocrx_word' id='word_1_283' title='bbox 930 3833 1083 3897; x_wconf 92' lang='lat' dir='ltr'><strong>odio</strong></span> <span class='ocrx_word' id='word_1_284' title='bbox 1156 3835 1260 3899; x_wconf 85' lang='lat' dir='ltr'><strong>vel</strong></span> <span class='ocrx_word' id='word_1_285' title='bbox 1333 3835 1563 3899; x_wconf 88' lang='lat' dir='ltr'><strong>timore</strong></span> <span class='ocrx_word' id='word_1_286' title='bbox 1614 3835 2097 3916; x_wconf 84' lang='lat' dir='ltr'><strong>subtraxerint,</strong></span> <span class='ocrx_word' id='word_1_287' title='bbox 2160 3854 2436 3899; x_wconf 88' lang='lat' dir='ltr'><strong>censura</strong></span> <span class='ocrx_word' id='word_1_288' title='bbox 2483 3834 2712 3916; x_wconf 91' lang='lat' dir='ltr'><strong>simili,</strong></span> <span class='ocrx_word' id='word_1_289' title='bbox 2764 3835 3210 3920; x_wconf 90' lang='lat' dir='ltr'><strong>appellacione</strong></span> <span class='ocrx_word' id='word_1_290' title='bbox 3258 3842 3594 3915; x_wconf 89' lang='lat' dir='ltr'><strong>cessante,</strong></span> <span class='ocrx_word' id='word_1_291' title='bbox 3641 3836 3982 3920; x_wconf 82' lang='lat' dir='ltr'><strong>compellas</strong></span> 
     </span>
     <span class='ocr_line' id='line_1_31' title="bbox 920 3938 3978 4027; baseline -0.001 -23"><span class='ocrx_word' id='word_1_292' title='bbox 920 3941 1185 4004; x_wconf 82' lang='lat' dir='ltr'><strong>veritati</strong></span> <span class='ocrx_word' id='word_1_293' title='bbox 1250 3941 1697 4005; x_wconf 89' lang='lat' dir='ltr'><strong>testimonium</strong></span> <span class='ocrx_word' id='word_1_294' title='bbox 1760 3941 2126 4027; x_wconf 88' lang='lat' dir='ltr'><strong>perhibere.</strong></span> <span class='ocrx_word' id='word_1_295' title='bbox 2224 3940 2379 4004; x_wconf 89' lang='lat' dir='ltr'><strong>Dat.</strong></span> <span class='ocrx_word' id='word_1_296' title='bbox 2444 3939 2657 4004; x_wconf 88' lang='lat' dir='ltr'><strong>Rome</strong></span> <span class='ocrx_word' id='word_1_297' title='bbox 2721 3939 2894 4025; x_wconf 91' lang='lat' dir='ltr'><strong>apud</strong></span> <span class='ocrx_word' id='word_1_298' title='bbox 2962 3939 3278 4004; x_wconf 82' lang='lat' dir='ltr'><strong>Sanctum</strong></span> <span class='ocrx_word' id='word_1_299' title='bbox 3326 3938 3632 4022; x_wconf 89' lang='lat' dir='ltr'><strong>Petrum,</strong></span> <span class='ocrx_word' id='word_1_300' title='bbox 3698 3940 3830 4005; x_wconf 88' lang='lat' dir='ltr'><strong>VII</strong></span> <span class='ocrx_word' id='word_1_301' title='bbox 3878 3940 3978 4005; x_wconf 86' lang='lat' dir='ltr'><strong>Kl.</strong></span> 
     </span>
     <span class='ocr_line' id='line_1_32' title="bbox 921 4045 1867 4132; baseline -0.001 -22"><span class='ocrx_word' id='word_1_302' title='bbox 921 4045 1346 4128; x_wconf 81' lang='lat' dir='ltr'><strong>Novembris,</strong></span> <span class='ocrx_word' id='word_1_303' title='bbox 1396 4068 1569 4111; x_wconf 88' lang='lat' dir='ltr'><strong>anno</strong></span> <span class='ocrx_word' id='word_1_304' title='bbox 1618 4048 1867 4132; x_wconf 89' lang='lat' dir='ltr'><strong>quinto.</strong></span> 
     </span>
    </p>
   </div>
   <div class='ocr_carea' id='block_1_6' title="bbox 1340 4182 2061 4245">
    <p class='ocr_par' dir='ltr' id='par_1_7' title="bbox 1340 4182 2061 4245">
     <span class='ocr_line' id='line_1_33' title="bbox 1340 4182 2061 4245; baseline -0.001 -15"><span class='ocrx_word' id='word_1_305' title='bbox 1340 4184 1459 4244; x_wconf 65' lang='lat' dir='ltr'><strong>neq.</strong></span> <span class='ocrx_word' id='word_1_306' title='bbox 1496 4184 1596 4232; x_wconf 62' lang='lat' dir='ltr'><strong>An.</strong></span> <span class='ocrx_word' id='word_1_307' title='bbox 1640 4185 1694 4231; x_wconf 86' lang='lat' dir='ltr'><strong>T.</strong></span> <span class='ocrx_word' id='word_1_308' title='bbox 1732 4182 1819 4242; x_wconf 74' lang='grc' dir='ltr'><strong>ω,</strong></span> <span class='ocrx_word' id='word_1_309' title='bbox 1853 4185 1910 4245; x_wconf 84' lang='lat' dir='ltr'><strong>f.</strong></span> <span class='ocrx_word' id='word_1_310' title='bbox 1947 4183 2061 4230; x_wconf 51' lang='grc' dir='ltr'><strong>ὑοῦ.</strong></span> 
     </span>
    </p>
   </div>
   <div class='ocr_carea' id='block_1_7' title="bbox 1070 4325 2285 4392">
    <p class='ocr_par' dir='ltr' id='par_1_8' title="bbox 1070 4325 2285 4392">
     <span class='ocr_line' id='line_1_34' title="bbox 1070 4325 2285 4392; baseline -0.002 -17"><span class='ocrx_word' id='word_1_311' title='bbox 1070 4326 1125 4388; x_wconf 79' lang='grc'><strong>1)</strong></span> <span class='ocrx_word' id='word_1_312' title='bbox 1164 4327 1467 4392; x_wconf 79' lang='lat' dir='ltr'><strong>Legendum</strong></span> <span class='ocrx_word' id='word_1_313' title='bbox 1504 4327 1677 4389; x_wconf 79' lang='lat' dir='ltr'><strong>potius</strong></span> <span class='ocrx_word' id='word_1_314' title='bbox 1712 4327 1949 4375; x_wconf 84' lang='lat' dir='ltr'><strong>videtur:</strong></span> <span class='ocrx_word' id='word_1_315' title='bbox 1991 4325 2285 4374; x_wconf 69' lang='lat' dir='ltr'><strong>Vanlstave.</strong></span> 
     </span>
    </p>
   </div>
   <div class='ocr_carea' id='block_1_8' title="bbox 919 4809 3273 4896">
    <p class='ocr_par' dir='ltr' id='par_1_9' title="bbox 919 4809 3273 4896">
     <span class='ocr_line' id='line_1_35' title="bbox 919 4809 3273 4896; baseline -0.003 -14"><span class='ocrx_word' id='word_1_316' title='bbox 919 4815 1115 4883; x_wconf 79' lang='lat'>1848.</span> <span class='ocrx_word' id='word_1_317' title='bbox 1634 4815 1835 4895; x_wconf 85' lang='lat'><strong>1367,</strong></span> <span class='ocrx_word' id='word_1_318' title='bbox 1887 4812 2168 4877; x_wconf 78' lang='lat' dir='ltr'><strong>Octobris</strong></span> <span class='ocrx_word' id='word_1_319' title='bbox 2214 4815 2324 4893; x_wconf 78' lang='lat'><strong>27,</strong></span> <span class='ocrx_word' id='word_1_320' title='bbox 2372 4811 2642 4894; x_wconf 81' lang='lat' dir='ltr'><strong>(Romae</strong></span> <span class='ocrx_word' id='word_1_321' title='bbox 2686 4832 2791 4896; x_wconf 81' lang='lat' dir='ltr'><strong>ap.</strong></span> <span class='ocrx_word' id='word_1_322' title='bbox 2843 4810 2910 4874; x_wconf 83' lang='lat' dir='ltr'><strong>S.</strong></span> <span class='ocrx_word' id='word_1_323' title='bbox 2953 4809 3273 4895; x_wconf 84' lang='lat' dir='ltr'><strong>Petrum).</strong></span> 
     </span>
    </p>
   </div>
   <div class='ocr_carea' id='block_1_9' title="bbox 1151 4963 3979 5155">
    <p class='ocr_par' dir='ltr' id='par_1_10' title="bbox 1151 4963 3979 5155">
     <span class='ocr_line' id='line_1_36' title="bbox 1238 4963 3979 5052; baseline -0.003 -19"><span class='ocrx_word' id='word_1_324' title='bbox 1238 4969 1531 5033; x_wconf 81' lang='lat' dir='ltr'><strong>Johanni</strong></span> <span class='ocrx_word' id='word_1_325' title='bbox 1592 4966 1911 5052; x_wconf 80' lang='lat' dir='ltr'><strong>Spyeman</strong></span> <span class='ocrx_word' id='word_1_326' title='bbox 1972 4966 2049 5029; x_wconf 86' lang='lat' dir='ltr'><strong>de</strong></span> <span class='ocrx_word' id='word_1_327' title='bbox 2109 4967 2400 5050; x_wconf 80' lang='lat' dir='ltr'><strong>Asperen</strong></span> <span class='ocrx_word' id='word_1_328' title='bbox 2462 4966 2685 5029; x_wconf 81' lang='lat' dir='ltr'><strong>clerico</strong></span> <span class='ocrx_word' id='word_1_329' title='bbox 2746 4987 2871 5029; x_wconf 88' lang='lat' dir='ltr'><strong>non</strong></span> <span class='ocrx_word' id='word_1_330' title='bbox 2929 4967 3263 5048; x_wconf 77' lang='lat' dir='ltr'><strong>conjuyato</strong></span> <span class='ocrx_word' id='word_1_331' title='bbox 3308 4987 3416 5029; x_wconf 88' lang='lat' dir='ltr'><strong>nec</strong></span> <span class='ocrx_word' id='word_1_332' title='bbox 3461 4967 3530 5029; x_wconf 91' lang='lat' dir='ltr'><strong>in</strong></span> <span class='ocrx_word' id='word_1_333' title='bbox 3573 4967 3776 5029; x_wconf 79' lang='lat' dir='ltr'><strong>sacris</strong></span> <span class='ocrx_word' id='word_1_334' title='bbox 3821 4963 3979 5029; x_wconf 86' lang='lat' dir='ltr'><strong>ordi-</strong></span> 
     </span>
     <span class='ocr_line' id='line_1_37' title="bbox 1151 5069 3413 5155; baseline -0.003 -16"><span class='ocrx_word' id='word_1_335' title='bbox 1151 5075 1333 5139; x_wconf 83' lang='lat' dir='ltr'><strong>nibus</strong></span> <span class='ocrx_word' id='word_1_336' title='bbox 1381 5076 1715 5138; x_wconf 75' lang='lat' dir='ltr'><strong>constituto</strong></span> <span class='ocrx_word' id='word_1_337' title='bbox 1772 5072 1831 5136; x_wconf 86' lang='lat' dir='ltr'><strong><em>T</em></strong></span> <span class='ocrx_word' id='word_1_338' title='bbox 1825 5075 1953 5155; x_wconf 84' lang='lat' dir='ltr'><strong>raj.</strong></span> <span class='ocrx_word' id='word_1_339' title='bbox 2000 5072 2189 5135; x_wconf 82' lang='lat' dir='ltr'><strong>dioec.</strong></span> <span class='ocrx_word' id='word_1_340' title='bbox 2240 5070 2569 5152; x_wconf 78' lang='lat' dir='ltr'><strong>confertur</strong></span> <span class='ocrx_word' id='word_1_341' title='bbox 2618 5070 3061 5135; x_wconf 79' lang='lat' dir='ltr'><strong>tabellionatus</strong></span> <span class='ocrx_word' id='word_1_342' title='bbox 3107 5069 3413 5153; x_wconf 81' lang='lat' dir='ltr'><strong>officium.</strong></span> 
     </span>
    </p>
   </div>
   <div class='ocr_carea' id='block_1_10' title="bbox 922 5253 3979 5456">
    <p class='ocr_par' dir='ltr' id='par_1_11' title="bbox 922 5253 3979 5456">
     <span class='ocr_line' id='line_1_38' title="bbox 1152 5253 3979 5339; baseline -0.004 -12"><span class='ocrx_word' id='word_1_343' title='bbox 1152 5261 1254 5328; x_wconf 84' lang='lat' dir='ltr'><strong>Ne</strong></span> <span class='ocrx_word' id='word_1_344' title='bbox 1324 5268 1778 5326; x_wconf 89' lang='lat' dir='ltr'><strong>contractuum</strong></span> <span class='ocrx_word' id='word_1_345' title='bbox 1846 5258 2316 5324; x_wconf 89' lang='lat' dir='ltr'><strong>memoria.</strong></span> <span class='ocrx_word' id='word_1_346' title='bbox 2388 5257 2540 5322; x_wconf 90' lang='lat' dir='ltr'><strong>Dat.</strong></span> <span class='ocrx_word' id='word_1_347' title='bbox 2605 5257 2938 5322; x_wconf 83' lang='lat' dir='ltr'><strong>Avinione</strong></span> <span class='ocrx_word' id='word_1_348' title='bbox 3001 5256 3180 5339; x_wconf 83' lang='lat' dir='ltr'><strong>(sic),</strong></span> <span class='ocrx_word' id='word_1_349' title='bbox 3246 5255 3346 5319; x_wconf 88' lang='lat' dir='ltr'><strong>VI</strong></span> <span class='ocrx_word' id='word_1_350' title='bbox 3400 5255 3509 5321; x_wconf 86' lang='lat' dir='ltr'><strong>Kl.</strong></span> <span class='ocrx_word' id='word_1_351' title='bbox 3557 5253 3979 5332; x_wconf 86' lang='lat' dir='ltr'><strong>Novembris,</strong></span> 
     </span>
     <span class='ocr_line' id='line_1_39' title="bbox 922 5369 1396 5456; baseline -0.006 -22"><span class='ocrx_word' id='word_1_352' title='bbox 922 5390 1097 5434; x_wconf 90' lang='lat' dir='ltr'><strong>anno</strong></span> <span class='ocrx_word' id='word_1_353' title='bbox 1146 5369 1396 5456; x_wconf 90' lang='lat' dir='ltr'><strong>quinto.</strong></span> 
     </span>
    </p>
   </div>
   <div class='ocr_carea' id='block_1_11' title="bbox 1341 5498 2075 5565">
    <p class='ocr_par' dir='ltr' id='par_1_12' title="bbox 1341 5498 2075 5565">
     <span class='ocr_line' id='line_1_40' title="bbox 1341 5498 2075 5565; baseline -0.005 -15"><span class='ocrx_word' id='word_1_354' title='bbox 1341 5503 1464 5565; x_wconf 65' lang='lat' dir='ltr'><strong>Ray.</strong></span> <span class='ocrx_word' id='word_1_355' title='bbox 1499 5502 1596 5549; x_wconf 76' lang='grc' dir='ltr'><strong>Αυ.</strong></span> <span class='ocrx_word' id='word_1_356' title='bbox 1641 5502 1695 5549; x_wconf 86' lang='grc' dir='ltr'><strong>Τ.</strong></span> <span class='ocrx_word' id='word_1_357' title='bbox 1729 5499 1818 5562; x_wconf 78' lang='grc'><strong>16,</strong></span> <span class='ocrx_word' id='word_1_358' title='bbox 1844 5500 1903 5562; x_wconf 85' lang='lat' dir='ltr'><strong>s.</strong></span> <span class='ocrx_word' id='word_1_359' title='bbox 1939 5498 2075 5548; x_wconf 65' lang='lat'><strong>539⁰.</strong></span> 
     </span>
    </p>
   </div>
   <div class='ocr_carea' id='block_1_12' title="bbox 4350 0 4353 1336">
    <p class='ocr_par' dir='ltr' id='par_1_13' title="bbox 4350 0 4353 1336">
     <span class='ocr_line' id='line_1_41' title="bbox 4350 0 4353 1336; baseline 0 0"><span class='ocrx_word' id='word_1_360' title='bbox 4350 0 4353 1336; x_wconf 95' lang='lat' dir='ltr'><strong> </strong></span> 
     </span>
    </p>
   </div>
   <div class='ocr_carea' id='block_1_13' title="bbox 4351 5269 4353 6675">
    <p class='ocr_par' dir='ltr' id='par_1_14' title="bbox 4351 5269 4353 6675">
     <span class='ocr_line' id='line_1_42' title="bbox 4351 5269 4353 6675; baseline 0 0"><span class='ocrx_word' id='word_1_361' title='bbox 4351 5269 4353 6675; x_wconf 95' lang='lat' dir='ltr'><strong> </strong></span> 
     </span>
    </p>
   </div>
  </div>
 </body>
</html>
