4450 6684
910 537 992 599 27
1001 539 1040 599 2
2160 533 2561 625 Gali-comus
2608 533 2727 598 XI.

907 759 1111 824 abbas
1173 758 1398 824 Insule
1463 765 1687 823 sancte
1753 756 1995 839 Marie,
2062 758 2308 822 ordinis
2367 766 2434 824 et
2482 758 2757 823 diocesis
2807 759 3283 847 predictorum,
3336 769 3522 847 pater
3569 763 3773 828 abbas
3820 762 3971 829 dicti

907 867 1260 932 Bernensis
1333 866 1875 931 monasteriorum
1947 872 2015 930 et
2084 865 2165 930 ad
2239 887 2474 952 quem,
2546 874 2621 931 ut
2682 866 3026 948 credebat,
3092 868 3450 934 secundum
3512 869 3674 935 dicti
3733 872 3970 937 ordinis

906 976 1213 1042 instituta
1276 996 1394 1062 per
1439 973 1661 1038 sedem
1713 973 2136 1058 apostolicam
2188 974 2548 1060 approbata
2594 974 2981 1059 providendi
3033 997 3113 1040 ea
3160 977 3303 1042 vice
3353 975 3528 1042 dicto
3576 980 3968 1044 monasterio

905 1083 1224 1150 Bernensi
1276 1082 1359 1146 de
1406 1081 1644 1146 abbate
1693 1085 1834 1144 erat
1867 1078 2176 1145 devoluta
2207 1088 2502 1168 potestas
2535 1088 2602 1145 et
2635 1082 2974 1146 sentencia
2989 1083 3104 1164 (P),
3151 1084 3592 1149 concessionis
3625 1092 3693 1150 et
3725 1085 3966 1153 decreti

903 1190 1342 1277 predictorum
1392 1188 1609 1251 forsan
1656 1187 1957 1271 ignarus,
2007 1186 2088 1251 de
2128 1195 2191 1250 te
2225 1186 2545 1251 monacho
2578 1188 2782 1272 ipsius
2817 1190 3195 1253 monasterii
3231 1190 3617 1272 Bernensis,
3668 1192 3958 1259 ordinem

902 1300 1116 1384 ipsum
1164 1316 1473 1381 expresse
1522 1293 1812 1379 professo
1861 1299 1928 1357 et
1973 1295 2042 1358 in
2090 1293 2463 1359 sacerdocio
2511 1295 2900 1372 constituto,
2951 1295 3163 1360 eidem
3215 1300 3610 1362 monasterio
3644 1299 3962 1367 Bernensi

906 1403 1193 1494 providit
1257 1411 1450 1488 teque
1511 1402 1605 1466 illi
1669 1401 1941 1486 prefecit
2004 1402 2070 1465 in
2132 1402 2441 1466 abbatem
2487 1402 2641 1466 licet
2690 1401 2772 1466 de
2817 1402 3026 1483 facto,
3091 1413 3293 1489 tuque
3340 1405 3713 1490 hujusmodi
3764 1431 3963 1475 reser-

905 1513 1195 1578 vacionis
1261 1516 1329 1574 et
1391 1509 1637 1573 decreti
1701 1508 1999 1573 similiter
2057 1509 2302 1573 inscius
2366 1509 2719 1595 provisioni
2784 1517 2851 1575 et
2910 1511 3294 1596 profectioni
3340 1512 3717 1596 hujusmodi
3765 1515 3847 1581 de
3895 1523 3958 1581 te

909 1620 1096 1684 factis
1145 1616 1569 1695 consensisti,
1621 1621 1689 1680 et
1737 1614 1974 1679 deinde
2021 1616 2474 1680 reservacione
2522 1622 2590 1679 et
2638 1615 2902 1681 decreto
2951 1617 3262 1702 predictis
3311 1618 3392 1683 ad
3446 1625 3622 1684 tuam
3672 1621 3966 1687 deductis

905 1727 1252 1805 noticiam,
1315 1723 1630 1810 premissa
1691 1722 1909 1786 omnia
1968 1724 2246 1809 proponi
2294 1722 2504 1787 fecisti
2553 1724 2622 1787 in
2671 1724 3056 1788 consistorio
3107 1747 3323 1790 coram
3373 1728 3602 1810 nobis3
3655 1750 3774 1793 nos
3823 1752 3967 1815 pro-

902 1834 1219 1896 visionem
1267 1838 1335 1896 et
1380 1830 1844 1916 prefectionem
1895 1829 2224 1915 predictas
2274 1836 2341 1893 et
2389 1831 2606 1894 omnia
2653 1829 2805 1895 inde
2854 1837 3110 1911 secuta,
3161 1840 3394 1918 utpote
3441 1842 3590 1919 post
3629 1842 3699 1900 et
3738 1844 3963 1901 contra

904 1940 1419 2005 reservacionem
1486 1944 1552 2001 et
1615 1935 1947 2000 decretum
2014 1935 2307 2021 predicta
2368 1944 2801 2022 attemptata,
2867 1944 3061 2023 prout
3119 1946 3341 2020 erant,
3398 1941 3584 2004 irrita
3628 1948 3697 2006 et
3743 1943 3962 2008 inania

902 2049 1304 2133 imputantes
1351 2067 1425 2110 ac
1467 2044 1548 2109 ad
1591 2043 2028 2129 provisionem
2070 2043 2275 2128 ipsius
2312 2044 2691 2107 monasterii
2732 2045 3086 2110 Bernensis
3130 2045 3408 2111 celerem
3451 2053 3519 2112 et
3558 2047 3847 2129 felicem,
3886 2049 3967 2114 de

907 2177 1035 2242 qua
1081 2155 1298 2220 nullus
1345 2160 1568 2239 preter
1614 2172 1733 2214 nos
1778 2150 1901 2214 hac
1950 2151 2090 2214 vice
2140 2172 2208 2214 se
2255 2151 2695 2215 intromittere
2744 2153 2959 2236 potuit
3008 2173 3221 2238 neque
3264 2160 3483 2240 potest
3513 2157 3962 2220 reservacione

905 2269 974 2327 et
1042 2261 1305 2326 decreto
1378 2257 1790 2322 obstantibus
1860 2255 2289 2342 supradictis,
2363 2278 2446 2321 ne
2519 2258 2984 2322 monasterium
3055 2259 3270 2343 ipsum
3339 2259 3535 2345 longe
3601 2262 3962 2327 vacationis

906 2373 1350 2453 exponeretur
1407 2362 1872 2444 incommodis,
1936 2364 2225 2448 paternis
2285 2369 2353 2426 et
2411 2362 2681 2427 solicitis
2729 2363 2963 2428 studiis
3010 2365 3471 2448 intendentes,
3521 2375 3672 2453 post
3719 2369 3967 2435 delibe-

904 2476 1266 2556 racionem,
1331 2493 1523 2559 quam
1587 2470 1669 2535 de
1732 2469 2130 2556 preficiendo
2195 2471 2321 2556 ipsi
2383 2470 2704 2535 Bernensi
2770 2472 3165 2536 monasterio
3223 2494 3569 2559 personam
3622 2475 3851 2540 utilem
3901 2484 3967 2543 et

904 2583 1109 2648 eciam
1170 2579 1568 2645 fructuosam
1632 2598 1778 2641 cum
1840 2576 2150 2640 fratribus
2211 2576 2452 2640 nostris
2514 2576 2861 2642 habuimus
2925 2577 3344 2663 diligentem,
3405 2579 3668 2645 demum
3728 2582 3810 2646 ad
3857 2591 3971 2666 te,

905 2689 1008 2753 cui
1073 2687 1155 2753 de
1222 2684 1555 2770 religionis
1619 2685 1795 2764 zelo,
1845 2683 2211 2747 litterarum
2261 2682 2570 2762 scientia,
2619 2684 2752 2747 vite
2801 2683 3130 2748 mundicia
3177 2686 3451 2771 aliisque
3503 2687 3957 2773 multiplicium

904 2796 1223 2859 virtutum
1286 2791 1535 2857 meritis
1596 2789 1769 2876 apud
1825 2810 1945 2854 nos
1990 2788 2349 2854 laudabilia
2395 2790 2772 2854 testimonia
2819 2791 3283 2877 perhibentur,
3333 2792 3691 2858 direximus
3739 2796 3959 2859 oculos

902 2908 1125 2967 nostre
1188 2901 1464 2982 mentis3
1529 2898 1765 2984 quibus
1829 2896 2131 2961 omnibus
2194 2893 2422 2960 debita
2484 2895 2918 2962 meditacione
2983 2899 3311 2984 pensatis,
3378 2898 3458 2964 de
3522 2921 3803 2986 persona
3848 2908 3963 2966 tua

908 3007 1119 3072 eidem
1176 3005 1573 3070 monasterio
1620 3003 1941 3069 Bernensi
1989 3000 2071 3067 de
2120 3002 2481 3067 eorundem
2528 3002 2799 3068 fratrum
2848 3005 3119 3069 consilio
3168 3007 3559 3071 auctoritate
3607 3009 3968 3093 apostolica

901 3112 1320 3200 providemus
1368 3117 1566 3197 teque
1612 3110 1708 3174 illi
1754 3109 2124 3196 preficimus
2171 3109 2242 3173 in
2288 3108 2633 3190 abbatem,
2685 3130 2906 3174 curam
2953 3117 3022 3175 et
3069 3110 3708 3178 administracionem
3756 3115 3959 3199 ipsius

902 3220 1279 3285 monasterii
1326 3218 1679 3285 Bernensis
1727 3217 1850 3282 tibi
1894 3217 1965 3281 in
2013 3216 2460 3303 spiritualibus
2508 3221 2575 3281 et
2622 3218 3064 3304 corporalibus
3113 3219 3404 3304 plenarie
3453 3219 3963 3301 committendo,

902 3329 972 3392 in
1034 3328 1184 3410 illo,
1251 3327 1361 3412 qui
1426 3325 1539 3390 dat
1599 3326 1847 3410 gracias
1896 3330 1965 3388 et
2010 3324 2286 3408 largitur
2330 3323 2608 3409 premia,
2659 3324 3100 3406 confidentes,
3151 3324 3325 3411 quod
3374 3325 3650 3390 dextera
3697 3325 3963 3389 Domini

904 3436 1022 3500 tibi
1072 3436 1420 3499 assistente
1461 3433 1750 3519 propicia
1781 3432 2108 3518 prefatum
2142 3432 2607 3495 monasterium
2643 3452 2761 3517 per
2795 3439 2905 3497 tue
2940 3433 3541 3518 circumspectionis
3572 3431 3962 3497 industriam

904 3541 1304 3628 prosperiter
1366 3538 1683 3625 dirigetur
1732 3546 1801 3602 et
1846 3537 2132 3601 salubria
2178 3536 2377 3602 dante
2426 3538 2710 3602 Domino
2759 3538 3069 3625 suscipiet
3117 3540 3539 3605 incrementa.
3635 3537 3955 3612 Quocirca

903 3647 1284 3712 discrecioni
1334 3654 1445 3711 tue
1493 3667 1610 3732 per
1654 3645 2011 3731 apostolica
2058 3644 2301 3729 scripta
2349 3642 2763 3725 mandamus,
2813 3646 3125 3731 quatinus
3174 3666 3339 3710 onus
3381 3646 3716 3731 regiminis
3757 3645 3962 3732 ipsius

903 3755 1279 3820 monasterii
1343 3753 1696 3819 Bernensis
1746 3753 2105 3836 suscipiens
2155 3757 2564 3833 reverenter,
2625 3752 2717 3815 sic
2767 3759 2831 3816 te
2878 3753 2948 3816 in
2997 3774 3076 3817 eo
3125 3752 3496 3818 exercendo
3544 3752 3807 3817 fidelem
3856 3773 3969 3817 ex-

897 3862 1126 3927 hibeas
1174 3869 1242 3926 et
1281 3861 1619 3940 solertem,
1672 3856 1846 3945 quod
1878 3857 2053 3921 idem
2087 3858 2555 3922 monasterium
2589 3858 2925 3922 Bernense
2956 3880 3075 3944 per
3109 3865 3220 3923 tue
3253 3857 3585 3923 laudabile
3618 3858 3960 3944 diligentie

900 3968 1191 4033 studium
1238 3966 1660 4052 gubernatori
1709 3962 1982 4051 provido
2030 3970 2098 4027 et
2144 3963 2480 4028 fructuoso
2529 3963 3041 4029 administratori
3091 3965 3377 4050 gaudeat
3409 3986 3479 4030 se
3512 3967 3958 4046 commissum,

902 4083 1105 4161 tuque
1152 4083 1372 4161 preter
1419 4083 1646 4139 eterne
1695 4072 2151 4138 retribucionis
2199 4073 2520 4157 premium
2570 4079 2860 4137 nostram
2909 4080 2977 4138 et
3018 4073 3191 4139 dicte
3225 4074 3397 4139 sedis
3430 4073 3960 4140 benedictionem

902 4188 969 4246 et
1032 4182 1312 4266 graciam
1380 4180 1621 4246 exinde
1688 4180 1904 4243 valeas
1966 4179 2234 4242 uberius
2297 4181 2671 4265 promereri.
2767 4181 2919 4245 Dat.
2984 4181 3352 4264 Avinione,
3417 4182 3480 4246 V
3526 4180 3625 4244 Id.
3678 4181 3960 4267 Aprilis,

902 4309 1073 4354 anno
1123 4288 1374 4374 quinto.

1127 4394 1211 4457 In
1257 4416 1307 4459 e.
1355 4415 1437 4457 m.
1488 4393 1742 4457 dilectis
1791 4391 1938 4455 filiis
1988 4392 2345 4455 conventui
2397 4393 2774 4458 monasterii
2822 4394 3179 4459 Bernensis
3225 4403 3335 4459 etc.

1126 4498 1213 4564 In
1257 4522 1305 4563 e.
1356 4520 1437 4562 m.
1488 4496 1843 4562 venerabili
1899 4495 2083 4559 fratri
2142 4497 2450 4581 episcopo
2507 4498 2943 4582 Trajectensi,
3008 4503 3189 4582 cujus
3232 4501 3449 4582 favori
3492 4508 3551 4565 et
3593 4502 3976 4585 protectioni

903 4605 1211 4671 Robertus
1258 4605 1448 4669 abbas
1493 4603 1980 4669 commendatur.

1324 4739 1448 4801 Ray.
1485 4741 1580 4787 Ao.
1626 4741 1679 4787 T.
1715 4737 1805 4795 26,
1836 4740 1893 4798 s.
1928 4737 2008 4786 41.

906 5187 1367 5255 22202221.
1884 5191 2100 5270 1375,
2154 5191 2411 5274 Aprilis
2459 5192 2578 5273 29,
2629 5191 2989 5255 Avenionis.

1221 5342 1305 5408 A.
1402 5342 1677 5407 Suedero
1726 5343 2055 5427 boryravio
2102 5343 2178 5406 de
2208 5343 2581 5425 Montfoerd
2605 5343 2656 5426 1)
2704 5347 2961 5429 ejusque
2996 5348 3187 5410 uxori
3235 5304 3621 5427 Methildi
3659 5347 3975 5412 nobilibus

1136 5447 1317 5529 Traj.
1365 5448 1553 5513 dioec.
1601 5448 1958 5512 conceditur
2006 5449 2259 5512 licentia
2306 5448 2575 5512 habendi
2618 5452 2828 5514 altare
2861 5453 3188 5535 portatile.

1218 5556 1298 5621 B.
1391 5555 1674 5620 Hem-ico
1735 5555 1975 5619 Roever
2034 5556 2111 5618 de
2176 5554 2545 5636 Montfoerd
2603 5555 2802 5621 nobili
2863 5559 3056 5622 militi
3128 5558 3306 5641 Traj.
3371 5559 3560 5623 dioec.
3621 5559 3782 5623 idem
3829 5541 3975 5645 pri-

1132 5664 1446 5747 vileyium.
