4450 6684
866 517 998 580 324
2217 513 2603 579 Appmtmx.

864 734 1056 804 XVI.
2127 738 2337 819 1394,
2386 736 2442 800 J
2443 738 2581 800 unii
2624 739 2688 801 5.

1182 889 1559 955 Fredericus
1628 890 1734 972 (de
1793 889 2289 974 Blankenheim)
2349 891 2582 956 solvere
2632 892 2956 975 promittit
3012 893 3345 976 pecuniam
3411 893 3655 957 ratione
3698 896 3933 958 servitii

1095 1000 1434 1062 communis
1496 997 1768 1061 debitam
1826 1005 1955 1061 tam
2000 1019 2040 1061 a
2090 1000 2289 1082 seipso
2338 1018 2530 1083 quam·
2576 1019 2617 1060 a
2653 995 3234 1083 praedecessoribus
3280 1000 3412 1063 suis
3459 998 3782 1065 Florentio
3828 1002 3930 1082 (de

1112 1102 1698 1188 Wevelinckhoven)
1745 1109 1805 1168 et
1850 1103 2147 1168 Arnoldo
2194 1104 2304 1186 (de
2351 1103 2664 1186 Hoorne).

1095 1290 1292 1354 Anno
1343 1289 1544 1371 1394,
1592 1287 1699 1353 die
1749 1290 1788 1352 5
1836 1288 2040 1353 Junii.

1096 1394 1293 1460 Anno
1341 1393 1731 1477 indictione,
1780 1394 2196 1481 pontificatu,
2241 1394 2414 1475 loco,
2458 1414 2675 1460 coram
2716 1399 2784 1458 et
2823 1394 3237 1479 presentibus
3279 1393 3515 1479 quibus
3556 1415 3778 1480 supra,
3826 1394 3927 1459 die

870 1522 1026 1567 vero
1088 1499 1405 1584 Veneris,
1468 1500 1699 1586 quinta
1762 1501 1867 1565 die
1930 1501 2172 1564 mensis
2238 1500 2463 1583 Junii,
2528 1499 2929 1566 reverendus
2976 1502 3045 1564 in
3094 1500 3356 1566 Christo
3404 1506 3592 1588 pater
3639 1501 3931 1566 dominus

881 1608 1267 1674 Fredericus
1315 1608 1658 1695 episcopus
1691 1608 2132 1693 Trajectensis
2172 1630 2291 1696 per
2323 1609 2703 1694 magistrum
2737 1608 3131 1673 Ghirardum
3167 1609 3402 1674 Werth
3439 1609 3931 1695 apostolicarum

869 1718 1237 1781 litterarum
1286 1715 1698 1802 scriptorem,
1749 1722 2236 1801 procuratorem
2285 1737 2474 1779 suum
2523 1714 2604 1779 ad
2655 1716 2777 1779 hoc
2811 1715 3104 1800 legitime
3138 1716 3602 1800 constitutum,
3645 1717 3931 1802 promisit

868 1825 1142 1889 Camere
1205 1827 1274 1887 et
1337 1823 1612 1908 collegio
1674 1844 1790 1908 pro
1840 1843 1958 1887 suo
2008 1823 2337 1887 communi
2386 1823 2659 1887 servicio
2710 1824 2991 1887 florenos
3038 1830 3320 1909 quatuor
3367 1823 3547 1887 milia
3594 1830 3932 1890 sexcentos

870 1931 952 1997 de
1002 1931 1276 1996 Camera
1322 1936 1390 1994 et
1437 1931 1726 2016 quinque
1775 1930 2052 1994 servicia
2098 1935 2434 1994 consueta.

1096 2038 1265 2102 Item
1314 2037 1696 2122 recognovit
1745 2036 2016 2102 Camere
2065 2044 2132 2101 et
2180 2038 2454 2121 collegio
2497 2058 2613 2122 pro
2655 2037 2982 2103 communi
3024 2037 3302 2102 servicio
3338 2036 3583 2102 domini
3618 2037 3934 2103 Florencii

871 2144 1349 2232 predecessoris
1419 2145 1518 2208 sui
1592 2144 1719 2208 duo
1784 2144 1961 2207 milia
2016 2143 2380 2229 quingenta
2425 2144 2773 2228 sexaginta
2821 2143 2985 2208 duos
3033 2143 3276 2208 similes
3325 2145 3650 2225 florenos,
3699 2143 3932 2208 solidos

872 2250 1105 2336 viginti
1154 2251 1441 2337 quinque
1490 2257 1754 2316 monete
1804 2252 2102 2315 Romane
2152 2258 2218 2316 et
2268 2251 2557 2338 quinque
2607 2251 2881 2316 servicia
2929 2259 3264 2317 consueta.

1098 2356 1268 2422 Item
1314 2359 1695 2444 recognovit
1742 2359 2015 2423 Camere
2066 2357 2521 2423 tantummodo
2563 2380 2680 2444 pro
2714 2360 3041 2423 communi
3076 2360 3348 2424 servicio
3384 2359 3630 2423 domini
3663 2359 3931 2424 Arnoldi

875 2463 1508 2549 antepredecessoris
1579 2465 1679 2528 sui
1749 2465 1909 2529 alios
1980 2472 2261 2551 quatuor
2332 2466 2511 2529 milia
2580 2465 2974 2529 florenorum
3038 2464 3120 2529 de
3183 2466 3459 2531 Camers
3523 2470 3592 2530 et
3656 2466 3934 2552 quinque

875 2571 1146 2636 servicia
1192 2577 1525 2635 consueta.

1098 2677 1426 2743 Solvendo
1477 2678 1898 2743 medietatem
1949 2678 2248 2765 promissi
2294 2679 2362 2742 in
2411 2679 2577 2742 festo
2627 2679 3118 2744 Resurectionis
3167 2679 3429 2743 Domini
3487 2678 3691 2743 nostri
3731 2678 3934 2742 Jhesu

869 2784 1113 2850 Christi
1163 2787 1457 2872 proxime
1506 2786 1761 2867 futuro,
1812 2786 2004 2851 aliam
2054 2785 2476 2851 medietatem
2526 2786 2594 2849 in
2642 2786 2836 2849 simili
2886 2787 3051 2851 festo
3101 2807 3273 2850 anno
3322 2786 3618 2851 revoluto
3666 2794 3773 2850 etc.

1293 2919 1450 2968 Arch.
1498 2918 1665 2969 Vatis.
1706 2919 1866 2982 Obliy.
1900 2919 2072 2982 colley.
2116 2921 2248 2968 Tom.
2283 2918 2405 2982 590,
2436 2922 2496 2984 s.
2530 2919 2628 2969 162
2662 2924 2710 2968 et
2745 2920 2924 2970 ilerum
2966 2923 3096 2970 Tom.
3132 2920 3256 2984 501,
3282 2922 3343 2984 s.
3378 2920 3461 2971 46.

875 3402 1106 3472 XVII.
2176 3409 2648 3473 1397—1-100.

1193 3558 1333 3624 Pro
1403 3558 1738 3625 Frederico
1810 3562 1915 3642 (de
1983 3561 2477 3645 Blanlcenheim)
2547 3562 2790 3624 dantur
2857 3561 3132 3646 apochae
3200 3570 3258 3625 et
3320 3563 3569 3626 termini
3613 3562 3940 3626 dilationes

1104 3665 1317 3750 quoad
1350 3668 1689 3752 pecuniam
1737 3670 1983 3732 ratz'one
2028 3671 2272 3732 servitii
2315 3670 2591 3734 consueti
2634 3667 3015 3732 solvendam.

2068 3853 2247 3914 1397
2261 3899 2278 3932 ,
2331 3850 2612 3914 Octobris
2658 3855 2766 3914 20.

1108 3997 1437 4063 Henricus
1484 4008 1597 4064 etc.

1107 4104 1294 4180 Quod
1331 4106 1727 4172 reverendus
1762 4114 1948 4194 pater
1982 4108 2283 4174 dominus
2317 4110 2704 4175 Fredericus
2740 4109 2864 4175 Dei
2897 4109 3108 4194 gratia
3140 4111 3483 4198 episcopus
3515 4108 3948 4196 Trajectensis

879 4233 997 4298 pro
1036 4219 1222 4300 parte
1256 4196 1365 4277 etc.⁸
1400 4215 1564 4278 solvi
1598 4215 1753 4279 fecit
1785 4237 1903 4302 per
1935 4238 2165 4281 manns
2198 4217 2543 4283 reverendi
2575 4218 2778 4304 patris
2813 4217 3059 4281 domini
3091 4218 3275 4283 Petri
3308 4218 3595 4305 episcopi
3628 4216 3949 4303 Aquensis

878 4328 992 4385 etc.
1041 4320 1191 4385 Dat.
1245 4320 1350 4386 die
1399 4322 1534 4386 XX
1583 4320 1885 4388 Octobris
1931 4325 2352 4410 pontificatus
2401 4347 2572 4390 anno
2621 4331 2872 4390 octavo.
2930 4362 3009 4373 —-
3065 4339 3261 4388 Ibidem
3303 4341 3435 4388 Tom.
3470 4338 3592 4401 573,
3620 4340 3682 4402 f.
3715 4335 3796 4387 80.

2132 4514 2348 4594 1398,
2396 4509 2590 4575 Junii
2637 4516 2700 4576 7.

1106 4659 1289 4723 Idem
1339 4661 1534 4725 solvit
1581 4668 1846 4725 centum
1896 4663 2124 4746 viginti
2177 4671 2430 4751 septem
2479 4668 2759 4731 florenos
2807 4665 2945 4730 anri
2995 4674 3105 4730 etc.
3147 4687 3265 4753 per
3298 4687 3526 4730 manus
3558 4663 3942 4731 Theoderici

881 4765 1107 4850 Weyx
1168 4767 1315 4850 (sic)
1378 4773 1487 4830 etc.
1553 4768 1673 4831 sub
1740 4788 1912 4833 anno
1978 4769 2246 4834 Domini
2311 4773 2654 4838 millesimo
2706 4773 3166 4838 trecentesimo
3215 4772 3638 4858 nonagesimo
3687 4779 3946 4851 octavo,

880 4870 988 4935 die
1037 4871 1315 4959 septima
1361 4873 1604 4937 mensis
1649 4873 1855 4940 Junii.
1911 4912 1991 4923 -
2043 4890 2245 4940 Ibidem
2288 4894 2420 4943 Tou».
2455 4893 2579 4954 575,
2611 4895 2668 4959 s.
2703 4893 2785 4944 28.

1108 4977 1294 5043 Idem
1359 4979 1553 5044 solvit
1613 5001 1731 5066 per
1791 5003 2022 5046 manus
2087 4982 2435 5049 Thederici
2498 4985 2699 5050 Neier
2761 4987 2910 5069 (sic)
2975 4985 3360 5049 canonicum
3421 4985 3632 5049 sancti
3678 4983 3951 5048 Dionisii

882 5082 1270 5148 Leodiensis
1319 5084 1615 5151 diocesis.
1666 5087 1820 5152 Dat.
1873 5094 1946 5152 ut
1996 5111 2219 5175 supra,
2272 5090 2376 5155 die
2425 5093 2705 5179 septima
2750 5092 2991 5157 mensis
3038 5091 3259 5175 Junii‚
3308 5091 3732 5178 pontificatus
3780 5110 3949 5154 anno

884 5210 1078 5254 nono.
1134 5230 1213 5237 —-
1266 5206 1466 5256 Ibidem
1509 5210 1639 5258 Tam.
1674 5207 1796 5270 573,
1826 5210 1885 5272 s.
1925 5208 2030 5260 7912.

1602 5418 1810 5499 1399,
1859 5415 2093 5480 Martii
2138 5419 2256 5499 26,
2304 5416 2590 5502 Auqusti
2633 5419 2750 5501 13,
2805 5416 3083 5481 Octobris
3131 5420 3239 5481 31.

1109 5566 1341 5632 Eidem
1388 5575 1778 5656 prorogatur
1827 5571 2143 5635 terminus
2192 5571 2273 5635 ad
2325 5571 2737 5655 solvendum,
2790 5570 2896 5637 die
2946 5572 3182 5638 XXVI
3229 5557 3469 5637 mensis
3516 5571 3741 5637 Martii
3780 5593 3953 5636 anno

886 5671 1159 5738 decimo.
