4450 6684
1752 544 2211 610 Innoomme
2255 541 2376 607 VI.
3514 533 3607 598 99

530 773 730 843 1624.
1405 771 1617 849 1359,
1665 767 1860 832 Junii
1901 767 2023 849 20,
2070 785 2177 850 ap.
2241 763 2727 829 Villamnovam.

845 927 986 992 Pro
1045 926 1354 1010 maqistro
1413 922 1713 988 Johanne
1773 919 2046 986 Henrici
2104 919 2181 985 de
2245 916 2563 984 Zelandia
2618 915 2801 1001 Traj.
2848 915 3039 981 dioec.
3087 914 3329 979 dantur
3379 914 3600 979 literae

755 1035 921 1099 salvi
963 1031 1325 1098 conductus.

759 1212 1269 1281 Venerabilibua
1329 1210 1641 1277 stan-ibus
1702 1208 2125 1297 patriarchia,
2187 1207 2694 1295 archiepiscopis
2744 1214 2856 1274 etc.
2909 1255 2926 1273 .
2953 1255 2970 1273 .
2998 1254 3018 1274 .
3043 1256 3060 1274 .
3109 1226 3370 1274 necnon
3414 1204 3603 1273 nobi·

467 1368 480 1373 -
532 1323 706 1389 libna
748 1321 907 1389 viris
952 1318 1231 1386 ducibus
1250 1369 1268 1403 ,
1314 1318 1719 1406 principibus
1763 1323 1874 1381 etc.
1926 1363 1943 1380 .
1972 1364 1989 1381 .
2018 1364 2035 1382 .
2065 1364 2082 1380 .
2132 1315 2415 1381 salutem
2460 1321 2571 1380 etc.

754 1428 924 1495 Cum
986 1426 1266 1492 dilectus
1328 1425 1504 1489 filius
1549 1423 1864 1510 magister
1908 1421 1954 1489 J
1958 1421 2251 1487 ohannes
2299 1421 2574 1487 Henriei
2620 1420 2704 1486 de
2749 1419 3068 1487 Zelandia
3113 1420 3392 1487 diocesis
3439 1421 3599 1487 Tra-

526 1534 880 1622 jeetenais,
940 1534 1164 1620 legum
1227 1532 1491 1615 doctor,
1547 1550 1890 1596 causarum
1937 1527 2257 1593 fiscalium
2303 1533 2620 1614 patronus
2639 1576 2657 1612 ‚
2705 1526 2788 1592 ad
2835 1528 3189 1594 nonnullae
3235 1528 3603 1613 terrigenas

535 1647 604 1707 et
661 1640 1019 1707 maritimas
1078 1644 1300 1728 partes
1360 1659 1448 1703 ex
1508 1635 1923 1724 beneplacito
1987 1634 2348 1722 apostolico
2408 1632 2655 1700 habeat
2719 1654 2791 1699 se
2837 1633 3135 1699 conferre
3153 1682 3171 1717 ‚
3220 1653 3341 1699 nos
3385 1635 3607 1720 ipsum

539 1748 872 1815 doctorem
918 1768 1067 1813 cum
1115 1748 1259 1833 ejus
1304 1744 1581 1829 familia,
1630 1744 1828 1810 rebus
1874 1748 1944 1809 et
1978 1742 2170 1808 bonis
2209 1740 2461 1825 eunde,
2502 1739 2849 1823 morando,
2887 1741 3323 1825 transeundo,
3366 1737 3602 1806 stando

537 1861 606 1921 et
659 1853 1051 1921 revertendo
1098 1853 1304 1919 semel
1348 1858 1416 1919 et
1460 1851 1707 1939 pluries
1751 1850 2053 1917 volentes
2097 1848 2298 1936 plena
2342 1852 2413 1914 et
2456 1848 2799 1935 perempni
2844 1848 2996 1932 (sic)
3044 1848 3398 1913 securitate
3443 1868 3603 1935 gau·

539 1961 694 2028 dere
709 2010 728 2046 ,
773 1959 1272 2027 universitatem
1316 1963 1603 2025 vestram
1647 1957 2038 2044 requirimus
2086 1960 2156 2019 et
2199 1953 2547 2019 hortamur
2590 1958 2848 2020 attente
2893 1960 3006 2020 etc.
3034 2001 3051 2019 .
3082 2002 3098 2019 .
3129 2001 3146 2018 .
3218 1952 3374 2019 Dat.
3423 1953 3599 2041 apud

536 2069 1020 2135 villamnovam
1065 2065 1534 2133 Avinionensia
1580 2063 1894 2147 diocesis,
1940 2061 2082 2129 XII
2125 2061 2238 2128 Kl.
2286 2061 2332 2128 J
2336 2060 2487 2145 ulii,
2534 2081 2711 2127 anno
2758 2061 3062 2150 septimo.

959 2199 1087 2264 Ray.
1134 2200 1253 2250 rat.
1297 2201 1354 2250 T.
1387 2197 1513 2260 241,
1538 2198 1601 2262 f.
1634 2194 1718 2248 79.

547 2698 1003 2767 1625—1626.
1408 2699 1623 2782 1359,
1670 2697 1867 2762 Junii
1909 2700 2029 2781 25,
2076 2718 2183 2782 ap.
2248 2697 2739 2763 Villamnovam.

862 2853 945 2918 A.
1025 2851 1365 2917 Tilmanno
1415 2850 1734 2915 Gotscalci
1776 2850 1941 2916 dicto
1987 2849 2173 2915 Hout
2217 2851 2640 2933 conferuntur
2686 2854 3094 2917 canonicatus
3140 2859 3200 2916 et
3234 2850 3608 2938 praebenda

772 2960 1059 3025 ecclesiae
1124 2959 1193 3023 S.
1263 2957 1453 3024 Petri
1521 2956 2133 3043 Middelburqensis,
2217 2979 2382 3043 quas
2451 2978 2592 3023 cnm
2653 2958 2853 3025 Petro
2934 2958 3142 3026 Vinne
3210 2961 3379 3025 alias
3447 2959 3615 3024 dicto

772 3064 1131 3130 Plaestrier
1179 3085 1309 3150 pro
1359 3063 1730 3150 parochiali
1787 3065 2043 3129 ecclesia
2102 3063 2225 3147 „de
2273 3063 2769 3131 Riederkerke”
2796 3066 2849 3150 1)
2893 3086 3034 3131 cum
3079 3087 3378 3132 consensu
3426 3064 3615 3130 Guil-

776 3173 957 3236 lermi
992 3170 1126 3255 (V)
1162 3172 1402 3235 comitis
1445 3169 1873 3253 Hollandiae,
1924 3169 2116 3254 hujus
2160 3172 2447 3236 ecclesiae
2478 3174 2782 3258 patroni,
2820 3175 3085 3258 putavit
3120 3171 3609 3259 permutandae.

856 3278 935 3342 Β.
1007 3277 1205 3342 Petro
1278 3275 1515 3341 Vienne
1566 3278 1733 3341 alias
1779 3277 1944 3341 dicto
1990 3276 2352 3342 Plaestrier
2400 3284 2725 3364 tamquam
2771 3281 3004 3344 rectori
3046 3279 3380 3362 confertur
3414 3298 3617 3365 paro·

770 3381 998 3447 chialis
1057 3383 1310 3448 ecclesia
1377 3381 1499 3463 „de
1560 3380 2058 3448 Riederkerke”
2116 3381 2299 3465 Traj.
2348 3383 2537 3450 dioec.
2587 3421 2670 3433 —
2718 3384 2860 3450 Pro
2904 3392 3176 3472 utroque
3221 3387 3617 3472 deputantur

774 3495 1144 3553 executores,

769 3652 1156 3740 Apostolice
1217 3652 1410 3718 aedis.
1437 3698 1455 3717 .
1483 3699 1499 3717 .
1526 3699 1544 3718 .
1607 3650 1761 3719 Dat.
1825 3653 2001 3741 apud
2063 3654 2549 3723 Villamnovam
2609 3664 2720 3722 etc.
2741 3706 2758 3741 ,
2820 3656 2955 3723 VH
3009 3656 3120 3722 Kl.
3168 3657 3215 3724 J
3216 3658 3331 3723 ulii
3351 3706 3369 3742 ‚
3446 3677 3622 3723 anno

554 3758 850 3846 septimo.

967 3898 1096 3961 περ.
1131 3897 1228 3950 Αο.
1272 3898 1326 3948 r.
1373 3896 1549 3962 21‚s.
1583 3896 1698 3948 249.

703 4027 761 4094 1)
800 4026 1146 4081 Ridderkerk.

553 4394 738 4463 1627.
1457 4400 1675 4483 1359,
1723 4399 1900 4465 Julii
1941 4402 2016 4484 7,
2063 4420 2170 4486 ap.
2234 4399 2721 4495 Villamnooam

870 4552 1165 4619 Johanni
1222 4552 1330 4639 (de
1383 4556 1626 4639 Arkel)
1688 4558 1969 4642 episcopo
2015 4564 2075 4622 et
2123 4556 2419 4621 Ger-ardo
2465 4557 2541 4622 de
2600 4555 2771 4622 Veno
2816 4559 3053 4622 vicario
3093 4561 3382 4644 qenerali
3433 4559 3616 4645 Traj.

780 4661 1129 4726 mandatur
1145 4710 1163 4745 ‚
1224 4669 1300 4727 ut
1357 4664 1417 4727 si
1469 4662 1914 4728 Tielmannum
1964 4664 2040 4729 de
2086 4663 2325 4751 Stryen
2353 4663 2407 4747 1)
2454 4663 2986 4749 choriepiscopum
3041 4664 3223 4749 Traj.
3271 4668 3630 4733 invenerint

776 4767 920 4850 fore
985 4771 1361 4833 usurarium
1376 4818 1394 4851 ,
1464 4770 1674 4855 ipsum
1734 4771 2029 4836 desistere
2089 4769 2168 4834 ab
2232 4773 2450 4836 usuris
2512 4777 2572 4835 et
2630 4770 2719 4835 ad
2773 4772 3231 4837 restitutionem
3276 4794 3628 4840 usurarum

779 4874 1177 4959 comellant.

779 5057 1164 5124 Venerabili
1229 5057 1416 5123 fratri
1483 5057 1529 5124 J
1532 5059 1777 5125 ohanni
1845 5060 2153 5147 episcopo
2228 5061 2641 5147 Trajeetensi
2708 5068 2777 5128 et
2846 5061 3087 5130 dilecto
3135 5064 3272 5130 filio
3302 5063 3620 5139 ,Gerardo

563 5161 645 5228 de
703 5162 897 5229 Veno
959 5163 1420 5230 archidiacono
1480 5167 1551 5229 in
1610 5165 2055 5230 Arnhemensi
2121 5167 2402 5232 ecclesia
2466 5173 2534 5233 et
2580 5169 2875 5254 generali
2919 5168 3164 5235 vicario
3211 5171 3626 5258 'l'rajectenai

561 5267 840 5334 salutem
884 5276 995 5334 etc.

782 5375 992 5441 Fama
1056 5375 1320 5464 publiea
1388 5376 1762 5465 perferente
1834 5377 1920 5442 ad
1988 5378 2352 5464 apostolice
2425 5378 2599 5445 sedis
2667 5380 2980 5445 noticiam
3049 5386 3153 5446 est
3221 5378 3583 5449 deductum
3604 5432 3625 5469 ,

561 5480 925 5548 aben-ende
984 5484 1135 5568 (sic)
1193 5483 1561 5570 iniquitatis
1621 5482 1830 5571 filium
1892 5483 2310 5550 Tielmanum
2377 5484 2459 5550 de
2508 5484 2752 5571 Stryen
2796 5486 3311 5573 eoriepiacopum
3358 5489 3626 5575 Trajec·

563 5592 818 5655 tensem
886 5588 1287 5655 existentem
1306 5636 1325 5673 ‚
1395 5594 1473 5654 ut
1540 5588 1749 5654 fertur
1767 5636 1786 5672 ,
1857 5590 2227 5655 usurarium
2302 5590 2725 5656 manifestum
2791 5590 2981 5656 fenus
3048 5591 3206 5657 licet
3276 5595 3625 5683 utriusque

562 5693 972 5761 Testamenti
1036 5697 1281 5783 pagina
1346 5695 1905 5784 condempnatum
1976 5696 2049 5762 in
2115 5696 2249 5762 illis
2310 5697 2573 5785 publice
2635 5697 2933 5784 partibus
2979 5718 3322 5786 exercere,
3389 5702 3462 5768 in
3508 5723 3627 5769 sue
