4450 6684
1886 537 2379 605 Ina-nonnemo.
3458 553 3660 600 xxxv

610 752 849 818 noldus
909 752 992 818 de
1048 753 1321 834 Hoorn,
1367 751 1755 819 Fredericus
1803 754 1885 819 de
1931 753 2412 821 Blankenheim
2460 755 2661 841 (App.
2712 753 2876 836 VII,
2925 753 3022 833 X,
3074 752 3292 836 XVI).
3387 750 3655 817 Stabilis

612 859 774 923 haec
845 878 1097 922 summa
1163 877 1455 923 normam
1526 863 1707 922 certo
1769 857 2072 944 praebet,
2143 858 2566 944 computandi
2631 879 2885 922 annuos
2946 877 3213 921 mensae
3273 856 3660 943 episcopalis

609 960 1054 1047 'trajectensis
1100 966 1477 1048 proventus.
1543 960 1713 1025 Nam
1761 961 2102 1047 quodlibet
2149 962 2468 1026 tributum
2518 960 2675 1027 Sedi
2720 960 3142 1048 Apostolicae
3190 958 3655 1025 conferendum

607 1063 1037 1131 determinari
1097 1063 1353 1129 solebat
1422 1063 1543 1144 „ad
1606 1065 2013 1130 taxationem
2075 1064 2436 1146 decimae”,
2482 1066 2525 1129 i.
2575 1086 2632 1130 e.
2682 1063 3043 1129 secundum
3090 1064 3413 1145 valorem,
3464 1083 3660 1148 quem

608 1169 995 1233 collectores
1060 1187 1228 1233 saec.
1285 1167 1460 1231 XIII
1507 1189 1624 1253 pro
1673 1167 2095 1253 expeditione
2144 1167 2425 1254 quadam
2473 1188 2658 1233 sacra
2704 1165 3023 1232 decimam
3070 1166 3416 1251 exigentes
3462 1166 3663 1231 bene·

614 1272 779 1337 ficiis
826 1271 1283 1337 ecclesiasticis
1330 1276 1488 1336 tunc
1533 1272 1750 1336 inesse
1799 1273 2326 1337 aestimaverant.
2403 1273 2602 1339 Hanc
2650 1270 2731 1335 ad
2779 1291 3074 1335 normam
3126 1276 3262 1334 tum
3318 1270 3660 1352 „annatis”

609 1376 840 1441 stricte
903 1374 1095 1440 dictis
1157 1396 1306 1440 cum
1369 1374 1452 1440 de
1515 1374 1751 1462 quibus
1816 1395 1989 1440 nunc
2039 1375 2257 1461 agitur
2304 1375 2586 1441 servitiis
2633 1374 3088 1439 communibus
3134 1376 3418 1461 pretium
3467 1376 3662 1460 vulgo

613 1479 815 1545 fuisse
884 1480 1315 1545 constitutum
1382 1480 1702 1544 novimus.
1740 1480 1790 1563 ι)
1883 1479 2087 1545 Porro
2167 1480 2461 1560 „taxatio
2525 1478 2861 1545 decimae”
2925 1478 3313 1564 designabat
3375 1480 3665 1545 valorem

610 1583 1173 1671 aequiparandum
1244 1583 1562 1648 fructibus
1631 1584 1821 1667 primi
1883 1584 2037 1647 anni
2102 1583 2355 1648 modice
2418 1583 2814 1665 aestimatis,
2878 1603 3042 1669 quos
3106 1604 3194 1648 ex
3255 1604 3666 1669 quocumque

616 1688 961 1775 pinguiore
1029 1687 1350 1753 beneficio
1419 1686 1765 1772 provenire
1828 1686 2207 1752 collectores
2270 1708 2437 1752 saec.
2501 1686 2676 1751 XIII
2737 1687 3108 1752 ratiocinati
3172 1692 3380 1752 erant.
3415 1688 3469 1771 2)
3562 1687 3668 1752 Ex

618 1790 798 1856 hisce
867 1797 1011 1856 tuto
1082 1791 1250 1856 effici
1319 1796 1571 1877 potest,
1644 1810 1811 1854 saec.
1877 1789 2051 1855 XIII
2111 1811 2402 1855 annuum
2467 1811 2733 1856 mensae
2791 1791 3177 1878 episcopalis
3225 1791 3665 1875 Trajectensis

616 1895 906 1960 valorem
974 1894 1345 1960 ascendisse
1414 1893 1648 1959 saltem
1716 1892 1800 1958 ad
1870 1915 2187 1958 summam
2259 1896 2435 1960 4600
2506 1895 2901 1960 florenorum
2970 1896 3150 1979 auri,
3201 1896 3442 1983 quippe
3490 1894 3665 1982 quod

616 2000 903 2088 pretium
972 1997 1095 2080 „ad
1142 1998 1546 2062 taxationem
1594 1996 1930 2062 decimae”
1978 2004 2174 2063 antea
2220 1998 2347 2084 ipsi
2394 2000 2826 2064 constitutum
2875 1998 3281 2085 proindeque
3333 2007 3666 2085 tamquam

629 2103 1005 2186 „servitium
1053 2101 1439 2167 commune”
1485 2101 1866 2187 impositum
1911 2101 2127 2166 fuerit.
2221 2103 2362 2168 Nec
2410 2109 2628 2168 tamen
2677 2101 3115 2168 dubitandum
3161 2103 3456 2184 videtur,
3507 2104 3666 2190 quin

624 2205 1022 2295 procedente
1093 2213 1385 2292 tempore
1452 2206 1509 2269 is
1584 2205 1768 2270 valor
1835 2226 2234 2291 magnopere
2294 2211 2525 2271 auctus
2587 2207 2690 2271 sit.
2785 2206 2955 2272 Nam
3003 2211 3299 2293 tempore
3344 2208 3669 2273 Johannis

618 2331 829 2398 papae
898 2309 1109 2375 XXII
1178 2310 1512 2375 luculenta
1572 2309 1854 2395 probant
1916 2310 2256 2397 exempla,
2305 2311 2642 2375 servitium
2691 2332 3071 2394 commune,
3122 2311 3297 2397 quod
3344 2313 3671 2400 neo-epis·

618 2415 769 2501 copi
831 2414 1221 2480 Germaniae
1283 2414 1534 2478 solvere
1597 2412 1952 2497 deberent,
2014 2435 2148 2479 non
2211 2434 2554 2500 superasse
2617 2416 2877 2479 tertiam
2924 2421 3178 2501 partem
3225 2420 3663 2502 proventuum

618 2539 1011 2584 annuorum.
1036 2517 1091 2601 3)

852 2620 1164 2697 Quamvis
1233 2620 1434 2704 igitur
1502 2642 1618 2706 pro
1689 2627 1866 2685 certo
1937 2621 2283 2687 aestimare
2354 2644 2486 2687 non
2555 2624 2876 2709 possimus
2939 2630 3351 2689 constantem
3397 2646 3665 2691 mensae
3684 2643 3815 2693 Tua
3847 2642 4060 2709 μμω,

620 2726 1013 2814 episcopalis
1051 2725 1490 2809 Trajectensis
1529 2724 1845 2809 valorem,
1896 2730 2115 2790 tamen
2155 2746 2242 2790 ex
2281 2725 2538 2791 indiciis
2577 2748 2774 2813 supra
2807 2728 3092 2793 laudatis
3131 2729 3288 2792 satis
3330 2734 3474 2794 tuto
3519 2751 3664 2795 eam
3690 2711 4062 2830 imgofflffi

620 2831 951 2916 conjicere
1010 2830 1183 2893 licet.
1279 2826 1486 2915 quue
1549 2828 1965 2912 praesertim,
2038 2829 2092 2894 si
2154 2830 2706 2916 comparationem
2769 2853 2915 2896 cum
2978 2832 3387 2898 dioecesibus
3434 2834 3663 2898 vicinis
3744 2847 4001 2913 provincia

627 2934 1048 3000 instituimus.
1142 2933 1347 2998 Porro
1411 2953 1573 3019 quas
1619 2932 1934 2998 ecclesiae
1983 2933 2385 3021 episcopales
2431 2934 2500 2998 in
2546 2935 2881 3020 provincia
2926 2935 3304 3001 Coloniensi
3351 2937 3516 3002 sitae
3564 2938 3671 3003 vel
3761 2914 4004 3047 ἰζῗζὶἰέξ.

624 3059 745 3126 pro
815 3039 1073 3104 annatis
1142 3033 1247 3102 v'el
1315 3058 1432 3125 pro
1502 3038 1827 3101 communi
1893 3039 2156 3103 servitio
2205 3037 2550 3104 solvebant
2597 3059 2915 3123 summas,
2962 3041 3059 3105 ita
3104 3041 3301 3127 vulgo
3347 3041 3669 3106 indicatas

626 3143 988 3231 reperimus
1009 3143 1065 3227 4)
1086 3163 1100 3205 z

853 3247 1147 3313 Ecclesia
1191 3245 1602 3311 coloniensis
1655 3247 1895 3328 10,000
1941 3246 2166 3310 floren.
2215 3248 2377 3311 auri.

853 3350 1147 3417 Ecclesia
1191 3348 1577 3414 Leodiensis
1628 3350 1802 3413 7200
1851 3349 2076 3414 floren.
2126 3351 2290 3415 auri.

864 3455 1156 3521 Ecclesia
1201 3453 1737 3519 Monasteriensis
1786 3452 1962 3516 3000
2009 3452 2234 3519 floren.
2284 3455 2445 3520 auri.

864 3559 1161 3624 Ecclesia
1204 3556 1567 3622 Mindensis
1619 3544 1790 3621 1000
1838 3557 2062 3621 floren.
2111 3558 2275 3622 auri.

866 3663 1158 3730 Ecclesia
1202 3660 1727 3746 Osnabrugensis
1774 3661 1906 3725 600
1952 3660 2178 3727 floren.
2227 3663 2389 3728 auri.

856 3766 1150 3833 Ecclesia
1194 3764 1634 3849 Trajectensis
1682 3764 1859 3828 4600
1905 3764 2128 3829 floren.
2179 3766 2342 3830 auri.

857 3871 963 3937 Ex
1006 3872 1132 3935 hoc
1179 3867 1452 3934 elencho
1485 3872 1698 3953 patet,
1732 3867 1906 3933 inter
1938 3889 2058 3932 sex
2092 3870 2468 3956 provinciae
2501 3869 2909 3936 Coloniensis
2941 3870 3357 3956 episcopatus
3389 3870 3678 3936 valorem

626 3976 947 4044 ecclesiae
1015 3973 1455 4059 Trajectensis
1526 3972 1712 4058 quasi
1781 3971 2070 4037 medium
2142 3974 2439 4059 attigisse
2499 3973 2736 4039 locum.
2832 3973 3021 4048 Quod
3088 3974 3379 4038 notabile
3410 3982 3414 3985 ’
3442 3974 3679 4039 valoris

634 4082 981 4147 discrimen
1048 4097 1460 4164 nequaquam
1530 4074 1966 4141 omittendum
2034 4076 2194 4141 mihi
2265 4076 2524 4143 videtur
2582 4078 2757 4142 inter
2801 4077 3126 4160 rationes,
3189 4077 3425 4164 quibus
3473 4078 3682 4163 expli·

624 4194 850 4267 cetur,
923 4204 1039 4249 cur
1107 4181 1395 4269 episcopi
1463 4180 1802 4246 Jobannes
1873 4179 1955 4244 de
2024 4180 2230 4246 Arkel
2293 4182 2583 4268 itemque
2636 4179 2970 4246 Arnoldus
3019 4178 3102 4245 de
3150 4180 3380 4245 Hoorn
3428 4200 3469 4245 a
3514 4180 3669 4246 sede

636 4288 1041 4376 Trajectensi
1085 4288 1155 4350 in
1202 4284 1674 4365 Leodiensem,
1720 4283 1765 4350 J
1770 4284 2061 4349 ohannes
2108 4290 2329 4349 autem
2379 4285 2460 4350 de
2507 4284 2922 4351 Virneburch
2971 4305 3011 4348 a
3055 4283 3564 4349 Monasteriensi
3609 4287 3680 4349 in

630 4395 1123 4480 'trajectensem
1169 4389 1509 4455 ecclesiam
1559 4386 1893 4453 transferri
1938 4387 2290 4453 maluerint
2336 4410 2532 4475 quam
2578 4388 2893 4475 pristinae
2939 4408 3096 4453 suae
3129 4385 3270 4452 sedi
3303 4387 3679 4454 immanere.

645 4799 881 4851 Gamerae
921 4801 1055 4849 Tom.
1087 4798 1145 4861 5,
1173 4799 1232 4863 s.
1266 4798 1355 4849 13⁹
1389 4806 1443 4849 et
1484 4799 1617 4847 Tom.
1647 4796 1708 4860 6,
1738 4798 1793 4865 s.
1830 4797 1918 4855 X,·
1954 4799 2272 4849 secundum:
2311 4797 2492 4848 ibidem
2534 4799 2666 4848 Tom.
2701 4797 2758 4861 6,
2788 4799 2848 4863 s.
2888 4798 3185 4864 CLXXII,
3232 4800 3367 4848 Tou.
3398 4797 3479 4862 14,
3506 4799 3564 4863 s.
3591 4796 3682 4860 39,

640 4878 781 4932 Tou.
816 4878 912 4944 16,
948 4880 1008 4944 s.
1044 4879 1153 4942 44η
1203 4880 1447 4929 tertium:
1494 4878 1670 4927 ibidem
1714 4879 1848 4928 Touo.
1879 4877 1939 4941 6,
1977 4878 2039 4942 s.
2080 4878 2356 4943 ΟΧΟῙΙΙ,
2402 4880 2534 4929 Tom.
2567 4879 2657 4941 14,
2697 4881 2759 4943 f.
2794 4879 2908 4944 52⁶,
2955 4881 3087 4931 Yon·
3122 4877 3217 4942 16,
3243 4881 3305 4943 f.
3339 4877 3422 4930 68.
3490 4878 3684 4928 Eadem

638 4976 761 5014 cum
803 4961 1079 5011 nonnullis
1127 4959 1247 5009 aliis
1293 4959 1357 5008 ad
1400 4958 1541 5009 hanc
1586 4958 1866 5008 materiam
1910 4959 2279 5022 spectantibus
2325 4960 2633 5024 nuperrime
2671 4960 2802 5018 mihi
2838 4961 3250 5012 communicavit
3286 4959 3483 5010 Paulus
3519 4959 3683 5009 Maria

640 5041 1014 5108 Baumgarten.
1082 5040 1266 5090 Amico
1300 5044 1411 5089 tam
1444 5039 1651 5088 erudito
1686 5052 1849 5102 quam
1883 5038 2089 5089 liberali
2124 5040 2338 5104 gratias.

801 5122 861 5183 1)
894 5120 999 5171 Csr.
1036 5120 1209 5185 Kbnig
1242 5120 1314 5169 l..l
1352 5117 1415 5169 17
1451 5133 1562 5183 seq.

801 5203 858 5265 2)
894 5201 1131 5265 Philipps
1167 5199 1529 5250 Kirchenreekt
1562 5198 1624 5251 V.
1658 5211 1719 5249 ιι.
1755 5196 1854 5249 567
1890 5213 2000 5264 seq.

804 5282 860 5348 3)
895 5283 1088 5333 Kirsch
1122 5281 1193 5332 l.l.
1230 5281 1377 5332 7-9.

803 5363 860 5428 4)
908 5362 1014 5413 Csr.
1065 5361 1121 5412 L.
1176 5361 1356 5412 Banck
1417 5363 1563 5411 Taxa
1613 5361 1667 5412 S.
1725 5359 2074 5411 cancellariae
2123 5361 2386 5412 Βοηιαηαο
2427 5362 2786 5426 (Franckerae
2829 5362 2987 5426 1651)
3033 5361 3131 5413 198
3182 5376 3318 5427 seq;
3365 5361 3539 5427 Kbnig
3584 5360 3684 5423 l.l.;

630 5443 687 5494 J.
737 5444 1006 5508 Dollinger
1057 5442 1301 5506 Boia-690
1348 5458 1441 5492 nur
1483 5442 1788 5507 politi-when
1843 5441 2132 5491 Gmkicldo
2182 5442 2274 5492 dor
2317 5441 2352 5493 6
2396 5443 2575 5493 letzim
2618 5443 2806 5494 Jahn-70.
2855 5443 2946 5493 Bd.
2998 5443 3049 5494 11
3092 5442 3466 5509 (Regensburg
3518 5439 3686 5503 1863).

642 5524 881 5575 Valorem
933 5525 1092 5574 unius
1146 5524 1332 5575 ssot-eni
1375 5524 1493 5574 auri
1527 5524 1664 5574 circa
1700 5537 1786 5572 an.
1822 5520 1954 5572 1350
1987 5522 2051 5571 ad
2084 5520 2202 5583 3,75
2237 5522 2464 5573 florenos
2497 5529 2711 5574 nostrae
2745 5531 2990 5575 monetae
3023 5523 3405 5575 Neerlandicae
3439 5522 3686 5572 aaetimat

631 5604 688 5655 J.
723 5603 781 5655 P.
818 5604 1007 5655 Kirsch
1042 5604 1138 5654 Die
1163 5604 1485 5669 paepstlicheu
1519 5602 1869 5653 Kalamon-ion
1901 5602 1958 5652 in
1990 5602 2338 5652 Deutsohland
2372 5603 2508 5655 Einl.
2544 5604 2703 5655 Lxx.
