4450 6684
1977 542 2465 608 Iuraonoc'rm.
3608 563 3754 610 ΠΝ

700 755 1223 821 confessionales.
1331 755 1746 845 Quapropter
1813 758 2136 845 conjicere
2205 759 2396 842 licet,
2469 760 2776 845 generale
2846 758 2928 826 de
3000 760 3368 826 confessore
3438 760 3743 846 eligendo

700 859 1025 924 indultum
1095 860 1323 947 utique
1394 860 1712 948 profuisse
1784 864 2138 951 episcopis,
2212 868 2405 928 extra
2472 885 2657 929 suam
2718 863 3073 930 dioecesim
3135 865 3741 952 peregrinantibus,

702 985 831 1029 non
897 970 1116 1030 tamen
1163 965 1474 1051 quamdiu
1521 967 1591 1030 111
1638 967 1781 1053 ipsa
1824 967 2005 1032 Urbe
2053 973 2276 1033 essent
2321 970 2802 1034 commoraturi.
2897 969 3026 1035 Pro
3072 969 3198 1033 1100
3245 970 3384 1035 0010
3432 970 3747 1055 temporis

698 1069 1043 1134 intervallo
1108 1070 1373 1155 speciali
1440 1069 1629 1135 Sedis
1692 1070 2114 1157 Apostolicae
2176 1072 2491 1137 facultate
2553 1072 2914 1159 indiguisse
2977 1079 3175 1159 atque
3223 1075 3450 1140 literas
3497 1073 3748 1139 confes·

700 1172 980 1237 sionales
1026 1174 1411 1259 impetrasse
1457 1176 1791 1261 praesules
1840 1177 2043 1240 nostri
2092 1174 2417 1241 videntur.
2476 1176 2669 1242 Hanc
2716 1198 2908 1263 porro
2959 1177 3446 1243 distinctionem
3481 1178 3745 1242 minime

699 1277 966 1341 arbitrio
1036 1282 1263 1341 nostro
1331 1278 1569 1344 factam
1637 1279 1872 1366 probat
1940 1279 2239 1344 doctrina
2297 1281 2570 1346 Henrici
2633 1280 2715 1344 de
2764 1281 3075 1365 Segusio,
3123 1281 3498 1347 Hostiensis
3545 1282 3742 1367 vulgo

700 1382 1078 1467 nuncupati.
1173 1380 1302 1456 Qui
1351 1384 1690 1449 canonista
1736 1389 1870 1447 tam
1918 1383 2313 1470 antiquitate
2361 1406 2555 1471 quam
2605 1385 2973 1450 eruditione
3020 1387 3389 1473 praeclarus
3438 1385 3611 1472 quod
3659 1384 3742 1450 ad

701 1484 1039 1571 episcopos
1086 1495 1154 1550 et
1201 1487 1568 1572 superiores
1615 1488 1709 1551 ita
1755 1487 1975 1552 docet:
2034 1488 2173 1569 „De
2222 1489 2465 1553 talibus
2513 1494 2581 1553 et
2628 1490 2949 1554 similibus
2998 1495 3252 1576 spectat
3297 1491 3613 1555 correctio
3661 1488 3747 1554 ad

699 1590 907 1653 solum
954 1610 1220 1676 papam3
1268 1593 1336 1654 in
1384 1593 1641 1654 occultis
1688 1612 1841 1656 vero
1888 1597 2108 1678 potest
2155 1593 2279 1656 sibi
2328 1593 2568 1678 eligere
2618 1593 3086 1677 confessorem,
3134 1596 3262 1658 nisi
3296 1597 3382 1659 sit
3420 1597 3488 1658 in
3533 1596 3748 1677 curia,

701 1693 853 1778 quia
902 1697 1057 1757 tunc
1105 1692 1305 1757 debet
1352 1694 1649 1759 confiteri
1690 1694 2208 1760 Poenitentiario
2250 1697 2609 1762 secundum
2649 1697 3034 1783 quosdam.”
3062 1699 3115 1782 1)
3178 1698 3411 1784 Neque
3453 1699 3744 1785 opinioni

700 1802 961 1862 nostrae
1025 1818 1253 1862 revera
1317 1799 1536 1863 obstat
1599 1798 1965 1882 indultum,
2022 1800 2311 1864 Johanni
2359 1800 2441 1865 de
2489 1801 2684 1866 Diest
2731 1802 3036 1888 episcopo
3084 1807 3316 1889 postea
3361 1823 3743 1867 concessum

698 1900 899 1983 (num.
972 1902 1166 1985 793),
1232 1902 1474 1988 quippe
1537 1903 1710 1989 quod
1771 1904 1980 1968 literis
2041 1904 2624 1971 confessionalibus
2679 1907 2947 1970 minime
2995 1927 3276 1992 aequum
3325 1907 3581 1990 valeat,
3629 1905 3747 1970 sed

690 2005 1214 2092 jurisdictionem
1259 2005 1564 2071 intendat
1611 2008 1784 2093 quod
1833 2007 1915 2072 ad
1964 2029 2151 2072 casus
2198 2011 2569 2095 specialiter
2616 2017 3000 2076 reservatos.

918 2111 1217 2175 Decursu
1279 2116 1499 2175 autem
1551 2113 1859 2198 temporis
1906 2112 1975 2177 in
2022 2113 2359 2197 largiendo
2409 2113 2786 2200 hujusmodi
2832 2115 3173 2202 privilegio
3222 2114 3626 2180 liberaliores
3675 2134 3745 2178 se

699 2220 1040 2299 gesserunt
1104 2215 1389 2279 Romani
1435 2216 1810 2280 Pontifices.
1903 2216 2200 2302 Idipsum
2249 2218 2558 2302 magistro
2608 2219 2898 2283 Johanni
2946 2219 3169 2285 Wilde
3220 2218 3302 2284 de
3349 2218 3745 2283 Dotinchem

696 2319 1065 2406 praeposito
1130 2318 1571 2402 Embricensi,
1636 2320 1936 2386 familiari
1997 2327 2069 2386 01·
2127 2322 2427 2408 scriptori
2490 2344 2606 2387 suo
2670 2325 2964 2409 erogavit
3025 2324 3379 2410 Gregorius
3427 2345 3596 2410 papa
3640 2323 3748 2390 XI

698 2425 902 2505 (num.
954 2422 1177 2504 2057).
1263 2421 1473 2487 Immo
1521 2424 1906 2489 Fredericus
1953 2423 2035 2489 de
2082 2425 2563 2492 Blankenheim
2611 2428 2954 2514 episcopus
2999 2429 3141 2515 ipse
3193 2428 3572 2493 facultatem
3620 2426 3744 2491 sibi

706 2527 1073 2612 delegatam
1142 2527 1450 2592 habuisse
1520 2526 1815 2611 videtur,
1887 2530 2118 2594 saltem
2187 2528 2273 2593 ad
2336 2550 2539 2594 unum
2604 2552 2849 2595 annum
2905 2531 3112 2596 literis
3160 2530 3746 2596 confessionalibus

709 2652 1008 2718 proceres
1057 2630 1344 2695 donandi
1388 2630 1589 2718 (App.
1639 2631 1922 2716 XVIII).

920 2735 997 2799 F.
1089 2735 1671 2799 Matrimonialz‘um
1738 2736 2312 2821 dispensationum,
2384 2759 2551 2824 quae
2621 2739 2690 2803 in
2759 2739 3053 2804 Bullario
3115 2746 3340 2804 nostro
3394 2738 3742 2825 leguntur,
3764 2741 4161 2807 Dispensationes

3764 2810 4148 2861 matrimoniales

697 2860 1005 2903 numerus
1048 2838 1246 2923 longe
1290 2839 1500 2923 major
1545 2839 1682 2924 agit
1728 2839 1811 2905 de
1856 2840 2327 2926 impedimento
2377 2843 2963 2928 consanguinitatis
3012 2844 3116 2909 vel
3163 2843 3518 2909 affinitatis.
3611 2843 3742 2907 Im·
3767 2894 3909 2943 super
3940 2894 4138 2927 consan-

697 2941 1146 3030 pedimentum
1191 2942 1315 3006 hoc
1363 2941 1672 3008 dirimens
1714 2945 2077 3031 antiquitus
2109 2967 2254 3011 sese
2287 2946 2693 3012 extendebat
2723 2968 2931 3034 usque
2964 2946 3046 3012 ad
3080 2949 3429 3035 septimum
3460 2947 3736 3034 gradum
3771 2947 4009 3010 guinitate
4043 2947 4123 2995 vol

696 3046 1124 3130 inclusive,2)
1187 3045 1546 3110 secundum
1594 3049 2100 3113 ecclesiasticam
2150 3050 2471 3135 graduum
2519 3054 3098 3140 computationem.
3190 3053 3288 3119 At
3332 3054 3402 3117 in
3450 3053 3741 3118 Concilio

695 3151 1125 3217 Lateranensi
1170 3148 1278 3214 IV
1324 3149 1750 3216 Innocentius
1797 3174 1969 3239 papa
2011 3153 2118 3217 III
2163 3155 2260 3218 ita
2306 3156 2566 3221 statuit:
2625 3157 3018 3243 „prohibitio
3066 3158 3340 3244 copulae
3388 3158 3752 3244 conjugalis

697 3262 1000 3341 quartum
1047 3254 1633 3338 consanguinitatis
1681 3262 1748 3320 et
1796 3256 2131 3322 affinitatis
2179 3258 2456 3344 gradum
2506 3260 2586 3326 de
2635 3267 2893 3327 caetero
2935 3282 3069 3327 non
3112 3261 3456 3327 excedat.”
3483 3262 3539 3346 3)
3598 3262 3748 3327 Dis-

693 3359 1013 3447 pensandi
1082 3378 1238 3423 vero
1307 3358 1689 3424 facultatem
1759 3361 1829 3424 in
1899 3363 2128 3447 quovis
2197 3361 2406 3448 gradu
2477 3364 2806 3451 prohibito
2877 3366 3185 3430 Summus
3252 3365 3569 3431 Pontifex
3628 3386 3745 3429 suo

694 3463 962 3529 arbitrio
1010 3460 1469 3526 reservandam
1517 3464 1774 3549 putavit
1822 3485 2036 3551 neque
2082 3467 2287 3531 ullam
2335 3469 2657 3555 episcopis
2703 3470 2773 3534 in
2821 3490 2940 3534 sua
2974 3471 3210 3557 cuique
3252 3469 3532 3536 dioecesi
3573 3491 3747 3535 com-

693 3566 1104 3633 mittendam.
1128 3568 1183 3649 4)
1252 3565 1529 3641 Quoties
1576 3588 1731 3652 ergo
1780 3571 2375 3655 consanguinitatis
2416 3573 2520 3637 vel
2556 3573 2894 3638 affinitatis
2922 3574 3463 3661 impedimentum
3498 3575 3744 3662 nuptiis

696 3672 1034 3753 obstabat,
1107 3669 1189 3735 ad
1263 3668 1501 3736 Sedem
1573 3692 1905 3739 recurrere
1974 3675 2425 3761 Apostolicam
2495 3697 2764 3742 necesse
2831 3684 3005 3762 erat,
3068 3679 3194 3744 nisi
3254 3680 3422 3745 forte
3484 3678 3742 3745 cuidam

693 3776 911 3862 legato
958 3775 1175 3862 papali
1217 3775 1516 3861 specialis
1562 3782 1735 3841 esset
1776 3776 2080 3863 delegata
2116 3777 2423 3862 facultas,
2472 3781 2643 3845 01001
2679 3781 2969 3847 Johanni
3003 3784 3306 3871 episcopo
3342 3783 3739 3866 Sambiensi,

696 3901 840 3944 cum
885 3880 956 3943 in
1002 3877 1366 3943 subsidium
1414 3879 1755 3943 Wilhelmi
1800 3881 2251 3946 Romanorum
2299 3884 2470 3968 regis
2518 3882 2794 3949 Crucem
2841 3884 3263 3971 praedicabat
3309 3887 3515 3971 (num.
3561 3889 3741 3970 253).

694 3982 1136 4071 Dispensandi
1198 3983 1319 4047 hac
1366 3988 1696 4069 potestate
1743 3984 1868 4048 sibi
1916 3985 2038 4048 soli
2083 3992 2416 4051 reservata
2466 3985 2671 4052 Sedes
2717 3989 3101 4075 Apostolica
3145 4010 3339 4079 parce
3387 3990 3739 4056 admodum

694 4095 851 4154 tunc
920 4088 1019 4152 uti
1090 4087 1365 4152 solebat.
1459 4086 1747 4153 Proinde
1815 4089 1885 4154 in
1957 4090 2249 4155 Bullario
2312 4096 2537 4155 nostro
2599 4090 3122 4178 dispensationes
3178 4094 3375 4179 longe
3422 4094 3741 4180 plurimae

695 4198 995 4280 quartum
1067 4191 1656 4276 consanguinitatis
1725 4194 1830 4258 vel
1899 4193 2235 4259 affinitatis
2298 4193 2571 4279 gradum
2620 4202 3061 4281 concernunt,
3108 4198 3537 4285 paucissimae
3583 4219 3739 4265 vero

690 4298 955 4362 tertium
1003 4294 1277 4380 gradum
1325 4301 1443 4359 aut
1489 4302 1793 4381 quartum
1841 4318 1987 4362 cum
2039 4299 2232 4363 tertio
2279 4300 2581 4363 mixtum.
2676 4298 2860 4374 Quae
2906 4300 2989 4365 de
3038 4302 3234 4367 101110
3283 4303 3740 4388 consanguini-

691 4402 843 4465 tatis
912 4399 1120 4485 gradu
1189 4404 1396 4484 agunt
1465 4397 1989 4486 dispensationes
2057 4402 2459 4488 principibus
2533 4425 2889 4490 eorumque
2952 4405 3267 4492 proximis
3329 4404 3522 4470 datae
3584 4411 3740 4470 sunt

689 4505 960 4588 (numm.
1010 4505 1134 4567 361
1155 4552 1172 4585 ,
1215 4505 1376 4586 625,
1425 4504 1610 4587 725),
1660 4504 2053 4590 quandoque
2091 4525 2225 4570 non
2258 4507 2399 4572 sine
2433 4529 2672 4593 magna
2702 4507 3087 4574 difficultate
3117 4510 3446 4596 longaque
3479 4510 3738 4574 actione

687 4607 969 4693 praevia.
998 4608 1052 4691 5)
1120 4606 1571 4692 Reperiuntur
1616 4606 1885 4694 insuper
1929 4609 2287 4676 nonnullae
2335 4632 2532 4698 super
2565 4612 3036 4698 impedimento
3072 4613 3406 4679 affinitatis
3436 4614 3505 4678 in
3539 4614 3735 4679 tertio

690 4709 895 4795 gradu
938 4709 1315 4775 hominibus
1361 4710 1637 4797 plebejis
1685 4717 1994 4796 erogatae
2039 4713 2313 4797 (numm.
2352 4717 2476 4780 941
2518 4721 2587 4780 01
2620 4718 2811 4802 959),
2860 4716 2979 4783 0οᾶ
3023 4717 3509 4783 matrimonium
3554 4717 3736 4782 hisce

687 4815 755 4879 in
815 4816 1073 4881 casibus
1126 4816 1266 4900 jam
1312 4813 1566 4902 pridem
1613 4821 1756 4879 erat
1801 4816 2241 4901 celebratum,
2313 4818 2518 4899 altera
2564 4820 2797 4886 saltem
2842 4822 3126 4908 partium
3173 4822 3418 4886 nullius
3461 4821 3737 4910 impedi-

686 4920 893 4984 menti
940 4920 1220 4984 conscia.

690 5150 1180 5158 .—-———-————·

849 5334 906 5398 1)
942 5332 1145 5382 Summa
1177 5328 1467 5379 Hostium-tic
1517 5326 1618 5378 Tit.
1653 5329 1717 5378 de
1751 5329 2089 5396 pernitentiis,
2128 5332 2154 5396 ἓ
2188 5330 2290 5383 Cui
2326 5331 2646 5397 patriarcha.
2681 5333 2798 5399 (Ed.
2830 5332 2964 5386 1479
3001 5333 3058 5384 in
3096 5334 3414 5387 bibliotheca
3450 5336 3735 5390 Seminarii

684 5412 1164 5471 Warmondensis).
1230 5410 1439 5460 Literae
1473 5409 1712 5460 cui-sivae
1745 5415 1875 5460 sunt
1910 5425 1941 5461 0
1975 5426 2062 5461 1110
2095 5414 2379 5478 appositae.

849 5495 904 5561 2)
942 5494 996 5545 F.
1034 5494 1091 5545 P.
1129 5507 1229 5543 van
1266 5491 1329 5541 de
1366 5490 1536 5556 Burgt
1568 5491 1646 5540 Do
1676 5491 1998 5542 matrimonio
2031 5492 2245 5558 (Ultraj.
2279 5494 2437 5561 1875)
2471 5494 2573 5546 152
2605 5502 2659 5547 01
2691 5495 2806 5548 173.

847 5575 905 5640 3)
942 5576 1144 5626 Deci-et.
1180 5572 1333 5637 Greg.
1368 5570 1478 5621 Lib.
1519 5569 1604 5622 IV.
1640 5570 1739 5622 Tit.
1777 5572 1917 5623 XIV.
1952 5588 2063 5638 cap.
2098 5573 2148 5625 8.
3085 5593 3094 5601 ·

849 5657 906 5722 4)
940 5655 1322 5706 Thomassinus
1356 5652 1616 5703 Ecclesiae
1646 5653 1921 5719 disciplina
1954 5654 2023 5705 ΙΙ.
2056 5654 2171 5707 630.
2507 5657 2563 5724 5)
2602 5657 2710 5710 Cfr.
2744 5672 2905 5722 supra
2940 5658 3141 5709 Introd.
3175 5672 3226 5722 p.
3261 5656 3450 5710 XXIV.

3455 5770 3490 5826 7

3832 3014 4082 3063 affinitate.
