4450 6684
1848 535 2180 599 Unsuws
2223 533 2309 598 V.
2557 538 2565 546 ’
3485 535 3614 598 163

551 756 817 821 recedas
878 761 945 821 et
992 756 1060 819 in
1113 756 1389 820 ecclesia
1435 755 1723 821 resideas
1771 754 2122 820 antedicta.
2153 804 2167 818 .
2198 804 2211 818 .
2244 804 2258 817 .
2328 756 2480 820 Dat.
2530 754 2850 835 Viterbii,
2899 756 2960 817 V
3010 755 3117 818 Kl.
3171 755 3609 841 Septembris,

545 884 717 928 anno
767 864 1018 948 quinto.

967 979 1089 1040 Περ.
1128 981 1222 1027 Αυ.
1268 981 1320 1028 T.
1356 980 1529 1042 lssss·
1570 979 1684 1027 183.

545 1399 733 1465 1845.
1269 1402 1478 1482 1367,
1533 1401 1817 1465 Octobris
1864 1370 1988 1482 21‘,
2047 1402 2285 1465 Romae
2330 1421 2435 1484 ap.
2489 1399 2554 1464 S.
2606 1401 2895 1464 Petrum.

862 1554 1196 1618 Gherardo
1258 1554 1426 1617 dicto
1490 1553 1690 1618 Vrent
1751 1555 2075 1619 domicello
2137 1562 2196 1618 et
2265 1553 2783 1639 „Etpeisseline”
2841 1556 2974 1634 ejus
3022 1555 3237 1635 uxori,
3306 1552 3615 1617 nobilibus

775 1659 957 1738 Traj.
1031 1661 1259 1738 dioec,
1332 1661 1691 1724 conceditur
1748 1663 2165 1745 privileyiutn
2224 1663 2565 1745 plenariae
2622 1667 3026 1743 peccatorum
3095 1662 3482 1723 remissionis
3545 1660 3614 1722 in

766 1766 1040 1829 articulo
1087 1767 1327 1828 mortis,

768 1946 1081 2010 Provenit
1131 1968 1233 2011 ex.
1265 1995 1279 2010 .
1311 1996 1324 2009 .
1355 1996 1368 2010 .
1430 1948 1666 2012 Nostre
1716 1955 1936 2012 autem
1984 1949 2372 2012 intentionis
2421 1948 2681 2027 existit,
2733 1946 2905 2033 quod
2957 1948 3078 2010 nisi
3131 1952 3243 2026 tu,
3292 1947 3382 2010 fili
3435 1947 3607 2012 Ghe-

548 2050 769 2133 rarde,
820 2060 1067 2134 vestes,
1118 2074 1277 2139 quas
1327 2053 1637 2141 deinceps
1685 2055 1826 2119 fieri
1869 2055 2067 2118 facies
2101 2061 2168 2118 et
2200 2053 2466 2118 indutas
2501 2053 2780 2140 desuper
2815 2053 3098 2134 deferes,
3147 2054 3343 2138 longe
3377 2055 3608 2117 saltem

546 2177 755 2242 usque
804 2157 885 2221 ad
936 2180 1154 2242 genua
1200 2161 1522 2240 existant,
1570 2160 1899 2224 indultum
1946 2159 2323 2244 hujusmodi
2372 2180 2499 2244 quo
2550 2158 2628 2221 ad
2681 2165 2747 2222 te
2798 2159 3039 2222 nullius
3088 2160 3173 2222 sit
3210 2160 3461 2222 roboris
3501 2160 3606 2223 vel

550 2263 882 2326 momenti.
904 2311 917 2324 .
944 2311 994 2326 ..
1046 2264 1198 2327 Dat.
1238 2265 1446 2328 Rome
1480 2265 1655 2351 apud
1691 2266 2004 2330 Sanctum
2039 2242 2343 2339 Petrum,
2377 2263 2514 2329 XII
2551 2265 2658 2327 Kl.
2693 2264 3114 2344 Novembris,
3152 2285 3323 2327 anno
3358 2265 3608 2348 quinto.

958 2399 1077 2459 seq.
1119 2402 1214 2447 Αυ.
1260 2396 1320 2447 Τ.
1355 2400 1444 2456 15,
1473 2401 1532 2463 f.
1568 2401 1681 2448 510.

543 2816 741 2883 1846.
1276 2825 1487 2904 1367,
1541 2822 1824 2886 Octobris
1871 2824 1990 2903 21,
2040 2822 2278 2884 Romae
2323 2843 2427 2903 (η).
2481 2820 2545 2882 S.
2597 2820 2886 2883 Petram.

864 2972 1004 3035 Pro
1051 2976 1455 3056 reparatione
1496 2975 1896 3058 parochialis
1945 2976 2232 3038 ecclesiae
2267 2974 2342 3036 de
2383 2973 2618 3037 Didam
2664 2972 2751 3034 ad
2789 2973 3146 3036 decennium
3192 2973 3615 3037 conceduntur

766 3076 1204 3161 indulyentiae
1250 3082 1442 3142 unius
1489 3083 1648 3143 anni
1692 3087 1751 3143 et
1797 3083 1886 3144 40
1933 3081 2176 3143 dierum
2226 3081 2323 3142 vel
2368 3082 2501 3143 100
2549 3079 2830 3160 dierum,
2879 3082 3064 3142 certis
3110 3077 3325 3142 diebus
3370 3080 3616 3160 festivis

772 3182 1136 3248 lucrandae.

768 3364 1105 3430 Universis
1155 3369 1399 3433 Christi
1449 3369 1752 3434 fidelibus
1801 3377 2139 3455 presentes
2185 3369 2409 3432 literas
2459 3369 2849 3455 inspecturis
2898 3370 3178 3433 salutem
3225 3378 3334 3432 ete.

774 3472 964 3537 Licet
1010 3475 1098 3542 is,
1147 3474 1229 3539 de
1279 3477 1484 3561 cujus.
1516 3524 1529 3538 .
1562 3525 1577 3538 .
1605 3524 1621 3540 .
1673 3477 2030 3562 Cupientes
2077 3477 2300 3560 igitur,
2350 3483 2425 3538 ut
2474 3476 2860 3560 parochialis
2910 3477 3185 3541 ecclesia
3227 3476 3307 3541 de
3348 3476 3607 3563 Dedym

542 3575 988 3660 TraJ'ectensis
1047 3578 1360 3663 diocesis,
1413 3605 1578 3669 que,
1629 3585 1795 3647 sicut
1845 3584 2248 3668 accepimus,
2298 3603 2414 3667 per
2463 3581 2838 3646 incendium
2889 3581 3224 3646 destructa
3272 3585 3501 3647 existit
3547 3565 3646 3648 et·

546 3681 795 3767 absque
843 3685 953 3769 pia
996 3687 1429 3753 subventione
1463 3688 1753 3753 fidelium
1789 3690 2075 3772 reparari
2110 3709 2242 3751 non
2275 3695 2523 3774 potest,
2577 3687 2882 3770 congruis
2915 3686 3272 3750 honoribus
3305 3687 3608 3772 frequen-

543 3793 721 3853 tetur
768 3839 783 3854 .
814 3840 827 3852 .
861 3840 875 3854 .
904 3839 919 3855 .
979 3795 1280 3857 omnibus
1327 3817 1479 3860 vere
1527 3796 1978 3883 penitentibus
2028 3801 2094 3859 et
2142 3794 2491 3875 confessis,
2542 3795 2653 3879 qui
2700 3795 2768 3856 in
2815 3793 3232 3875 Nativitatis,
3284 3793 3605 3858 Circums-

409 3928 427 3937 -
544 3895 804 3959 cisionis
853 3901 1035 3980 (sic),
1092 3899 1497 3986 Epiphania,
1550 3901 2094 3977 Resurrexionis,
2144 3901 2566 3965 Ascensionis
2618 3906 2686 3963 et
2732 3898 3039 3984 Corporis
3088 3899 3350 3963 Domini
3401 3902 3608 3964 nostri

544 4001 753 4067 Jhesu
802 4003 1074 4088 Christi,
1124 4007 1600 4073 Pentechostes
1644 4029 1901 4072 necnon
1934 4010 2002 4071 in
2037 4009 2447 4088 Nativitatis,
2481 4007 3077 4089 Annunciacionis,
3113 4006 3604 4070 Purificacionis
3666 4063 3669 4067 ,

556 4113 624 4170 et
686 4110 1180 4197 Assumpcionis
1248 4114 1442 4178 beate
1505 4116 1711 4179 Maris
1775 4116 2067 4199 Virginis
2132 4121 2199 4177 et
2247 4114 2627 4178 Nativitatis
2674 4112 2850 4175 beati
2899 4111 3223 4175 Johannis
3271 4113 3608 4198 Baptiste,

549 4211 865 4280 dictorum
926 4220 1368 4304 apostolorum
1417 4221 1599 4285 Petri
1649 4227 1715 4284 et
1763 4221 1956 4284 Pauli
2004 4241 2078 4283 ac
2110 4220 2316 4304 ipsius
2350 4218 2622 4283 ecclesie
2656 4216 3113 4281 Dedicacionis
3147 4218 3611 4281 festivitatibus

543 4341 617 4382 ac
666 4322 1045 4388 celebritate
1095 4325 1401 4389 Omnium
1452 4326 1841 4390 Sanctorum
1888 4334 1953 4389 et
1988 4348 2103 4410 per
2138 4333 2403 4388 octavas
2437 4326 2723 4409 ipsarum
2758 4323 3171 4405 Nativitatis,
3208 4323 3610 4409 Epiphanie,

548 4425 1109 4513 Resurrectionis,
1157 4433 1583 4496 Ascensionis
1638 4440 1704 4495 et
1753 4433 2057 4517 Corporis
2106 4433 2372 4496 Domini
2420 4432 2624 4494 nostri
2674 4451 2929 4494 necnon
2980 4429 3173 4494 beate
3215 4429 3421 4494 Maris
3454 4430 3607 4494 Vir-

543 4534 711 4614 ginis
785 4536 1197 4618 Nativitatis,
1272 4540 1764 4623 Assumpcionis
1831 4546 1897 4601 et
1961 4539 2340 4602 Nativitatis
2404 4538 2581 4601 beati
2644 4536 2968 4603 Johannis
3030 4543 3098 4600 et
3161 4538 3604 4621 apostolorum

546 4640 725 4704 Petri
794 4651 860 4706 et
906 4643 1098 4708 Pauli
1149 4646 1591 4731 predictorum
1640 4646 2067 4709 festivitatum
2120 4653 2383 4708 octavas
2431 4651 2499 4708 et
2547 4664 2662 4729 per
2712 4664 2827 4707 sex
2880 4643 3019 4705 dies
3067 4642 3305 4706 dictam
3355 4644 3602 4708 festivi-

548 4755 750 4812 tatem
800 4750 1276 4817 Penthecostes
1324 4753 1698 4815 immediate
1748 4761 2099 4837 sequentes
2147 4751 2467 4836 prefatam
2517 4751 2860 4814 ecclesiam
2911 4748 3147 4813 devote
3197 4750 3607 4814 visitaverint

543 4857 884 4919 annuatim
936 4865 1002 4921 et
1051 4857 1131 4922 ad
1180 4859 1657 4943 reparationem
1705 4858 2078 4942 hujusmodi
2128 4878 2359 4921 manus
2392 4857 2805 4942 porrexerint
2838 4855 3220 4940 adjutrices,
3268 4858 3606 4921 annuatim

546 4960 820 5045 singulis
887 4963 1191 5029 videlicet
1238 4965 1670 5028 festivitatum
1722 4971 1788 5028 et
1837 4964 2239 5027 celebritatis
2287 4985 2488 5027 unum
2538 4983 2781 5027 annum
2835 4969 2902 5025 et
2952 4962 3386 5047 quadraginta
3433 4963 3607 5044 dies,

548 5074 924 5133 octavarum
996 5092 1149 5135 vero
1217 5072 1502 5157 ipsarum
1576 5078 1643 5134 et
1711 5070 2151 5155 predictorum
2223 5090 2342 5133 sex
2415 5069 2665 5133 dierum
2731 5067 3001 5150 diebuS,
3068 5068 3304 5152 quibus
3368 5068 3608 5131 dictam

549 5177 886 5240 ecclesiam
937 5178 1344 5241 visitaverint
1392 5185 1460 5241 et
1507 5197 1737 5240 manus
1777 5177 2192 5262 porrexerint
2233 5176 2618 5259 adjutrices,
2659 5181 2734 5237 ut
2772 5174 3120 5258 prefertur,
3164 5181 3426 5236 centum
3469 5173 3609 5236 dies

552 5279 634 5345 de
700 5284 1012 5366 injunctis
1073 5282 1167 5345 eis
1220 5283 1609 5368 penitenciis
1657 5281 2164 5345 misericorditer
2212 5283 2602 5345 relaxamus.
2697 5277 3127 5342 Presentibus
3177 5284 3326 5361 post
3374 5276 3608 5341 decen-

548 5387 728 5450 nium
777 5389 1041 5452 minime
1090 5389 1405 5452 valituris.
1456 5388 1608 5452 Dat.
1658 5389 1871 5453 Rome
1923 5388 2092 5473 apud
2146 5388 2454 5452 Sanctum
2509 5388 2810 5466 Petrum,
2860 5383 2998 5448 XII
3034 5383 3144 5446 Kl.
3181 5383 3601 5462 Novembris,

546 5514 718 5557 anno
768 5495 1016 5579 quinto·

966 5611 1091 5673 neg.
1126 5612 1222 5660 Ao.
1268 5614 1319 5659 T.
1356 5612 1445 5670 ic,
1474 5614 1529 5674 s.
1566 5613 1705 5661 4542.
