4450 6684
845 506 978 569 202
2095 501 2499 569 Gaaooams
2544 502 2667 569 XI.

846 725 1148 791 videncia
1218 731 1285 790 et
1356 723 1815 810 temporalium
1887 723 2475 809 circumspectione
2541 724 2816 810 aliisque
2880 725 3196 790 virtutum
3260 727 3511 791 meritis
3574 727 3749 814 apud
3796 749 3917 792 nos

841 830 1202 897 laudabilia
1261 829 1595 914 fidedigna
1657 829 2034 894 testimonia
2097 829 2622 915 perhibe(n)tur,
2688 829 3048 896 direximus
3096 833 3319 897 oculos
3366 838 3592 897 nostre
3637 833 3914 916 mentis3

847 938 1085 1025 quibus
1148 938 1451 1002 omnibus
1514 935 1739 1001 debita
1797 935 2226 1000 meditatione
2291 938 2616 1023 pensatis,
2681 936 2764 1002 de
2822 959 3100 1024 persona
3149 945 3266 1003 tua
3314 940 3502 1004 nobis
3550 947 3620 1005 et
3666 940 3915 1006 eisdem

843 1046 1156 1111 fratribus
1220 1044 1304 1107 ob
1368 1043 1689 1108 dictorum
1753 1049 2014 1107 tuorum
2080 1043 2486 1128 exigentiam
2541 1046 2921 1109 meritorum
2971 1042 3275 1133 accepta,
3333 1047 3460 1132 ipsi
3506 1047 3916 1132 Trajectensi

847 1152 1124 1219 ecclesie
1186 1149 1269 1216 de
1334 1150 1657 1214 dictorum
1718 1149 1990 1214 fratrum
2056 1150 2330 1214 consilio
2395 1151 2786 1216 auctoritate
2846 1152 3208 1238 apostolica
3251 1152 3669 1239 providemus
3719 1161 3916 1240 teque

846 1260 946 1325 illi
1015 1259 1386 1345 preficimus
1457 1258 1526 1320 in
1596 1257 1975 1343 episcopum
2048 1263 2115 1321 et
2177 1263 2545 1342 pastorem,
2609 1278 2831 1323 curam
2894 1263 2964 1322 et
3022 1257 3664 1325 administracionem
3710 1261 3914 1349 ipsius

846 1367 1123 1432 ecclesie
1174 1365 1292 1429 tibi
1339 1366 1407 1427 in
1456 1363 1908 1450 spiritualibus
1956 1370 2023 1428 et
2074 1364 2548 1450 temporalibus
2595 1365 2887 1450 plenarie
2937 1366 3443 1448 committendo,
3497 1368 3566 1431 in
3612 1368 3758 1450 illo,
3809 1369 3923 1455 qui

848 1473 963 1538 dat
1025 1472 1269 1558 gratias
1334 1477 1403 1536 et
1462 1471 1740 1555 largitur
1802 1471 2089 1556 premia,
2153 1470 2601 1553 confidentes,
2651 1471 2825 1557 quod
2877 1471 3106 1537 eadem
3157 1474 3433 1538 ecclesia
3480 1494 3596 1560 per
3643 1481 3756 1539 tue
3804 1476 3924 1538 cir-

848 1579 1355 1667 cumspectionis
1402 1578 1789 1641 industriam
1839 1583 1908 1642 et
1953 1577 2443 1664 providenciam
2489 1578 3027 1665 circumspectam
3061 1580 3182 1643 sub
3214 1585 3331 1644 tuo
3365 1581 3539 1645 felici
3575 1582 3920 1666 regimine,

845 1688 1123 1752 dextera
1170 1686 1433 1750 Domini
1483 1686 1603 1750 tibi
1650 1686 2002 1750 assistente
2053 1686 2372 1771 propitia,
2422 1685 2773 1750 salubriter
2819 1693 2886 1750 et
2932 1708 3243 1773 prospere
3276 1687 3599 1773 dirigetur
3630 1695 3699 1753 et
3731 1696 3916 1773 grata

848 1795 917 1860 in
989 1794 1235 1858 eisdem
1308 1792 1758 1878 spiritualibus
1829 1797 1897 1857 et
1967 1792 2437 1878 temporalibus
2509 1793 2822 1879 suscipiet
2890 1794 3315 1859 incrementa.
3412 1795 3660 1880 Jugum
3720 1796 3919 1880 igitur

848 1901 1117 1967 Domini
1183 1899 1314 1964 tuis
1358 1899 1740 1984 impositum
1787 1898 2075 1963 humeris
2124 1904 2428 1984 prompta
2476 1896 2836 1964 devocione
2887 1899 3283 1985 suscipiens,
3334 1922 3557 1966 curam
3606 1907 3673 1965 et
3721 1901 3921 1965 admi-

854 2008 1317 2073 nistracionem
1364 2006 1692 2092 predictas
1741 2007 1833 2071 sic
1882 2027 2191 2071 exercere
2243 2005 2511 2071 studeas
2559 2007 2843 2091 solicite,
2893 2008 3177 2073 fideliter
3214 2015 3284 2073 et
3315 2009 3698 2097 prudenter,
3746 2009 3917 2096 quod

850 2116 995 2202 ipsa
1057 2115 1334 2179 ecclesia
1396 2114 1822 2200 gubernatori
1887 2113 2160 2200 provido
2226 2119 2294 2177 et
2340 2113 2678 2178 fructuoso
2727 2113 3244 2181 administratori
3292 2116 3580 2202 gaudeat
3628 2138 3698 2182 se
3747 2138 3916 2182 com-

851 2223 1152 2304 missam,
1203 2228 1405 2308 tuque
1453 2228 1673 2307 preter
1719 2227 1948 2286 eterne
1998 2220 2457 2285 retribucionis
2506 2221 2826 2307 premium
2875 2222 3328 2288 benivolencie
3377 2229 3602 2289 nostre
3635 2225 3917 2309 graciam

847 2329 1089 2395 exinde
1137 2330 1413 2393 ulterius
1455 2328 1767 2414 consequi
1800 2329 2128 2392 merearis.
2178 2327 2329 2391 Dat.
2365 2326 2539 2413 apud
2572 2327 3056 2393 Villamnovam
3089 2328 3576 2395 Avenionensis
3610 2330 3918 2406 diocesis,

853 2435 988 2499 VII
1034 2434 1133 2499 Id.
1182 2434 1382 2518 Julii,
1430 2456 1603 2500 anno
1652 2435 1883 2521 primo·
3054 2444 3058 2447 ’

1075 2540 1163 2606 In
1209 2563 1258 2605 e.
1308 2563 1388 2605 m.
1440 2541 1696 2606 dilectis
1743 2540 1896 2605 filiis
1943 2540 2231 2627 capitulo
2280 2541 2555 2605 ecclesie
2603 2540 3048 2626 TraJ‘ectensis
3097 2543 3373 2608 salutem
3423 2549 3534 2607 etc.

1072 2647 1157 2711 In
1204 2670 1254 2712 e.
1303 2669 1384 2711 m.
1437 2647 1694 2712 dilectis
1742 2648 1893 2711 filiis
1939 2649 2113 2712 clero
2162 2648 2449 2712 civitatis
2498 2655 2567 2711 et
2615 2646 2892 2712 diocesis
2938 2649 3462 2733 Trajectensium
3495 2649 3776 2714 salutem
3807 2657 3915 2712 etc.

1071 2754 1159 2819 In
1204 2777 1256 2820 e.
1302 2777 1387 2819 m.
1438 2754 1693 2819 dilectis
1741 2754 1891 2818 filiis
1924 2754 2167 2840 populo
2201 2754 2489 2818 civitatis
2524 2760 2592 2819 et
2624 2752 2902 2819 diocesis
2935 2756 3460 2840 TraJectensium
3493 2757 3774 2821 salutem
3804 2762 3913 2820 etc.

1071 2860 1158 2925 In
1206 2882 1254 2925 e.
1303 2883 1385 2925 m.
1436 2861 1693 2926 dilectis
1741 2861 1893 2926 filiis
1943 2862 2266 2926 universis
2314 2861 2610 2925 vassallis
2658 2861 2932 2926 ecclesie
2981 2863 3425 2948 Trajectensis
3472 2863 3755 2928 salutem
3803 2869 3911 2926 etc.

1074 2966 1161 3030 In
1207 2988 1257 3030 e.
1306 2988 1388 3030 m.
1437 2968 1797 3033 venerabili
1844 2969 2030 3034 fratri
2080 3015 2096 3032 .
2128 3016 2142 3031 .
2192 2968 2683 3054 archiepiscopo
2731 2967 3111 3034 Coloniensi
3156 2970 3437 3034 salutem
3484 2977 3592 3034 etc.

1074 3073 1159 3137 In
1207 3096 1253 3136 e.
1304 3096 1386 3138 m.
1437 3075 1770 3139 carissimo
1826 3075 1895 3138 in
1952 3074 2210 3140 Christo
2278 3074 2415 3138 filio
2464 3074 2698 3139 Carolo
2747 3076 3196 3141 Romanorum
3242 3076 3625 3163 imperatori
3671 3095 3926 3162 semper

852 3187 1132 3267 augusto
1180 3182 1459 3246 salutem
1507 3188 1617 3245 etc.

1267 3317 1392 3379 Περ.
1429 3318 1528 3366 Ao.
1572 3319 1625 3366 T.
1660 3317 1717 3380 3,
1744 3319 1806 3381 f.
1838 3315 1922 3367 64.

851 3801 1052 3869 2013.
1566 3759 1573 3764 ’
1735 3804 1948 3883 1371,
1996 3801 2173 3866 Julii
2218 3803 2337 3884 10,
2386 3823 2491 3887 ap.
2556 3804 3042 3871 Villamnovam.

1142 3958 1456 4038 ¹Swedero
1518 3957 1735 4021 Uterlo
1783 3958 2080 4020 canonico
2130 3957 2416 4020 ecclesiae
2472 3956 2654 4039 Traj.
2701 3966 3064 4023 reservatur
3109 3979 3287 4022 omne
3317 3961 3432 4041 jus
3477 3958 3775 4023 Arnoldo
3822 3957 3927 4040 (de

1079 4065 1366 4148 Hoerne)
1414 4064 1599 4129 eleeto
1656 4062 1838 4153 Traj.
1889 4069 2233 4147 competens
2280 4064 2349 4126 in
2387 4068 2905 4148 praeposituram
2948 4072 3008 4129 et
3037 4064 3623 4130 archidiaconatum
3656 4063 3928 4148 ejusdem

1077 4172 1379 4235 ecelesiae.
1432 4207 1516 4218 —
1570 4169 1983 4254 Deputantur
2030 4176 2401 4233 executores.

1077 4359 1340 4424 Dilecto
1389 4357 1524 4422 filio
1575 4356 1886 4421 Swedero
1934 4355 2166 4420 Uterlo
2217 4356 2532 4421 canonico
2581 4356 3028 4440 Trajectensi,
3077 4355 3358 4421 salutem
3405 4363 3513 4420 etc.

1078 4465 1416 4529 Honestas
1463 4483 1717 4528 morum
1766 4469 1833 4527 et
1881 4463 2017 4526 vite
2051 4463 2311 4547 aliaque
2342 4462 2734 4548 multiplicia
2764 4462 3000 4527 merita
3029 4462 3409 4548 probitatis,
3457 4482 3657 4548 super
3688 4460 3923 4547 quibus

858 4572 1034 4660 apud
1098 4592 1218 4635 nos
1281 4569 1765 4654 fidedignorum
1830 4567 2310 4634 commendaris
2373 4568 2750 4632 testimonio
2777 4616 2794 4649 ,
2858 4588 2977 4632 nos
3039 4567 3397 4649 inducunt,
3461 4572 3537 4631 ut
3582 4587 3928 4654 personam

859 4684 1043 4744 tuam
1090 4677 1359 4764 speciali
1404 4676 1822 4761 prerogativa
1866 4675 2105 4739 favoris
2139 4680 2207 4739 et
2241 4674 2459 4760 gracie
2490 4694 2982 4760 prosequamur.
3032 4673 3350 4738 Exhibita
3380 4672 3704 4759 siquidem
3737 4672 3924 4737 nobis

856 4807 976 4873 pro
1026 4789 1213 4871 parte
1260 4788 1376 4847 tua
1422 4782 1662 4867 peticio
1712 4781 2130 4864 continebat,
2194 4780 2369 4866 quod
2419 4787 2563 4845 orta
2611 4780 2859 4845 dudum
2904 4780 3080 4845 inter
3125 4785 3192 4845 te
3241 4786 3309 4845 et
3357 4779 3670 4845 dilectum
3715 4779 3923 4844 filium

856 4890 1229 4959 Asnoldum
1293 4889 1576 4954 electum
1639 4889 2134 4973 Trajectensem
2197 4908 2395 4973 super
2457 4887 2872 4975 prepositura
2934 4892 3004 4952 et
3064 4887 3600 4953 archidiaconatu
3655 4887 3924 4952 ecclesie

861 4997 1305 5084 Trajectensis
1365 4996 1647 5059 invicem
1709 4995 2025 5060 canonice
2088 4994 2403 5077 annexis,
2468 5015 2631 5080 quos
2693 5016 2812 5082 per
2873 4995 3126 5059 obitum
3189 4994 3467 5060 condam
3523 4995 3798 5059 Henrici
3844 4993 3925 5059 de

864 5105 1051 5170 Mula
1095 5105 1246 5188 (sie)
1270 5103 1324 5187 1)
1369 5103 1687 5190 prepositi
1733 5101 2033 5186 ejusdem
2081 5100 2389 5183 ecclesie,
2439 5100 2552 5187 qui
2598 5105 2790 5165 extra
2836 5102 3205 5166 Romanam
3249 5102 3497 5165 curiam
3529 5100 3927 5183 decesserat,

860 5211 1195 5276 vacavisse
1245 5218 1443 5297 teque
1490 5230 1609 5296 per
1656 5208 1932 5274 dilectos
1980 5208 2151 5272 filios
2198 5205 2522 5271 decanum
2561 5212 2630 5271 et
2662 5208 3022 5293 capitulum
3055 5207 3261 5293 ipsius
3294 5208 3600 5289 ecclesie,
3649 5207 3731 5272 ad
3765 5228 3928 5294 quos

860 5318 1097 5383 electio
1146 5317 1463 5405 prepositi
1511 5322 1578 5382 et
1625 5315 2067 5382 archidiaconi
2113 5313 2411 5398 ejusdem
2460 5314 2734 5379 ecclesie
2775 5315 2981 5379 eciam
3022 5313 3104 5378 de
3147 5314 3420 5401 antiqua
3460 5321 3528 5380 et
3565 5316 3926 5401 approbata

848 5416 935 5490 ‘et'
990 5426 1312 5490 hactenus
1374 5423 1643 5511 pacifice
1708 5423 2059 5487 observata
2122 5420 2602 5485 consuetudine
2649 5422 2973 5506 pertinet,
3037 5421 3107 5483 in
3155 5421 3562 5507 prepositum
3609 5428 3677 5486 et
3724 5422 3929 5486 archi·

863 5531 1211 5597 diaconum
1257 5532 1462 5618 ipsius
1509 5530 1785 5595 ecclesie
1833 5529 2117 5594 electum
2164 5527 2246 5592 ad
2294 5526 2672 5612 hujusmodi
2719 5527 3108 5592 electionem
3156 5527 3551 5592 auctoritate
3600 5527 3926 5593 ordinaria

856 5639 1315 5703 confirmatum
1361 5637 1592 5721 fuisse,
1641 5635 1948 5723 quodque
1993 5634 2170 5700 idem
2219 5634 2469 5699 electus
2516 5654 2635 5722 per
2678 5635 2955 5700 liberam
3001 5634 3523 5720 resignacionem
3555 5634 3777 5700 dilecti
3811 5636 3926 5699 filii
