4450 6684
1789 532 2190 597 Gunaonme
2234 524 2356 591 XI.
3475 510 3601 575 211

539 757 744 826 2039.
1495 752 1711 834 1372,
1759 749 2075 815 Januarii
2120 748 2245 830 23,
2290 743 2654 809 Avenionis.

859 911 1181 977 Ademaro
1234 908 1311 973 de
1355 906 1586 993 Buppe
1630 903 2051 986 conferuntur
2096 904 2502 967 canonicatus
2522 947 2539 981 ,
2588 895 2958 982 praebenda
3002 901 3064 958 et
3104 893 3609 978 supplementum

768 1038 1004 1083 necnon
1037 1015 1497 1101 praepositura
1543 1020 1603 1077 et
1647 1010 2203 1076 archidiaconatus
2237 1008 2523 1073 ecclesiae
2553 1004 2623 1070 S.
2659 1003 3017 1068 Salvatoris
3057 998 3269 1082 Traj.‚
3318 1004 3617 1063 vacantes

759 1144 886 1210 per
935 1122 1194 1188 liberam
1239 1120 1723 1203 resiqnationem
1772 1116 2043 1182 Geraldi
2085 1116 2162 1180 de
2206 1116 2457 1200 Ruppe.
2512 1150 2594 1161 —
2642 1110 3060 1196 Deputantur
3104 1114 3472 1172 executores.

767 1308 1098 1374 Nobilitas
1143 1306 1422 1392 generis.
1452 1352 1468 1369 .
1498 1353 1512 1368 .
1542 1351 1558 1369 .
1606 1304 1761 1369 Dat.
1807 1302 2142 1369 Avinione
2164 1349 2181 1384 ,
2230 1302 2297 1367 X
2343 1299 2456 1367 Kl.
2504 1298 2884 1381 Februarii,
2933 1317 3106 1361 anno
3153 1290 3462 1359 secundo.

964 1445 1092 1507 Ray.
1127 1445 1224 1492 Ao.
1270 1444 1326 1490 T.
1359 1441 1450 1504 14,
1474 1441 1532 1505 s.
1567 1438 1707 1489 900⁹.

550 1881 764 1950 2040.
1523 1880 1702 1943 1372
1719 1927 1737 1962 ,
1784 1877 2128 1943 Februarii
2171 1878 2211 1940 1
2233 1925 2252 1960 ,
2298 1876 2661 1941 Avenionis.

862 2033 1145 2098 Henrico
1195 2031 1511 2098 Caeliaert
1556 2032 1778 2096 clerico
1832 2030 2016 2115 Traj.
2065 2029 2255 2094 dioec.
2306 2028 2636 2109 confertur
2683 2024 3127 2090 tabellionatus
3173 2022 3477 2105 officium.

772 2217 875 2283 Ne
921 2220 1395 2282 contractuum.
1426 2264 1440 2279 .
1471 2262 1487 2279 .
1516 2262 1531 2279 .
1582 2214 1735 2279 Dat.
1784 2211 2150 2296 Avinione,
2197 2210 2310 2277 Kl.
2362 2209 2741 2293 Februarii,
2789 2229 2962 2273 anno
3011 2206 3322 2272 secunde.

969 2350 1098 2413 Ray.
1134 2349 1233 2399 Δο.
1275 2351 1328 2397 Τ.
1362 2347 1452 2410 12,
1476 2349 1539 2412 s.
1572 2345 1711 2397 6100.

550 2784 755 2854 2041.
1493 2786 1710 2868 1372,
1761 2784 2105 2849 Februarii
2148 2787 2273 2867 12,
2323 2785 2687 2849 Avenionis.

872 2937 1192 3022 Maqistro
1224 2936 1505 3001 Henrico
1538 2936 1614 3000 de
1643 2936 1867 3000 Arena
1896 2937 1978 3020 ¹),
2027 2939 2096 3000 in
2132 2936 2368 3022 leyibus
2407 2938 2750 3019 licentiato,
2791 2938 2861 3000 in
2891 2935 3152 3000 decretis
3184 2935 3623 3020 baccalaureo,

793 3045 1125 3109 literarum
1160 3045 1654 3129 apostolicarum
1684 3042 2133 3126 abbreviatori,
2181 3043 2259 3107 de
2289 3043 2476 3107 dioec.
2524 3043 2704 3127 Traj.
2740 3042 3042 3127 oriundo,
3089 3042 3417 3125 confertur
3447 3063 3635 3109 cano-

782 3152 1031 3215 nicatus
1061 3158 1589 3236 reservanturque
1614 3149 1987 3235 praebenda
2016 3158 2076 3214 et
2104 3152 2610 3236 supplementum
2641 3172 2878 3216 necnon
2908 3150 3218 3237 dignitas,
3243 3158 3632 3237 personatus

783 3277 891 3321 seu
938 3256 1223 3340 officium
1269 3259 1339 3321 in
1385 3258 1639 3322 ecclesia
1693 3257 1876 3340 Traj.
1929 3291 2011 3304 —
2061 3257 2483 3341 Deputantur
2529 3265 2897 3323 executores.

784 3439 1184 3504 Litterarum
1231 3440 1525 3507 scientia.
1553 3487 1569 3506 .
1598 3488 1614 3503 .
1640 3488 1658 3506 .
1706 3439 1858 3505 Dat.
1907 3439 2240 3504 Avinione
2260 3488 2278 3522 ,
2325 3438 2396 3504 H
2441 3437 2540 3504 Id.
2589 3438 2933 3505 Februarii
2952 3471 2973 3523 ,·
3017 3459 3190 3504 anno
3239 3438 3547 3505 secundo,

976 3575 1105 3638 περ.
1139 3575 1236 3624 Aa.
1283 3577 1335 3626 r.
1372 3574 1428 3638 2,
1454 3577 1509 3638 s.
1545 3575 1688 3627 223⁶.

713 3716 774 3783 1)
810 3716 982 3769 Codex
1018 3717 1204 3769 habet:
1242 3719 1305 3769 de
1340 3719 1532 3770 Areno.

566 4059 1041 4129 2042—2043.
1508 4067 1719 4146 1372,
1767 4065 2115 4131 Februarii
2158 4068 2280 4150 18,
2327 4067 2691 4131 Avenionis.

877 4216 962 4281 A.
1056 4217 1321 4282 Alberto
1366 4217 1561 4283 Haek

878 4318 957 4383 Β.
1047 4319 1386 4385 Machario
1433 4320 1509 4385 de
1551 4320 1858 4386 Benthem

790 4427 1015 4490 nariae
1048 4433 1453 4510 peccatorum
1500 4429 1883 4492 remissionis
1930 4430 2001 4493 in
2045 4428 2321 4492 articulo
2368 4429 2609 4491 mortis.

1898 4221 1924 4407 }
1958 4273 2181 4337 clerico
2220 4271 2402 4354 Traj.
2436 4271 2625 4335 dioec.
2658 4271 3018 4335 conceditur
3047 4270 3462 4354 privileqium
3490 4269 3636 4353 ple-

791 4606 1107 4672 Provenit
1153 4627 1258 4671 ex.
1286 4653 1304 4671 .
1332 4652 1349 4671 .
1377 4655 1393 4670 .
1443 4607 1595 4672 Dat.
1642 4608 2009 4692 Avinione,
2056 4609 2233 4675 XIII
2278 4609 2389 4675 Kl.
2439 4608 2707 4694 Marcii,
2755 4631 2929 4676 anno
2977 4610 3286 4676 secundo.

987 4740 1112 4804 περ.
1147 4742 1246 4790 Ao.
1289 4743 1343 4791 T.
1375 4742 1468 4806 15,
1493 4744 1556 4807 s.
1590 4741 1832 4794 &lv—38.

570 5176 781 5245 2044.
1582 5184 1796 5266 1372,
1844 5182 2080 5249 Martii
2125 5186 2204 5267 9,
2252 5185 2617 5250 Avenionis.

891 5332 1247 5399 Guillermo
1315 5336 1392 5400 de
1458 5335 1641 5401 Lacu
1716 5339 2032 5403 licentiato
2091 5342 2162 5405 in
2227 5340 2464 5426 leyibus
2480 5388 2499 5424 ,
2564 5341 2970 5406 baccalaureo
3030 5343 3098 5404 in
3161 5339 3419 5404 decretis
3465 5346 3525 5403 et
3567 5341 3638 5403 in

790 5440 1095 5528 partibus
1138 5444 1568 5508 Alamanniae
1612 5447 1842 5510 nuncio
1889 5448 2231 5531 apostolico
2277 5449 2697 5530 conferuntur
2742 5450 3145 5513 canonicatus
3185 5454 3244 5511 et
3268 5445 3636 5531 praebenda

797 5549 1082 5613 ecclesiae
1134 5547 1317 5631 Traj.
1363 5570 1599 5614 necnon
1644 5549 2200 5618 archidiaconatus
2243 5553 2699 5619 Oldenselensis
2743 5560 3032 5617 vacantes
3071 5573 3191 5638 per
3220 5551 3452 5616 obitum
3482 5550 3636 5614 Flo-

801 5658 1002 5720 rencii
1045 5655 1122 5719 de
1165 5655 1429 5738 Jutfaes
1474 5657 1636 5722 sedis
1682 5658 2062 5743 apostolicae
2106 5662 2446 5745 capellani.
2500 5699 2581 5709 —
2631 5661 3045 5745 Deputantur
3091 5665 3456 5723 executores.
