4450 6684
984 532 1109 596 152
2275 531 2610 597 Usamus
2656 531 2741 596 V.

975 750 1169 820 1828.
1978 754 2187 835 1366,
2235 751 2474 816 Martii
2518 753 2637 835 30,
2686 753 3050 817 Avenionis.

1287 908 1748 992 Infrascriptis
1811 908 2160 971 mandatur
2179 957 2196 989 ,
2260 914 2334 971 ut
2404 907 2851 973 Theodericum
2918 908 3196 972 Cloetinc
3260 907 3630 972 monachum
3675 908 4039 992 professum

1197 1016 1567 1079 monasterii
1624 1014 1699 1077 de
1765 1012 2104 1078 Oostbroek
2130 1014 2211 1095 1),
2275 1035 2316 1076 a
2375 1034 2499 1099 quo
2555 1034 2632 1078 ex
2677 1015 2883 1078 causis
2928 1013 3418 1078 rationabilibus
3464 1014 3551 1077 ad
3595 1016 4036 1078 monasterium

1199 1121 1267 1185 S.
1317 1122 1523 1186 Pauli
1577 1121 1759 1204 Traj.
1808 1142 1874 1185 se
1921 1121 2279 1203 transferre
2323 1122 2492 1203 vult,
2540 1124 2609 1184 in
2657 1121 2771 1186 hoc
2816 1123 3013 1205 recipi
3055 1122 3310 1203 faciant
3355 1124 3424 1185 in
3461 1122 3834 1187 monachum
3879 1130 3937 1186 et
3973 1125 4034 1186 in

1195 1228 1490 1309 fratrem.

1194 1409 1470 1475 Dilectis
1518 1409 1670 1473 filiis
1717 1409 1943 1474 abbati
1991 1409 2376 1474 monasterii
2410 1409 2890 1495 Egmondensis
2923 1410 3370 1494 Trajectensis
3414 1409 3693 1475 diocesis
3726 1419 3794 1476 et
3826 1412 4034 1476 sancti

968 1518 1262 1604 Agricoli
1285 1517 1756 1582 Avinionensis
1789 1538 1864 1581 ac
1899 1522 2124 1581 sancte
2148 1517 2356 1581 Mario
2381 1516 2823 1602 Trajectensis
2859 1517 3282 1580 ecclesiarum
3316 1515 3580 1581 decanis
3613 1516 3890 1581 salutem
3926 1524 4034 1580 etc.

1189 1624 1713 1710 Supplicantium
1760 1624 1953 1687 votis.
1984 1671 1999 1686 .
2031 1672 2045 1686 .
2077 1671 2091 1687 .
2142 1624 2297 1688 Dat.
2345 1623 2712 1705 Avinione,
2761 1621 2868 1687 111
2912 1621 3023 1687 ΚΙ.
3075 1621 3357 1708 Aprilis,
3407 1643 3580 1686 anno
3631 1631 3887 1707 quarto.

1380 1761 1510 1823 Bsy.
1546 1762 1645 1809 Ao.
1688 1761 1745 1810 Τ.
1777 1758 1870 1819 14,
1897 1761 1958 1822 s.
1994 1757 2108 1808 ⁴269.

1114 1906 1170 1968 1)
1208 1905 1377 1956 Codex
1417 1905 1601 1955 babet:
1642 1903 1930 1954 Oestbriet.

963 2346 1159 2413 1824.
2018 2346 2231 2426 1366,
2279 2342 2453 2427 Maji
2497 2345 2571 2424 1,
2623 2345 2987 2407 Avenionis.

1277 2499 1477 2564 Petro
1547 2499 1624 2562 de
1693 2496 2112 2582 Lewenberqh
2183 2496 2368 2560 bacca
2378 2497 2595 2560 laureo
2657 2499 2724 2560 in
2784 2496 3048 2561 decretis
3110 2497 3532 2577 confirmatur
3576 2497 3918 2561 decanatus
3963 2499 4027 2558 in

1188 2609 1441 2672 ecclesia
1523 2606 1576 2670 b.
1658 2605 1916 2669 Mariae
1992 2603 2175 2686 Traj.
2247 2624 2479 2667 vacans
2537 2625 2662 2688 per
2730 2604 2964 2668 obitum
3035 2604 3334 2689 Huyonis
3401 2604 3638 2668 Braem
3705 2605 4026 2687 fructuum

1189 2712 1489 2776 Gamerae
1535 2711 1940 2796 Apostolicae
1985 2709 2336 2773 debitorum
2385 2710 2451 2772 in
2499 2709 2636 2773 illis
2679 2709 2983 2793 partibus
3031 2710 3379 2774 collectoris
3424 2710 3710 2796 sedisque
3759 2711 4025 2795 Aposto-

1189 2818 1343 2881 licae
1389 2816 1730 2900 capellani.

1188 2998 1588 3064 Litterarum
1638 2996 1930 3061 scientia.
1958 3040 2019 3060 ..
2050 3045 2064 3060 .
2114 2995 2267 3060 Dat.
2317 2995 2681 3078 Avinione,
2730 2997 2841 3061 Kl.
2893 2996 3088 3081 Maji,
3137 3017 3311 3061 anno
3360 3003 3616 3082 quarto.

1382 3132 1506 3196 Boa-
1542 3132 1639 3181 Av.
1683 3133 1737 3180 T.
1770 3129 1864 3197 13,
1887 3132 1948 3195 s.
1982 3129 2122 3181 5040.

964 3621 1155 3689 1825.
2011 3622 2225 3702 1366,
2276 3619 2449 3702 Maji·
2495 3623 2573 3702 2,
2624 3622 2986 3683 Avenionis.

1296 3775 1673 3841 Wilhelmus
1704 3775 2001 3858 (Snavel)
2034 3775 2408 3838 monasterio
2441 3771 2707 3836 Insulae
2738 3772 2791 3836 b.
2821 3772 3075 3836 Mariae
3094 3772 3483 3856 praeficitur
3514 3774 3582 3835 in
3613 3771 3908 3836 abbatem.
3947 3807 4022 3818 —

1191 3882 1389 3964 Cujus
1450 3882 1900 3946 nominationis
1961 3887 2295 3943 conventus
2357 3879 2586 3942 certior
2647 3877 2943 3941 redditu-r
3006 3886 3197 3962 atque
3253 3877 3329 3942 de
3375 3876 3723 3941 obedientia
3769 3886 3829 3941 et
3871 3897 4023 3941 reve-

1186 3990 1395 4052 rentia
1438 3988 1633 4051 eidem
1698 3986 2036 4051 Wilhelmo
2072 3985 2488 4070 praestandis
2538 3984 2938 4048 admonetur.

1185 4170 1445 4235 Dilecto
1501 4168 1636 4232 filio
1684 4168 2044 4232 Wilhelmo
2101 4167 2327 4231 abbati
2375 4168 2756 4231 monasterii
2810 4168 3035 4234 Insule
3081 4169 3277 4234 beate
3325 4168 3531 4234 Marie
3577 4169 4019 4234 Premonstra·

960 4278 1167 4343 tensis
1218 4275 1500 4357 ordinis,
1551 4275 1993 4359 Trajectensis
2042 4273 2353 4357 diocesis,
2407 4274 2685 4338 salutem
2737 4282 2846 4338 etc.

1181 4383 1369 4447 Inter
1428 4380 1880 4445 solicitudines
1927 4381 2177 4462 varias,
2227 4380 2468 4466 quibus
2516 4378 2778 4445 assidue
2826 4381 3219 4467 premimur,
3265 4383 3382 4448 illa
3427 4384 3765 4470 potissime
3813 4385 4020 4471 pulsat

959 4496 1026 4555 et
1089 4490 1339 4554 excitat
1401 4495 1690 4552 mentem
1756 4494 2082 4570 nostram,
2149 4494 2221 4550 ut
2290 4493 2501 4551 status
2549 4488 2973 4578 ecclesiarum
3022 4495 3090 4553 et
3139 4491 3684 4555 monasteriorum
3732 4492 4012 4557 omnium

956 4617 1109 4662 cure
1142 4602 1365 4660 nostre
1398 4594 1621 4658 divina
1651 4593 2072 4679 providencia
2104 4595 2595 4658 commissorum
2630 4595 3058 4680 spiritualiter
3091 4602 3160 4661 et
3194 4598 3644 4684 temporaliter
3675 4605 4005 4685 augeatur,

957 4702 1262 4789 quodque
1328 4700 1491 4782 illis,
1566 4721 1693 4785 que
1757 4700 1890 4763 suis
1956 4699 2276 4765 destituta
2340 4701 2713 4786 pastoribus
2775 4703 3144 4767 vacacionis
3213 4704 3628 4769 incommoda
3687 4705 4017 4793 deplorare

955 4813 1353 4887 noscuntur,
1419 4807 1586 4869 tales
1650 4805 1982 4869 ministros
2045 4806 2358 4892 preficere
2423 4807 2802 4872 studeamus
2827 4857 2844 4891 ,
2911 4830 3026 4895 per
3086 4830 3362 4895 quorum
3412 4811 3705 4896 regimen
3754 4810 4014 4877 ecclesie

957 4922 1025 4981 et
1088 4914 1486 4979 monasteria
1546 4913 1692 4999 ipsa
1752 4914 2005 4978 utiliter
2070 4919 2138 4978 et
2203 4913 2554 4978 salubriter
2613 4915 2879 4979 valeant
2950 4914 3285 5001 adaugeri.
3380 4916 3650 4982 Dudum
3706 4917 4015 5003 siquidem

957 5020 1287 5108 quondam
1325 5019 1632 5085 dohanne
1665 5019 1906 5083 abbate
1942 5020 2321 5083 monasterii
2353 5019 2579 5083 Insule
2612 5019 2806 5084 beate
2840 5020 3047 5084 Mario
3079 5022 3713 5087 Premonstratensis
3746 5022 4015 5101 ordinis,

959 5128 1400 5214 TraJectensis
1450 5127 1757 5209 diocesis,
1807 5128 2107 5212 regimini
2154 5127 2360 5213 ipsius
2409 5126 2789 5191 monasterii
2823 5125 3230 5212 presidente,
3280 5149 3400 5192 nos
3435 5130 3777 5215 cupientes
3809 5129 4011 5195 eidem

955 5235 1388 5316 monasterio,
1438 5254 1583 5298 cum
1635 5239 1924 5316 vacaret,
1975 5254 2094 5319 per
2140 5232 2497 5318 apostolice
2547 5231 2719 5296 sedis
2769 5233 3258 5318 providenciam
3306 5235 3536 5299 utilem
3584 5241 3653 5299 et
3700 5234 4015 5321 ydoneam

953 5363 1217 5428 preesse
1255 5362 1633 5428 personam,
1679 5342 2122 5427 provisionem
2155 5340 2361 5425 ipsius
2394 5339 2773 5403 monasterii
2807 5339 3213 5405 ordinacioni
3246 5347 3314 5405 et
3346 5340 3767 5427 disposicioni
3799 5348 4015 5408 nostre

955 5447 1263 5513 duximus
1312 5448 1432 5513 hac
1480 5450 1622 5513 vice
1671 5448 2041 5535 specialiter
2088 5445 2580 5528 reservandam,
2629 5445 3062 5511 decernentes
3106 5452 3353 5511 extunc
3398 5448 3654 5511 irritum
3701 5455 3770 5512 et
3799 5448 4017 5528 inane,

957 5556 1012 5619 si
1074 5576 1260 5620 secus
1321 5576 1518 5641 super
1578 5555 1703 5619 hiis
1765 5575 1883 5641 per
1947 5572 2371 5639 quoscunque
2438 5554 2667 5637 quavis
2716 5553 3109 5617 auctoritate
3159 5555 3445 5618 scienter
3491 5554 3598 5618 vel
3643 5554 4015 5639 ignoranter

955 5663 1369 5747 contingeret
1439 5662 1839 5747 attemptari.
1933 5658 2365 5726 Postmodum
2436 5679 2592 5724 vero
2664 5657 2841 5724 dicto
2905 5661 3304 5726 monasterio
3370 5682 3490 5747 per
3552 5660 3808 5726 obitum
3869 5657 4014 5725 dicti
