4450 6684
853 407 986 472 254
2095 413 2499 478 Gaaconms
2559 414 2681 480 XI.

1273 632 1472 682 Ibidem
1513 635 1905 699 antoympInun,
1943 636 2076 698 quod
2101 639 2320 700 propter
2347 635 2601 700 pallorem
2635 636 2909 686 atramenti
2935 638 3134 702 partim
3169 639 3268 702 legi
3303 637 3389 687 via·
3411 641 3602 702 potest,
3638 654 3747 687 cun·
3778 637 3932 688 sanai

1201 744 1405 809 εἰῃὶὶῑος
1442 746 1606 797 latere
1638 747 1848 798 sinistro
1870 748 2328 813 subm-iptmm:
2365 721 2422 836 ΙΙ,
2448 770 2759 837 Ganaldini;
2811 753 2867 802 in
2901 752 3045 817 plica
3091 753 3339 817 inferiori
3379 757 3557 802 στῆσε
3601 751 3929 818 Armaudus;

1198 881 1232 913 a
1274 867 1443 927 tomo:
1490 864 1858 917 Ghiselbertus
1904 867 2033 931 Boc,
2079 872 2129 917 et
2154 870 2339 934 paullo
2371 869 2555 933 infra:
2592 870 2654 920 R.
2725 871 2943 935 Insuper
2976 870 3325 935 apoyrapluuu
3359 870 3396 919 l.
3429 887 3468 918 c.
3494 870 3608 934 sol.
3643 868 3764 934 15·;
3809 870 3927 934 Bag.

1193 951 1292 1001 Aa.
1326 951 1380 999 T.
1403 949 1494 1011 21,
1521 951 1581 1014 s.
1603 948 1754 1014 27225
1791 952 2137 1016 apoyrapkum
2170 952 2412 1003 an.1552
2447 955 2499 1003 in
2533 956 2673 1003 arch.
2699 970 2846 1018 prov.
2885 953 3350 1017 medaeam-qemi,
3390 953 3442 1003 in
3465 953 3613 1017 solio
3648 955 3922 1005 chartaceo.

1276 1033 1390 1084 Van
1434 1034 1647 1085 Visoliaet
1682 1036 1974 1085 Inveniat-is
2010 1036 2085 1085 II
2088 1037 2129 1086 l.
2166 1037 2224 1086 n·
2256 1036 2449 1100 10⁹3*‚
2487 1038 2579 1088 ubi
2615 1053 2891 1103 perperam
2925 1040 3161 1090 refertur
3197 1040 3262 1089 ad
3297 1053 3383 1091 an.
3418 1037 3568 1090 1410.

836 1453 1024 1521 2176.
1852 1460 2066 1543 1374,
2118 1461 2354 1526 Martii
2400 1464 2478 1544 2,
2527 1462 2892 1527 Avenionis.

1147 1612 1506 1697 (Arnoldo)
1552 1614 1836 1699 episcopo
1891 1614 2071 1700 Traj.
2112 1618 2546 1700 committitur,
2596 1623 2669 1681 ut
2700 1615 2965 1681 Alberto
2997 1616 3147 1680 claci
3179 1623 3237 1680 et
3272 1615 3558 1681 ducissae
3597 1617 3905 1682 Bavariae

1058 1718 1384 1800 concedat,
1433 1720 1598 1804 quod
1642 1720 1914 1785 decanus
1960 1723 2241 1806 capellae
2287 1725 2355 1787 in
2403 1722 2600 1808 Haya
2637 1744 2763 1807 pro
2810 1730 3082 1806 tempore
3112 1725 3380 1786 existens
3413 1725 3695 1807 ipsorum
3727 1723 3898 1787 dacis

1054 1832 1114 1889 et
1179 1824 1465 1890 ducissae
1530 1847 1767 1892 necnon
1834 1848 2254 1894 successorum
2323 1838 2509 1916 atque
2566 1830 2994 1912 familiarium
3060 1851 3323 1895 suorum
3378 1850 3598 1894 curam
3646 1832 3897 1895 inantea

1057 1953 1336 1997 exercere
1382 1934 1609 1998 valeat.

1057 2116 1413 2202 Gregorius
1482 2117 1862 2204 episcopus,
1936 2140 2162 2184 servus
2233 2141 2569 2185 servorum
2615 2119 2780 2203 Dei,
2840 2120 3198 2185 venerabili
3246 2119 3432 2184 fratri
3482 2168 3498 2184 .
3527 2168 3542 2183 .
3593 2120 3896 2208 episcopo

829 2224 1239 2310 Trajectensi
1287 2224 1566 2289 salutem
1614 2229 1683 2289 et
1731 2225 2157 2313 apostolicam
2205 2226 2759 2291 benedictionem.

1052 2329 1320 2395 Sincere
1367 2329 1738 2395 devotionis
1783 2330 2079 2395 affectus.
2108 2379 2123 2394 .
2154 2379 2169 2395 .
2200 2379 2215 2395 .
2267 2331 2434 2397 Cum
2482 2338 2744 2413 autem,
2793 2331 2962 2396 sicut
3009 2330 3313 2396 exhibita
3346 2332 3536 2396 nobis
3568 2354 3685 2419 pro
3717 2339 3900 2421 parte

828 2436 1149 2503 dictorum
1215 2436 1399 2500 ducis
1446 2444 1514 2502 et
1562 2437 1821 2503 ducisse
1868 2439 2102 2525 petitio
2153 2440 2564 2521 continebat,
2634 2439 2760 2526 ipsi
2811 2438 3053 2504 dictam
3100 2439 3418 2525 capellam
3463 2439 3894 2507 honorificen-

827 2543 959 2609 tius
1022 2544 1342 2609 extollere
1407 2550 1476 2608 et
1535 2544 1837 2631 ampliori
1897 2544 2091 2610 modo
2157 2545 2467 2611 decorare
2529 2550 2902 2632 proponant
2960 2551 3027 2609 et
3073 2544 3425 2611 intendant
3471 2568 3547 2611 ac
3593 2549 3899 2634 cupiant,

827 2652 1000 2739 quod
1049 2672 1205 2717 cura
1252 2651 1613 2716 animarum
1660 2651 1951 2737 ipsorum
1998 2658 2066 2717 et
2115 2672 2563 2718 successorum
2605 2673 2870 2717 suorum
2909 2652 2978 2717 in
3023 2651 3312 2717 dominio
3347 2652 3722 2738 hujusmodi
3755 2677 3898 2742 par·

824 2757 990 2822 tium
1035 2755 1392 2823 Hollandie
1436 2758 1507 2821 in
1557 2756 1732 2821 dicto
1778 2758 1923 2823 loco
1970 2757 2040 2821 in
2088 2757 2284 2844 Haga
2329 2779 2404 2822 ac
2450 2757 2868 2822 familiarium
2917 2778 3185 2823 suorum
3215 2779 3332 2844 per
3364 2756 3685 2823 decanum
3719 2759 3890 2826 dicte

825 2866 1107 2953 capelle,
1156 2866 1271 2951 qui
1317 2864 1441 2929 erit
1487 2884 1605 2951 pro
1656 2870 1981 2950 tempore,
2027 2865 2300 2930 inantea
2339 2871 2606 2950 regatur
2637 2870 2707 2930 et
2738 2865 2939 2930 etiam
2974 2870 3393 2948 exerceatur,
3442 2886 3561 2931 nos
3593 2867 3890 2932 volentes

820 2973 999 3059 ipsos
1047 2972 1280 3038 ducem
1327 2976 1396 3036 et
1442 2970 1769 3037 ducissam
1815 2971 2147 3037 favoribus
2184 2972 2494 3059 prosequi
2526 2972 2862 3058 gratiosis,
2909 2971 3306 3037 fraternitati
3339 2977 3451 3036 tue
3485 2993 3604 3058 per
3634 2979 3894 3059 aposto-

820 3079 949 3145 lica
994 3079 1236 3168 scripta
1282 3078 1747 3143 committimus
1796 3083 1865 3143 et
1909 3078 2327 3162 mandamus,
2375 3080 2687 3166 quatinus
2732 3079 2908 3144 facta
2953 3078 3488 3165 compensatione
3535 3079 3886 3145 sufficienti

822 3188 1059 3254 rectori
1105 3185 1527 3273 parrochialis
1574 3185 1880 3269 ecclesie,
1925 3185 2097 3251 infra
2142 3188 2329 3272 cujus
2376 3186 2786 3273 parrochiam
2827 3185 3002 3251 dicta
3034 3185 3286 3271 capella
3317 3185 3648 3268 consistit,
3695 3207 3893 3274 super

827 3316 956 3384 quo
1006 3302 1185 3361 tuam
1232 3293 1700 3360 conscientiam
1749 3315 2126 3377 oneramus,
2176 3293 2425 3359 eisdem
2473 3292 2625 3358 duci
2673 3299 2742 3359 et
2789 3292 3047 3358 ducisse
3095 3294 3488 3358 auctoritate
3535 3294 3897 3380 apostolica

823 3401 1177 3484 concedas,
1227 3399 1403 3488 quod
1450 3401 1827 3487 hujusmodi
1873 3422 2029 3466 cura
2073 3403 2366 3488 ipsorum
2415 3401 2598 3467 ducis
2646 3407 2715 3466 et
2756 3400 3013 3465 ducisse
3047 3405 3117 3465 et
3147 3420 3594 3466 successorum
3626 3422 3892 3466 suorum

818 3508 1197 3595 hujusmodi
1267 3508 1551 3595 partium
1624 3509 1982 3574 Hollandie
2043 3510 2111 3573 in
2178 3509 2354 3574 dicto
2415 3509 2560 3575 loco
2620 3508 2692 3572 in
2753 3508 2949 3593 Haga
3006 3528 3080 3571 ac
3128 3507 3544 3572 familiarium
3592 3529 3894 3593 snorum,

820 3618 1280 3682 continuorum
1344 3617 1916 3699 commensalium,
1963 3637 2080 3702 per
2126 3615 2450 3681 decanum
2498 3615 2672 3680 dicte
2718 3614 3006 3701 capelle,
3060 3615 3171 3701 qui
3219 3616 3344 3679 erit
3389 3635 3507 3701 pro
3557 3621 3889 3702 tempore,

819 3726 1089 3790 inantea
1134 3731 1404 3809 regatur
1450 3730 1517 3788 et
1565 3724 1763 3788 etiam
1813 3729 2231 3806 exerceatur,
2280 3722 2796 3788 contradictores
2827 3743 2946 3809 per
2978 3742 3322 3787 censuram
3355 3721 3890 3806 ecclesiasticam,

818 3831 1259 3917 appellatione
1325 3830 1727 3916 postposita,
1792 3828 2310 3916 compescend03
2376 3850 2508 3895 non
2573 3830 2878 3893 obstante
2900 3876 2917 3910 ,
2982 3828 3035 3892 si
3083 3828 3411 3914 aliquibus
3459 3829 3890 3893 communiter

820 3938 928 4003 vel
956 3967 961 3972 ·
989 3936 1246 4001 divisim
1310 3958 1351 4000 a
1411 3934 1567 4000 sede
1631 3936 1990 4023 apostolica
2051 3935 2384 4000 indultum
2447 3936 2727 4018 existat,
2794 3932 2969 4020 quod
3030 3933 3372 4017 interdici,
3423 3933 3736 4020 suspendi
3783 3935 3889 4000 vel

819 4042 1372 4109 excommunicari
1434 4063 1568 4106 non
1639 4046 1662 4126 ΙΙ
1736 4044 1989 4129 possint
2049 4064 2168 4128 per
2223 4042 2476 4107 litteras
2525 4042 2916 4128 apostolicas
2965 4061 3098 4105 non
3145 4040 3461 4106 facientes
3510 4042 3774 4127 plenam
3821 4047 3890 4106 et

821 4171 1200 4237 expressam
1261 4170 1338 4216 ac
1400 4148 1481 4214 de
1544 4150 1745 4216 verbo
1809 4149 1889 4214 ad
1955 4149 2226 4214 verbum
2291 4148 2374 4215 de
2434 4148 2692 4213 indulto
2741 4146 3118 4234 hujusmodi
3165 4148 3593 4213 mentionem.
3651 4149 3677 4231 ΙΙ
3731 4148 3882 4213 Dat.

814 4257 1184 4339 Avinione,
1232 4255 1333 4320 VI
1376 4255 1552 4320 Non.
1600 4255 1857 4339 Martii,
1909 4255 2331 4344 pontificatus
2377 4256 2585 4319 nostri
2633 4275 2808 4320 anno
2857 4259 3111 4340 quarto.

1236 4390 1436 4440 Ibidem
1500 4392 1900 4455 autoyraplmm,
1965 4392 2020 4439 in
2085 4406 2181 4454 quo
2240 4392 2575 4439 atramentum
2633 4387 2863 4437 nonnihil
2919 4386 3195 4452 expalluit,
3265 4403 3373 4436 cm
3427 4387 3597 4450 sigillo
3646 4388 3896 4452 plmboo,

3052 4482 3103 4533 Χ

1167 4540 1426 4592 chordulis
1464 4539 1759 4590 cannabinis
1793 4556 2013 4606 appenso
2022 4562 2043 4597 ;
2093 4540 2256 4590 latere
2289 4540 2499 4589 sinistro
2530 4539 2865 4603 subscriptum
2896 4543 3002 4587 ut.-
3048 4544 3107 4653 >><<
3134 4554 3148 4601 ;
3185 4538 3240 4587 in
3265 4538 3412 4603 plica
3443 4538 3694 4603 insu-ieri
3724 4543 3900 4589 ntra.-

1165 4740 1238 4788 ‘10⁸
1276 4670 1602 4789 ἓὲνοῖἒθῃῇ
1648 4719 1682 4751 a
1730 4706 1898 4766 tergo.-
1945 4701 2315 4752 Ghiselbertus
2349 4700 2479 4764 Boc,
2525 4704 2574 4749 et
2599 4699 2783 4763 paullo
2816 4699 3000 4763 infra:
3038 4699 3101 4749 R.
3157 4700 3375 4764 Insuper
3409 4700 3755 4764 apoyraplmn.
3789 4700 3823 4748 z,
3856 4714 3895 4748 ο,

1154 4824 1266 4888 fol.
1300 4821 1413 4884 11η
1451 4820 1575 4883 Ray.
1610 4821 1708 4869 Av.
1752 4821 1807 4869 Τ.
1841 4819 1931 4880 ⁴11,
1956 4821 2018 4884 f.
2053 4818 2168 4870 306.

808 5215 988 5284 8177.
1834 5210 2043 5292 1374,
2091 5207 2328 5272 Martii
2373 5207 2447 5289 2,
2505 5205 2859 5269 Avenionis.

1123 5367 1442 5431 Mauritio
1473 5364 1767 5429 Danielis
1798 5365 2029 5428 rectori
2057 5360 2460 5447 parochialis
2491 5360 2776 5423 ecclesiae
2806 5359 2882 5422 de
2912 5358 3320 5423 Ridderkerk
3343 5357 3396 5441 l)
3437 5356 3617 5441 Traj.
3652 5357 3873 5439 dioec„

1031 5478 1101 5541 in
1163 5472 1409 5538 artibus
1470 5473 1811 5556 maqistro,
1874 5475 2239 5533 reservatur
2300 5465 2658 5548 beneficium
2719 5485 2846 5530 non
2892 5471 3186 5529 curatum
3232 5466 3302 5528 in
3346 5465 3599 5529 ecclesia
3654 5461 3834 5546 Traj.
3854 5509 3874 5545 ,

1033 5583 1122 5646 18
1153 5598 1516 5644 marcarum
1546 5578 1798 5661 arqenti
1825 5576 2102 5640 valorem
2131 5593 2420 5639 annuum
2445 5592 2576 5637 non
2607 5572 2915 5636 excedens.
2944 5609 3027 5620 —
3053 5571 3195 5657 Dep
3203 5578 3469 5636 utantur
3498 5576 3868 5635 executores.
