4450 6684
1942 532 2429 599 Imaonucno.
3529 545 3711 594 xmu

889 775 952 820 a.
1042 751 1538 838 Indulgentiae,
1586 770 1748 837 quas
1794 755 1870 814 ut
1912 749 2242 815 communi
2281 747 2540 814 cuidam
2576 748 2911 814 Ecclesiae
2951 768 3187 813 causae
3225 730 3712 836 promovendae

646 859 1096 940 inservirent,
1161 857 1503 922 Romanus
1562 853 1879 920 Pontifex
1940 852 2331 940 impertivit,
2394 854 2494 917 uti
2552 852 2625 918 in
2669 852 3169 969 praeparatione
3216 850 3715 938 expeditionum

664 982 998 1029 sacrarum
1065 959 1431 1026 identidem
1502 958 1855 1043 contigisse
1923 961 2154 1022 notum
2226 962 2348 1022 est.
2384 958 2435 1040 1)
2539 957 2739 1022 Hunc
2808 940 2902 1021 in‘
2952 956 3219 1021 modum
3286 955 3714 1021 Innocentius

669 1087 839 1154 papa
883 1065 984 1131 IV
1029 1064 1186 1129 viris
1232 1062 1591 1149 religiosis,
1640 1062 1753 1149 qui
1800 1066 2030 1126 contra
2075 1059 2498 1126 Fredericum
2545 1060 2617 1125 II
2654 1081 2876 1145 regem
2916 1060 3191 1126 Crucem
3229 1058 3713 1146 praedicarent,

666 1170 1048 1236 facultatem
1130 1168 1453 1234 concessit
1523 1168 1729 1251 (num.
1802 1166 1983 1249 211).
2087 1164 2405 1231 Similiter
2474 1186 2641 1251 quae
2711 1163 2795 1229 ad
2863 1162 3377 1252 recuperandam
3446 1163 3717 1229 Terram

666 1274 979 1340 Sanctam
1050 1273 1323 1356 (numm.
1397 1273 1522 1336 331
1600 1275 1668 1335 et
1735 1269 1894 1352 482)
1959 1273 2157 1354 atque
2204 1289 2373 1355 quae
2421 1268 2611 1334 bellis
2655 1268 2726 1333 in
2773 1267 2968 1334 Italia
3014 1267 3325 1333 adversus
3372 1266 3716 1332 seditiosos

671 1377 874 1465 gestis
941 1375 1334 1465 proficerent
1395 1374 1848 1460 indulgentiae
1895 1371 2410 1460 promulgandae
2454 1372 2524 1436 in
2570 1372 2860 1438 Bullario
2905 1372 3218 1458 leguntur
3263 1372 3538 1455 (numm.
3586 1371 3716 1437 599

666 1487 740 1548 et
789 1482 1009 1566 1835).

896 1585 951 1650 b.
1044 1583 1497 1671 Indulgentie,
1538 1583 1776 1671 quibus
1813 1579 2143 1647 lucrandis
2182 1580 2459 1667 praelati
2498 1582 2605 1646 vel
2635 1581 2947 1669 principis
2979 1579 3318 1667 cujusdam
3349 1578 3722 1667 praesentia

672 1689 779 1755 vel
840 1690 1040 1755 etiam
1101 1687 1227 1754 loci
1291 1689 1456 1753 sacri
1519 1686 1719 1754 decus
1782 1690 2142 1750 ornaretur.
2241 1684 2348 1749 Sic
2395 1684 2734 1751 Johannes
2782 1684 2865 1752 de
2914 1685 3145 1772 Syrick
3191 1684 3602 1771 impetravit,
3648 1687 3725 1747 ut

675 1814 901 1859 omnes
960 1792 1379 1880 poenitentes
1425 1797 1510 1858 ‘et
1574 1790 1922 1872 confessis,
1987 1787 2099 1874 qui
2160 1807 2378 1852 coram
2439 1789 2582 1874 ipso
2643 1790 2917 1854 verbum
2973 1790 3101 1856 Dei
3148 1788 3454 1855 audirent
3499 1793 3568 1854 et
3615 1787 3727 1874 qui

675 1898 922 1985 primae
986 1895 1192 1985 ipsius
1245 1895 1488 1962 Missae
1536 1896 1605 1961 in
1652 1893 1930 1961 ecclesia
1973 1890 2334 1957 cathedrali
2381 1893 2811 1959 celebrandae
2859 1894 3201 1979 adessent,
3248 1893 3727 1979 indulgentiam

675 2007 1085 2066 mererentur
1144 2002 1417 2084 (numm.
1481 1999 1885 2082 405—406).
1977 1995 2320 2082 Ejusmodi
2382 2018 2640 2083 quoque
2703 1999 3117 2085 privilegium
3180 1999 3576 2064 Wilhelmus
3620 1995 3729 2061 III

677 2125 895 2171 comes
959 2110 1027 2170 et
1089 2104 1398 2170 Johanna
1459 2102 1542 2168 de
1605 2103 1897 2169 Vallesio
1962 2102 2293 2166 comitissa
2352 2101 2749 2169 Hollandiae
2804 2102 3027 2190 adepti
3073 2109 3227 2168 sunt
3272 2105 3545 2188 (numm.
3595 2103 3725 2166 926

679 2215 746 2275 et
814 2210 997 2294 546.)
1086 2209 1256 2274 Item
1317 2208 1716 2273 monasteria
1773 2209 1843 2272 in
1902 2207 2145 2292 Horst,
2218 2207 2760 2294 Egmundanum,
2826 2208 2894 2275 S.
2960 2208 3241 2274 Servatii
3303 2208 3725 2293 TraJectense

656 2313 915 2379 -devote
977 2313 1396 2379 visitantibus
1454 2311 1907 2398 indulgentiae
1969 2319 2124 2377 sunt
2176 2333 2524 2378 concessae
2571 2314 2842 2396 (numm.
2897 2314 3015 2378 131
3043 2362 3060 2397 ,
3114 2314 3278 2396 175,
3328 2313 3495 2395 233,
3544 2311 3723 2394 260).

903 2439 955 2482 c.
1047 2418 1278 2502 Longe
1345 2422 1565 2482 autem
1628 2437 1901 2482 numero
1949 2418 2332 2504 praevalent
2377 2416 2864 2503 indulgentiae,
2914 2437 3081 2504 quae
3126 2417 3452 2502 ecclesiis,
3500 2437 3723 2481 mona-

680 2522 929 2606 steriis,
1000 2520 1434 2608 hospitalibus
1496 2519 1825 2607 erigendis
1888 2522 1993 2585 vel
2054 2521 2433 2608 reparandis
2495 2521 2901 2608 prodessent.
2997 2521 3105 2586 Sic
3167 2529 3244 2585 ut
3303 2522 3387 2586 de
3449 2521 3724 2587 caeteris

680 2633 931 2692 taceam
962 2626 1049 2709 2),
1097 2626 1387 2690 ecclesiis
1432 2626 1668 2710 Majori
1713 2630 1784 2689 et
1829 2626 1892 2690 b.
1939 2625 2186 2690 Mariae
2217 2625 2751 2711 Trajectensibus
2784 2626 3056 2707 (numm.
3091 2627 3252 2707 309,
3288 2629 3449 2710 429,
3489 2629 3721 2710 1793),

665 2731 1075 2812 νιιιῡιιιιείςιιιῆο
1126 2729 1191 2795 S.
1241 2728 1528 2816 Odulpbi
1573 2730 1643 2794 in
1692 2729 2012 2796 Stavoren
2061 2731 2266 2813 (num.
2320 2731 2512 2814 747),
2562 2729 2869 2816 hospitali
2914 2750 3277 2816 pauperum
3325 2730 3391 2796 S.
3442 2731 3725 2817 Spiritus

678 2834 751 2899 in
795 2834 1168 2900 Heukelom
1214 2834 1419 2916 (num.
1467 2834 1671 2917 2257)
1716 2833 2168 2919 indulgentiae
2216 2834 2499 2899 donatae
2546 2834 2977 2920 reperiuntur
3051 2834 3191 2899 Nec
3233 2833 3429 2899 etiam
3462 2834 3724 2921 desunt,

660 2959 849 3025 -quae
919 2938 1180 3003 tametsi
1248 2943 1635 3003 extraneum
1705 2937 2034 3024 quoddam
2099 2940 2478 3004 institutum
2546 2959 2800 3003 sacrum
2868 2939 2975 3002 vel
3043 2939 3222 3024 pium
3294 2945 3368 3003 ut
3413 2941 3726 3026 juvarent

685 3041 1086 3124 destinatae,
1167 3043 1409 3107 nostris
1486 3048 1707 3107 tamen
1775 3043 1844 3106 in
1911 3043 2207 3130 partibus
2276 3043 2894 3130 promulgabantur,
2968 3043 3139 3108 sicut
3210 3064 3326 3129 pro
3398 3044 3726 3130 erigendis

683 3146 1115 3235 hospitalibus
1184 3146 1253 3210 in
1324 3146 1637 3212 Bruxella
1710 3152 1778 3212 et
1844 3148 1917 3211 in
1986 3146 2420 3233 Ardenburg,
2466 3145 2831 3234 reparanda
2877 3147 3153 3212 ecclesia
3194 3149 3265 3212 in
3311 3150 3730 3236 Rengering,

684 3248 1196 3317 consummando
1242 3251 1638 3315 monasterio
1687 3250 1770 3315 de
1817 3250 2047 3332 Eeclo,
2105 3250 2512 3316 sublevanda
2554 3252 2961 3338 leprosorum
3007 3251 3205 3318 domu
3242 3254 3443 3339 juxta
3487 3255 3727 3343 Brugis

664 3358 959 3442 -(numm.
1013 3357 1175 3439 187,
1225 3356 1392 3437 380,
1442 3356 1607 3438 268,
1660 3356 1824 3438 382,
1874 3356 2053 3438 407).

909 3458 1311 3544 Hujusmodi
1369 3457 1824 3544 indulgentiae
1886 3458 2061 3545 quod
2126 3458 2210 3523 ad
2273 3458 2559 3524 valorem
2623 3464 2759 3525 tam
2812 3460 3032 3526 variae
3079 3453 3235 3526 sun't
3281 3468 3350 3529 et
3395 3462 3729 3548 diversae,

687 3568 765 3627 ut
832 3583 1058 3628 omnes
1127 3568 1195 3628 et
1264 3563 1552 3649 singulas
1623 3583 2005 3629 enumerare
2075 3563 2344 3648 longum
2415 3568 2608 3628 esset.
2705 3562 2916 3638 Quam
2984 3565 3318 3630 minimam
3371 3567 3735 3633 Bullatium

689 3672 986 3733 nostrum
1048 3666 1321 3731 exhibet
1381 3671 1484 3731 est
1540 3667 1779 3732 valoris
1842 3669 1928 3731 20
1983 3666 2236 3732 dierum
2281 3668 2556 3749 (numm.
2611 3670 2730 3732 131
2785 3673 2854 3733 et
2904 3670 3093 3752 175),
3141 3690 3337 3755 quam
3382 3673 3735 3738 maximam

690 3773 926 3838 valoris
992 3771 1270 3836 duorum
1329 3791 1648 3835 annorum
1712 3776 1781 3837 et
1835 3772 1921 3835 80
1984 3769 2237 3835 dierum
2284 3772 2488 3854 (num.
2544 3772 2765 3855 1552).
2856 3771 3318 3858 Indulgentiae
3365 3776 3736 3862 plenariae,

693 3897 859 3964 quae
906 3874 1239 3941 nonnullis
1284 3875 1355 3939 in
1401 3874 1560 3939 locis
1609 3875 1807 3940 sacris
1830 3925 1846 3958 ,
1895 3875 1993 3939 uti
2040 3872 2424 3960 Egmondae
2471 3880 2541 3940 et
2588 3875 2872 3959 Swollis,
2922 3875 3274 3942 eluctanda
3317 3878 3517 3963 fuisse
3566 3901 3739 3945 asse-

692 3982 857 4045 ritur
878 3980 962 4064 3),
1026 3978 1388 4043 Bullarium
1444 3999 1766 4064 nusquam
1812 3979 1970 4043 facit
2014 3979 2446 4045 mentionem.
2542 3978 2726 4054 Quae
2771 3980 3155 4065 plerumque
3204 3983 3484 4046 occurrit
3526 3983 3742 4048 indul-

695 4085 945 4171 gentia,
995 4082 1299 4148 fidelibus
1346 4080 1868 4148 aedificationem
1917 4083 2232 4148 ecclesiae
2270 4085 2377 4149 vel
2415 4083 2793 4149 monasterii
2832 4084 3366 4169 promoventibus
3400 4106 3739 4173 concessa,

694 4190 984 4255 valorem
1044 4187 1249 4252 habet
1310 4186 1505 4251 unius
1567 4187 1722 4252 anni
1788 4193 1855 4252 et
1917 4188 2003 4251 40
2051 4186 2303 4252 dierum
2352 4190 2439 4272 (v.
2488 4208 2583 4273 gr.
2631 4208 2875 4252 numm.
2924 4188 3094 4270 403,
3144 4189 3311 4271 429,
3366 4191 3529 4254 1541
3585 4193 3741 4275 etc.)

701 4295 905 4360 Porro
969 4294 1040 4358 in
1101 4291 1375 4357 diversis
1436 4291 1994 4377 indulgentiarum
2053 4291 2251 4356 bullis
2304 4293 2443 4377 jam
2513 4313 2552 4356 a
2613 4298 2906 4379 tempore
2953 4291 3250 4377 Gregorii
3296 4315 3507 4381 papae
3552 4295 3655 4360 IX
3685 4298 3742 4381 4)

686 4398 993 4464 adhiberi
1054 4402 1123 4462 et
1182 4396 1393 4483 repeti
1456 4395 1710 4460 solebat
1774 4396 2002 4461 similis
2064 4395 2200 4461 fere
2248 4396 2559 4480 formula,
2623 4395 2996 4473 secundum·
3030 4417 3223 4481 quam
3270 4403 3502 4483 postea
3549 4400 3745 4465 certis

699 4504 932 4570 diebus
977 4501 1229 4567 festivis
1274 4500 1519 4565 similes
1565 4499 2018 4585 indulgentiae
2066 4501 2263 4585 vulgo
2311 4500 2813 4587 assignabantur
2859 4502 3065 4583 (num.
3117 4484 3341 4585 1977).

923 4605 1385 4691 Indulgentiae
1456 4625 1497 4668 a
1566 4604 1849 4670 Summis
1919 4604 2353 4670 Pontificibus
2422 4605 2757 4669 multoties
2828 4611 3172 4690 erogatae,
3243 4608 3627 4692 praesertim
3689 4608 3744 4673 si
3861 4637 4031 4688 Indul-

679 4734 831 4801 1qua
906 4709 1151 4777 rudiori
1219 4708 1462 4795 populo
1532 4709 1984 4796 promulgatae
2056 4714 2125 4775 et
2191 4729 2662 4794 nonnunquam
2734 4707 3098 4796 applicatae
3167 4707 3368 4775 fuisse
3437 4711 3746 4796 leguntur
3813 4723 3868 4771 80
3843 4707 4087 4756 antinum

703 4820 1021 4885 rationem
1084 4815 1514 4902 spectaveris,
1579 4814 1789 4879 abusu
1851 4835 2007 4880 sane
2073 4814 2206 4879 n'on
2266 4817 2639 4878 caruerunt.
2735 4811 3149 4899 Quapropter
3209 4818 3287 4877 ut
3338 4814 3481 4900 ipso
3529 4814 3744 4880 medio
3802 4773 4086 4825 vindicatio

704 4945 866 4989 aevo
926 4923 1023 4987 ita
1065 4918 1423 4984 hodiedum
1468 4920 1695 5005 pejore
1744 4939 1940 5005 saepe
1986 4924 2147 4983 nota
2192 4915 2783 5004 reprehenduntur.
2877 4918 3088 4983 Recte
3137 4922 3359 4983 tamen
3404 4919 3550 5005 quis
3597 4940 3749 4985 con-

704 5026 987 5109 sideret,
1035 5025 1106 5089 in
1151 5023 1442 5088 Bullario
1492 5027 1716 5087 nostro
1765 5023 1979 5086 nullas
2026 5022 2291 5086 omnino
2337 5021 2609 5107 reperiri
2652 5020 3136 5107 indulgentias,
3186 5021 3313 5086 nisi
3358 5042 3398 5086 a
3443 5021 3747 5089 fidelibus

875 5419 933 5482 1)
968 5416 1074 5468 Cfr.
1107 5413 1232 5466 Mon
1269 5409 1773 5476 Kcrkyuckiodoniu
1809 5408 1878 5459 ΙΙ.
1912 5421 1951 5459 1.
1985 5407 2053 5459 18
2085 5415 2139 5460 et
2173 5408 2240 5459 25
2273 5423 2383 5473 seq.

876 5499 933 5561 2)
967 5498 1045 5548 De
1078 5495 1274 5562 quibus
1308 5492 1565 5543 videndus
1599 5496 1680 5541 est
1713 5490 1876 5540 Index
1913 5504 2093 5541 rerum
2128 5491 2161 5541 i.
2198 5506 2245 5540 v.
2281 5488 2664 5555 Indulgentiae.

876 5579 932 5644 3)
966 5578 1089 5629 Mon
1127 5572 1600 5639 Korkyuchiedenis
1634 5571 1701 5621 11.
1738 5583 1814 5621 w.
1847 5569 1962 5621 189.

879 5659 936 5725 4)
969 5659 1176 5709 nectet.
1209 5655 1362 5721 areg.
1395 5654 1510 5705 Lib.
1544 5652 1605 5703 v.
1640 5649 1742 5703 Tit.
1776 5650 2070 5703 xxxvm.
2105 5666 2218 5716 cap.
2254 5651 2337 5703 u.
