4450 6684
1796 552 2285 617 Ina-nonnemo.
3491 536 3570 613 1x

515 772 755 859 hannis
820 777 889 836 et
952 768 1018 835 S.
1083 767 1331 834 Mariae
1394 767 1915 851 considerantes,
1981 766 2154 854 quod
2209 768 2315 850 „in
2362 765 2740 853 hujusmodi
2788 766 3075 853 episcopi
3125 766 3446 832 electione
3495 770 3566 831 et

518 873 972 941 communibus
1042 872 1428 939 universalis
1498 872 1848 955 ecclesiae,
1919 872 2204 937 civitatis
2276 877 2345 937 et
2415 870 2731 936 dioecesis
2793 871 3232 956 Trajectensis
3280 870 3563 957 negotiis

518 977 944 1065 disponendis
989 984 1059 1043 et
1106 975 1485 1041 ordinandis
1530 978 1705 1042 inter
1751 997 1871 1041 nos
1910 976 2023 1064 jus
2069 978 2501 1042 communiter
2545 975 2966 1041 habuerimus
3017 982 3086 1040 et
3123 976 3191 1041 in
3232 977 3568 1063 praesenti

515 1083 872 1167 habemus,
934 1131 949 1147 .
976 1131 992 1146 .
1024 1130 1038 1145 .
1068 1130 1083 1146 .
1145 1083 1298 1168 quia
1355 1079 1516 1146 dicti
1571 1079 1859 1146 decanus
1918 1086 1988 1146 et
2044 1080 2402 1167 capitulum
2464 1081 2776 1146 ecclesiae
2832 1080 2898 1146 S.
2948 1079 3217 1146 Martini
3263 1082 3332 1145 in
3377 1102 3567 1167 prae-

519 1186 711 1252 dictis
764 1188 916 1274 jure
980 1191 1048 1252 et
1109 1185 1584 1251 consuetudine
1645 1185 1835 1249 nobis
1900 1191 1969 1250 et
2031 1185 2272 1250 nostris
2320 1185 2610 1250 ecclesiis
2659 1184 2972 1271 derogare
3019 1186 3400 1271 nituntur'’‚
3449 1208 3568 1275 pro

509 1293 736 1378 jurum
801 1312 1064 1357 suorum
1127 1290 1507 1356 defensione
1566 1297 1829 1376 pactum
1892 1295 2050 1354 tunc
2110 1289 2421 1355 inierunt.
2515 1290 2669 1376 Ipsa
2732 1295 2954 1354 autem
3000 1290 3163 1356 haec
3208 1292 3563 1358 aemulatio

519 1396 784 1483 utrique
830 1401 1093 1461 nostrae
1140 1395 1358 1460 bullae
1406 1393 1876 1460 adulterandae
1925 1393 2333 1460 occasionem
2382 1394 2831 1480 rationemque
2886 1402 3065 1461 certo
3117 1397 3421 1482 praebuit
3447 1396 3521 1481 ¹).

746 1498 1122 1586 Eademque
1156 1500 1375 1587 opinio
1410 1504 1595 1564 tanto
1628 1499 1835 1585 magis
1866 1498 2307 1582 confirmatur,
2341 1519 2490 1563 cum
2522 1500 2591 1562 in
2615 1498 2907 1563 Bullario
2939 1506 3163 1564 nostro
3195 1500 3565 1585 videamus,

520 1625 599 1669 eo
648 1611 942 1691 tempore
988 1604 1195 1691 ipsam
1242 1605 1312 1668 in
1357 1602 1709 1669 dioecesim
1756 1605 2252 1690 TraJectensem
2301 1603 2705 1690 subrepsisse
2755 1624 3001 1669 morem
3049 1605 3260 1669 bullas
3303 1606 3568 1692 papales

520 1708 956 1775 adulterandi.
1049 1710 1461 1795 Argumento
1531 1709 1617 1773 sit
1684 1729 1862 1772 num.
1938 1708 2088 1771 630.
2183 1707 2380 1772 Anno
2453 1708 2702 1773 scilicet
2775 1710 2944 1773 1323
3016 1707 3319 1774 dominus
3382 1709 3570 1797 Papa

520 1812 747 1878 scribit
808 1813 1098 1879 Johanni
1169 1813 1250 1879 de
1321 1814 1511 1880 Diest
1574 1814 1914 1901 episcopo:
1994 1813 2322 1893 „Litteras
2387 1812 2508 1877 sub
2572 1818 2795 1878 nostro
2861 1818 2928 1877 et
2987 1813 3031 1877 f.
3095 1834 3147 1877 r.
3207 1814 3567 1880 Clementis

519 1939 689 2006 pape
751 1919 813 1984 V
874 1918 1352 2004 predecessoris
1414 1919 1679 1983 nomine
1741 1918 2234 2004 presumptione
2284 1915 2684 2003 dampnabili
2731 1917 3116 2001 fabricatas,
3166 1939 3328 2004 quas
3374 1920 3568 1984 nobis

518 2024 783 2089 mittere
841 2023 1186 2107 curavisti,
1245 2022 1493 2110 liquido
1541 2023 1975 2109 comperimus
2024 2042 2166 2086 esse
2212 2021 2474 2087 falsas”.
2568 2022 2964 2109 Episcopum
3014 2022 3253 2091 deinde
3301 2022 3569 2088 laudat:

526 2126 741 2215 „quod
800 2127 1151 2193 falsitatem
1213 2126 1587 2213 hujusmodi
1636 2126 1942 2211 solerter,
1992 2131 2067 2191 ut
2113 2126 2370 2210 decuit,
2418 2126 2711 2192 avertisti
2759 2133 2829 2192 et
2874 2147 3096 2192 earum
3144 2128 3571 2193 fabricatores

518 2232 626 2298 vel
688 2253 838 2316 eos,
901 2233 1012 2319 qui
1074 2231 1233 2318 ipsis
1280 2232 1456 2296 falsis
1502 2232 1742 2296 litteris
1789 2231 1888 2295 uti
1935 2230 2440 2316 dampnabiliter
2487 2231 2984 2317 presumebant,
3048 2232 3194 2318 capi
3243 2231 3454 2297 fecisti
3504 2237 3574 2296 et

519 2337 827 2402 carcerali
875 2335 1169 2402 custodie
1218 2336 1638 2423 mancipari.”
2531 2393 2535 2397 .

743 2440 1044 2506 Alterum
1108 2440 1403 2526 ejusdem
1465 2440 1750 2505 criminis
1812 2459 2033 2504 casum
2096 2437 2369 2504 exhibet
2430 2460 2607 2503 num.
2681 2440 2887 2522 1106,
2953 2438 3240 2527 diploma
3302 2441 3566 2528 quidem

516 2544 755 2629 viginti
801 2551 1031 2633 postea
1076 2566 1282 2611 annos
1329 2551 1735 2627 emanatum‚
1785 2541 1901 2609 sed
1942 2564 2070 2629 quo
2105 2543 2379 2609 materia
2410 2542 2573 2608 haec
2605 2542 2864 2630 plenius
2897 2543 3287 2629 illustretur,
3329 2548 3572 2612 instru-

518 2655 814 2715 mentum
860 2649 1035 2715 haud
1082 2650 1541 2738 spernendum.
1605 2649 1803 2715 Anno
1846 2668 2082 2734 nempe
2128 2649 2300 2712 1344
2344 2646 2647 2713 Clemens
2679 2669 2850 2734 papa
2882 2647 2983 2714 VI
3014 2649 3238 2714 scribit
3271 2650 3561 2718 Johanni

520 2754 603 2821 de
664 2753 872 2821 Arkel
932 2756 1267 2842 episcopo:
1337 2754 1553 2841 „quod
1614 2753 1844 2819 Esicus
1906 2752 2188 2818 Scibada
2248 2757 2463 2817 rector
2526 2751 2798 2817 ecclesie
2860 2752 2930 2816 in
2976 2751 3401 2840 Franckerff)
3451 2761 3565 2823 tue

520 2860 798 2926 diocesis
860 2858 1175 2946 quasdam
1236 2860 1491 2925 litteras
1554 2858 1748 2924 falsas
1808 2857 1930 2922 sub
1992 2857 2259 2922 nomine
2322 2855 2665 2922 Benedicti
2724 2878 2892 2944 pape
2938 2857 3044 2922 XI
3086 2858 3567 2944 predecessoris

518 2964 726 3029 nostri
785 2963 1127 3030 fabricavit
1188 2986 1304 3030 seu
1365 2963 1597 3029 fecisse
1658 2962 1897 3027 dicitur
1957 2962 2295 3046 fabricari,
2354 2981 2472 3047 per
2535 2982 2695 3047 quas
2758 2961 2990 3026 asserit
3049 2963 3173 3027 sibi
3221 2984 3363 3030 esse
3414 2986 3566 3029 con-

517 3089 810 3153 cessum,
880 3069 1184 3154 vulgares
1252 3069 1862 3149 circummorantes,
1926 3066 2039 3152 qui
2097 3064 2473 3151 parochiam
2535 3086 2719 3130 suam
2778 3066 3050 3150 singulis
3098 3065 3330 3132 diebus
3378 3067 3565 3134 Jovis

517 3180 787 3259 propter
832 3173 1136 3257 generale
1182 3172 1394 3237 forum
1438 3171 1683 3237 ibidem
1732 3172 2026 3237 existens
2066 3170 2343 3253 adeunt,
2390 3169 2470 3235 de
2505 3170 2916 3253 excessibus,
2958 3192 3121 3258 quos
3154 3175 3571 3238 committant

516 3275 797 3360 ibidem,
857 3298 1051 3364 posse
1113 3277 1436 3362 corrigere
1500 3281 1570 3341 et
1632 3276 1901 3362 punire,
1967 3280 2037 3340 et
2097 3274 2271 3360 quod
2336 3273 2716 3360 hujusmodi
2774 3275 2952 3339 falsis
3000 3276 3237 3341 litteris
3285 3278 3571 3343 scienter

515 3382 837 3446 hactenus
897 3381 1094 3447 fuerit
1155 3381 1377 3445 usus.”
1469 3380 1847 3446 Dolendum
1913 3400 2073 3444 sane
2121 3384 2254 3462 est,
2312 3378 2650 3465 hucusque
2697 3400 2782 3444 ne
2830 3400 3032 3444 unum
3082 3380 3347 3466 quidem
3395 3383 3569 3447 inter

516 3487 944 3571 transscripta
988 3485 1314 3551 bullarum
1360 3486 1668 3551 falsarum
1717 3485 2041 3550 Clementi
2082 3483 2166 3567 V,
2207 3482 2253 3551 J
2257 3481 2496 3550 ohanni
2534 3483 2772 3568 XXII,
2815 3483 3180 3551 Benedicto
3230 3487 3335 3552 XI
3378 3487 3566 3574 papis

517 3592 1019 3674 attributarum,
1083 3590 1164 3656 de
1227 3591 1464 3677 quibus
1525 3610 1773 3654 numm.
1841 3590 1971 3654 630
2038 3593 2105 3652 et
2172 3589 2344 3652 1106
2408 3608 2785 3674 expressam
2834 3588 3084 3655 faciunt
3129 3593 3570 3675 mentionem,

518 3696 709 3761 nobis
756 3718 898 3762 esse
944 3696 1265 3761 relictum.
1330 3694 1474 3769 Quo
1523 3695 1625 3778 fit,
1675 3701 1749 3759 ut
1781 3692 2141 3780 exemplari
2171 3692 2392 3757 bullae
2425 3690 2684 3778 spuriae
2719 3695 2979 3759 saeculo
3011 3696 3180 3761 XIV
3210 3698 3569 3763 attributae

518 3800 785 3867 omnino
833 3821 1197 3884 careamus,
1245 3802 1371 3865 nisi
1416 3801 1692 3865 forsitan
1739 3819 2011 3864 numero
2065 3799 2237 3861 1168
2284 3796 2588 3861 falsitatis
2636 3802 2794 3861 nota
2832 3800 2984 3883 jure
3033 3800 3118 3865 sit
3163 3801 3505 3869 inurenda.

743 3904 1049 3991 Diploma
1107 3904 1231 3971 hoc
1292 3905 1551 3971 nonnisi
1613 3905 1685 3969 in
1738 3903 2131 3968 chartulario
2181 3922 2349 3967 saec.
2399 3900 2569 3967 XVI
2615 3907 2901 3967 aetatem
2950 3904 3177 3970 tulisse
3226 3908 3588 3985 asseritur..
3661 3913 3892 3980 Spurium

516 4009 620 4077 De
689 4009 887 4096 hujus
954 4011 1173 4076 bullae
1243 4010 1407 4094 fide,
1481 4029 1675 4096 quam
1745 4030 1862 4073 suo
1931 4007 2074 4071 loco
2135 4005 2404 4071 minime
2464 4026 2731 4092 prorsus
2788 4006 3058 4072 infitiari
3122 4009 3237 4075 sed
3303 4017 3560 4078 tantum
3600 3998 3739 4032 mun.
3776 3983 3944 4032 1168?

517 4115 591 4179 in
653 4114 925 4180 dubium
986 4135 1220 4181 vocare
1283 4136 1477 4180 ausus
1538 4114 1802 4196 fuerim,
1863 4111 1960 4175 ita
2018 4131 2123 4175 me
2186 4108 2386 4174 hodie
2434 4108 2735 4175 dubitare
2784 4109 2993 4174 solum
3043 4112 3286 4179 audere
3333 4114 3565 4183 fateor.

519 4220 583 4283 A
648 4219 798 4284 stilo
861 4219 1079 4285 curiae
1141 4220 1427 4284 alienum
1489 4218 1717 4304 utique
1781 4222 1882 4282 est
1945 4214 2167 4280 statim
2228 4215 2299 4278 in
2361 4212 2611 4279 medias
2666 4234 2770 4279 res
2819 4214 3142 4300 incidere,
3190 4218 3564 4305 incipiendo

518 4345 756 4411 nempe
819 4324 960 4390 sine
1023 4324 1156 4389 ullo
1219 4324 1549 4410 prooemio
1598 4321 1923 4408 generali,
1978 4338 2222 4403 arenga
2267 4317 2466 4402 vulgo
2514 4324 2926 4404 nuncupato,
2979 4319 3156 4406 quod
3203 4343 3320 4408 per
3366 4345 3567 4389 unam

513 4429 871 4495 alteramve
918 4428 1312 4495 sententiam
1360 4427 1697 4514 paullatim
1744 4424 1826 4489 ad
1876 4426 2336 4508 argumentum
2383 4421 2601 4487 bullae
2636 4430 3007 4509 praeparet.
3073 4426 3306 4513 Neque
3346 4428 3563 4494 minus

514 4534 803 4599 alienum
872 4532 1166 4616 videtur,
1238 4533 1599 4598 orationem
1667 4531 1736 4595 in
1801 4529 1931 4594 fine
1996 4526 2340 4613 repentine
2404 4526 2796 4612 abrumpere
2858 4528 3112 4594 omissis
3159 4531 3564 4617 quibuslibet

513 4637 844 4721 formulis,
891 4637 1128 4703 veluti:
1211 4636 1398 4718 „Non
1448 4630 1904 4701 obstantibus’'
1954 4632 2091 4697 sive
2139 4629 2284 4694 aliis
2330 4629 2606 4713 talibus,
2656 4651 2821 4716 quae
2869 4632 3364 4720 privilegiorum
3412 4659 3566 4703 con·

513 4742 875 4809 cessionem
944 4741 1184 4829 passim
1253 4738 1641 4805 concludere
1713 4744 1780 4803 et
1849 4736 2035 4823 quasi
2104 4733 2507 4800 communire
2578 4734 2812 4799 solent.
2907 4735 3273 4826 Praecipue
3337 4748 3561 4808 autem

514 4846 790 4913 offendit
833 4846 1030 4931 hujus
1076 4844 1296 4910 bullae
1343 4846 1838 4929 argumentum:
1898 4841 2004 4906 cui
2051 4839 2262 4905 simile
2307 4838 2464 4926 quid
2510 4838 2684 4904 inter
2727 4839 3073 4928 privilegia
3118 4843 3561 4931 Regularibus

512 4970 824 5017 concessa
881 4949 1144 5037 penitus
1203 4949 1455 5034 ignoro.
1547 4945 1852 5029 Accedit,
1920 4943 2094 5031 qnod
2160 4944 2323 5009 varii
2389 4943 2643 5008 favores
2705 4944 2846 5009 sine
2893 4945 3029 5010 ulla
3071 4946 3247 5013 inter
3293 4971 3364 5015 se
3412 4972 3564 5015 con·

512 5056 801 5121 nexione
847 5058 1301 5134 recensentur,
1351 5051 1467 5117 sed
1514 5051 1698 5137 quasi
1744 5070 1862 5137 per
1905 5049 2038 5114 vim
2071 5047 2414 5134 compositi
2449 5053 2817 5112 occurrunt.
2879 5048 3212 5137 Denique,
3246 5058 3323 5117 ut
3351 5075 3563 5141 pauca

512 5157 967 5225 tantummodo
1028 5158 1333 5243 exempla
1393 5155 1773 5238 afferamus,
1844 5153 2046 5218 mirae
2100 5172 2258 5217 sane
2307 5151 2613 5216 videntur
2660 5152 3153 5219 enuntiationes
3200 5157 3558 5242 ejusmodi:

519 5263 727 5345 „Item
786 5260 1204 5346 indulgemus
1265 5258 1348 5325 de
1408 5259 1620 5345 gratia
1679 5256 1947 5344 speciali
1993 5255 2296 5320 omnibus
2344 5260 2411 5321 et
2457 5255 2742 5340 singulis
2790 5255 3095 5341 prelatis,
3158 5260 3563 5346 presbyteris

512 5387 632 5432 seu
693 5365 1112 5431 ecclesiarum
1157 5362 1520 5430 rectoribus
1567 5362 2071 5449 quibuscunque
2120 5358 2443 5424 dictorum
2488 5358 2762 5423 fratrum
2810 5358 2916 5424 vel
2961 5363 3443 5446 promotoribus
3492 5371 3563 5430 et

511 5469 884 5536 relaxamus
952 5466 1268 5555 quidquid
1338 5466 1419 5532 de
1489 5466 1668 5531 horis
1733 5465 2068 5530 canonicis
2130 5484 2248 5549 per
2304 5462 2781 5549 negligenciam
2839 5463 3240 5530 omiserunt”
3291 5515 3306 5531 .
3336 5516 3351 5532 .
3383 5516 3397 5531 .
3427 5516 3442 5532 .
3494 5476 3563 5534 et

680 5699 734 5759 1)
770 5698 873 5749 Cfr.
909 5697 1100 5748 Muller
1134 5697 1168 5747 l.
1203 5696 1239 5748 l.
1274 5695 1459 5747 Lxlx.
