4450 6684
863 488 992 552 112
2084 485 2544 551 Innocua-ms
2587 485 2710 553 VI.

1089 705 1407 772 Provenit
1454 725 1560 769 ex.
1590 751 1606 767 .
1637 751 1654 769 .
1681 751 1696 768 .
1747 704 1903 770 Dat.
1954 704 2285 769 Avinione
2307 752 2324 785 ‚
2373 704 2440 769 X
2486 706 2597 772 Kl.
2644 705 3035 772 Novembris
3055 755 3072 790 ‚
3120 727 3294 774 anno
3341 714 3593 775 octavo.

1285 822 1413 885 Bey.
1447 825 1546 871 Ao.
1591 824 1644 871 T.
1679 821 1770 879 ᾗ,
1797 824 1859 883 s.
1894 820 2009 872 535.

1014 929 1071 996 1)
1109 931 1244 983 Hien
1280 932 1337 983 in
1377 930 1568 983 Gelria.

753 1345 763 1355 ,
861 1278 1056 1346 1668.
1808 1281 2021 1361 1360,
2071 1278 2441 1344 Novembris
2485 1281 2558 1362 4,
2606 1279 2969 1346 Avenionie.

1186 1432 1602 1497 Universitati
1672 1432 1895 1517 oppidi
1961 1433 2037 1495 de
2107 1432 2443 1497 Dordraco
2514 1432 2711 1518 Huqo
2781 1432 2972 1498 abbas
3039 1441 3099 1499 et
3157 1442 3490 1500 convenam
3551 1438 3925 1503 mosterii

1083 1538 1539 1622 Eqmondensis
1585 1560 1724 1601 cum
1775 1541 2056 1623 ipsorum
2104 1538 2278 1602 bonis
2324 1547 2382 1602 et
2410 1539 2679 1619 juribus
2716 1538 3094 1626 proteyendi
3137 1541 3671 1608 commendantur.

1080 1720 1510 1784 Innocentius
1582 1721 1960 1807 episcopus,
2036 1740 2264 1784 servus
2335 1740 2669 1785 servorum
2740 1719 2904 1803 Dei,
2977 1718 3234 1785 dilectis
3294 1720 3447 1787 filiis
3508 1722 3921 1790 universitati

852 1823 1077 1912 oppidi
1123 1825 1206 1890 de
1252 1825 1590 1890 Dordraco
1640 1826 2080 1910 Trajectensis
2132 1825 2410 1891 diocesis
2457 1826 2736 1892 salutem
2783 1832 2853 1891 et
2889 1825 3320 1913 apostolicam
3356 1826 3911 1893 benedictionem.

1078 1929 1165 1995 Et
1229 1931 1285 1994 si
1342 1930 1761 1996 ecclesiarum
1813 1936 1881 1995 et
1927 1933 2471 1997 monasteriorum
2519 1931 2811 1997 omnium
2857 1931 3205 1998 solicitudo
3262 1933 3289 2015 ΙΙ
3342 1932 3535 1999 nobis
3578 1934 3919 1998 immineat

851 2036 1174 2121 generalis
1195 2084 1212 2117 ,
1273 2035 1535 2100 illorum
1601 2043 1820 2101 tamen
1841 2083 1859 2118 ,
1917 2057 2044 2123 que
2089 2036 2469 2103 immediate
2517 2036 2874 2124 apostolice
2918 2036 3064 2102 sedi
3113 2037 3426 2123 subsunt,
3472 2037 3912 2125 indempnita-

855 2142 1030 2207 tibus
1092 2143 1480 2230 propensius
1544 2142 1861 2207 debemus
1924 2142 2268 2208 intendere
2334 2149 2403 2207 et
2463 2163 2689 2208 eorum
2736 2142 3069 2208 favoribus
3117 2142 3497 2230 diligentius
3542 2143 3910 2231 providere.

852 2246 1025 2314 Sane
1072 2250 1374 2334 pervenit
1419 2248 1501 2314 ad
1550 2246 1990 2327 audienutiam
2039 2254 2361 2332 nostram,
2407 2247 2581 2336 quod
2613 2248 2944 2332 nonnulli,
2990 2249 3103 2333 qui
3132 2248 3261 2314 Dei
3292 2250 3596 2314 timorem
3627 2254 3699 2314 et
3727 2270 3911 2316 reve-

851 2354 1130 2419 rentiam
1180 2360 1403 2420 sancte
1452 2355 1751 2420 Romane
1799 2355 2073 2420 ecclesie
2119 2361 2519 2441 postponere
2566 2376 2699 2420 non
2742 2360 3084 2439 verentur,
3137 2353 3395 2421 dilectis
3442 2354 3593 2419 filiis
3638 2354 3913 2441 Hugoni

845 2458 1070 2524 abbati
1118 2465 1187 2525 et
1234 2462 1588 2525 conventui
1635 2461 2014 2526 monasterii
2048 2459 2525 2545 Egmondensis
2568 2460 2814 2525 ordinis
2846 2460 3057 2526 sancti
3084 2458 3436 2526 Benedicti
3466 2459 3908 2545 Trajectensis

847 2564 1154 2649 diocesis,
1203 2568 1392 2632 nobis
1441 2572 1509 2631 et
1548 2567 1721 2632 dicte
1765 2568 2036 2632 ecclesie
2075 2567 2454 2633 immediate
2493 2567 2805 2653 subiecti,
2852 2568 3276 2655 ipsorumque
3315 2566 3505 2632 bonis
3546 2572 3618 2632 et
3647 2565 3910 2652 juribus

849 2692 984 2737 non
1043 2672 1331 2738 modicas
1389 2673 1682 2738 inferunt
1733 2679 1800 2737 et
1845 2673 2083 2737 inferre
2132 2678 2453 2738 conantur
2496 2674 2772 2759 injurias
2820 2679 2889 2738 et
2936 2672 3263 2738 offensas..
3330 2671 3470 2739 Nos
3514 2673 3776 2759 itaque,
3823 2669 3906 2737 ad

850 2778 1156 2845 abbatem
1227 2786 1293 2843 et
1364 2786 1761 2845 conventum
1835 2800 1909 2843 ac
1979 2781 2446 2845 monasterium
2515 2780 2844 2867 predictos
2916 2786 3222 2866 gerentes
3281 2785 3557 2867 paterne
3618 2777 3909 2844 caritatis

854 2884 1162 2949 affectum
1210 2907 1284 2950 ac
1331 2886 1671 2971 cupientes
1720 2907 1832 2950 cos
1878 2906 1956 2949 eo
2005 2887 2430 2972 amplioribus
2477 2885 2822 2951 confovere
2870 2885 3206 2973 presidiis,
3255 2907 3386 2974 quo
3433 2885 3900 2973 monasterinm

850 2991 1041 3055 nobis
1088 2996 1154 3055 et
1200 2992 1454 3077 prefate
1503 2992 1777 3056 ecclesie
1824 2991 1961 3056 fore
2012 2992 2301 3056 noscitur
2345 2990 2722 3057 immediate
2768 2991 3137 3077 subJ‘ectum
3183 3012 3257 3056 ac
3306 2990 3389 3057 de
3420 3012 3538 3057 sue
3568 2990 3905 3076 relig10nis

854 3098 1270 3163 observantia
1314 3098 1645 3163 laudabile
1695 3099 1882 3163 nobis
1931 3099 2379 3163 testimonium
2411 3097 2823 3184 perhibetur,
2873 3098 3367 3163 universitatem
3400 3103 3687 3165 vestram
3718 3117 3910 3181 roga·

853 3225 997 3269 mus
1030 3210 1097 3269 et
1128 3205 1466 3268 hortamur
1496 3209 1783 3287 attente,
1825 3205 2132 3290 quatinus
2164 3203 2430 3269 eosdem
2463 3203 2769 3268 abbatem
2801 3208 2870 3268 et
2901 3208 3296 3269 conventum
3326 3224 3402 3269 ac
3432 3201 3902 3268 monasterium

851 3311 1268 3396 ipsorumque
1328 3310 1504 3373 bona
1567 3315 1635 3373 et
1683 3310 1836 3393 jura
1882 3310 2311 3395 suscipientes
2358 3329 2477 3394 pro
2526 3314 2750 3373 nostra
2796 3315 2864 3374 et
2910 3308 3266 3396 apostolice
3313 3307 3487 3374 sedis
3534 3306 3907 3373 reverentia

851 3415 1293 3480 favorabiliter
1341 3414 1859 3498 commendatos,
1910 3416 2156 3480 nullam
2205 3416 2299 3480 eis
2345 3435 2463 3501 per
2502 3414 2937 3500 malignantes
2976 3435 3430 3501 quoscunque,
3477 3412 3764 3500 dampna
3800 3411 3907 3477 vel

851 3523 1122 3607 injurias
1188 3521 1680 3606 quomodolibet
1745 3523 1901 3608 ipsis
1964 3523 2200 3587 inferre
2265 3521 2598 3605 volentes,
2661 3521 2887 3585 inferri
2946 3522 3320 3607 patiamini,
3385 3523 3410 3604 ΙΙ
3474 3518 3911 3608 quantumin

850 3628 1035 3693 vobis
1099 3628 1328 3709 fuerit,
1391 3628 1747 3711 lesionem,
1806 3630 2161 3713 quinimmo
2209 3629 2385 3714 ipsos
2436 3627 2522 3692 ab
2566 3626 2941 3711 hujusmodi
2992 3626 3256 3692 offensis
3302 3633 3371 3692 et
3415 3627 3674 3713 injuriis
3721 3646 3910 3713 opor·

851 3735 1028 3798 tunis
1092 3734 1353 3798 auxiliis
1401 3740 1468 3798 et
1515 3733 1847 3798 favoribus
1894 3735 2284 3819 protegatis,
2349 3739 2634 3798 vestram
2678 3734 2750 3797 in
2796 3732 2921 3798 hoc
2967 3731 3374 3819 diligentiam
3420 3733 3642 3798 taliter
3688 3738 3909 3797 osten·

850 3841 1016 3921 suri,
1083 3839 1258 3926 quod
1317 3845 1539 3925 preter
1603 3839 1822 3904 divine
1891 3839 2342 3903 retributionis
2397 3841 2420 3921 ΙΙ
2479 3839 2728 3926 premia
2774 3837 2949 3924 apud
2995 3858 3116 3903 nos
3164 3844 3233 3903 et
3277 3838 3500 3904 sedem
3546 3837 3909 3924 predictam

856 3943 1069 4030 dignis
1132 3945 1202 4009 in
1263 3945 1547 4009 Domino
1614 3944 2056 4009 commendari
2118 3943 2422 4009 laudibus
2469 3945 2762 4010 valeatis.
2825 3943 2976 4008 Dat.
3028 3943 3392 4028 Avinione‚
3440 3942 3512 4008 H
3556 3943 3730 4009 Non.
3775 3941 3910 4008 No·

854 4051 1176 4134 vembris‚
1222 4050 1642 4138 pontificatus
1691 4047 1897 4113 nostri
1945 4070 2117 4113 anno
2166 4057 2417 4113 octav0.

1271 4167 1658 4230 Autoyraplmm
1713 4166 1767 4214 in
1819 4166 2112 4214 bibliotheca
2164 4164 2425 4215 seminarii
2482 4164 2923 4222 Warmondensiss
2974 4164 3199 4227 sigillum
3233 4164 3537 4230 plumbeum,
3589 4167 3724 4231 quod
3764 4165 3935 4215 adbuc

1200 4253 1547 4310 conservatur,
1596 4249 1861 4297 abscissum
1906 4252 2013 4305 επ,-
2061 4249 2114 4295 in
2158 4249 2348 4311 angulo
2394 4249 2597 4298 dea-tero
2639 4249 2824 4312 infra.-
2871 4247 2948 4297 Jo.
2992 4246 3059 4296 de
3092 4245 3385 4313 Florentia;
3419 4265 3454 4298 ο
3487 4252 3659 4314 teu-90.-
3700 4248 3923 4300 Dilectis

1202 4331 1324 4382 filiis
1359 4333 1695 4382 universitati
1733 4333 1905 4395 oppidi
1941 4333 2004 4380 de
2041 4332 2303 4381 Dor-draco
2338 4330 2696 4394 Trsjectensis
2729 4331 2969 4383 diocesis.

849 4750 1047 4817 1664.
1784 4751 1963 4814 1360
1978 4798 1995 4831 ,
2044 4750 2401 4815 Decembris
2445 4751 2563 4833 24,
2609 4750 2974 4815 Aveniom's.

1165 4903 1442 4969 Henrico
1503 4903 1668 4966 dicto
1731 4903 1948 4988 Vliyer
2012 4911 2336 4988 tamquam
2395 4905 2623 4966 rectori
2676 4901 3004 4986 confertur
3037 4903 3437 4988 parochialis
3485 4903 3741 4968 eeclesia
3794 4903 3905 4985 „in

1074 5008 1509 5076 Gelenthem’'
1543 5010 1593 5092 ¹)
1673 5009 1852 5092 Traj.
1925 5009 2114 5073 dioec.
2185 5030 2415 5073 vacans
2472 5030 2597 5094 per
2655 5011 3135 5095 resiqnationem
3205 5008 3571 5076 Theoderici
3639 5008 3915 5075 Hem-ici

1078 5115 1433 5198 „Bomue.”
1461 5115 1514 5197 2)
1564 5149 1647 5161 —
1697 5115 2111 5198 Deputantur
2155 5122 2523 5178 executores.

1073 5293 1520 5378 Suffragancia
1566 5292 1705 5356 tibi.
1735 5339 1750 5355 .
1782 5340 1795 5353 .
1824 5339 1840 5356 .
1888 5291 2041 5357 Dat.
2089 5292 2453 5376 Avinione‚
2503 5293 2708 5358 VIIII
2754 5292 2863 5359 Kl.
2915 5293 3255 5378 bunarii,
3303 5314 3478 5360 anno
3527 5314 3730 5360 nono.

1263 5411 1389 5473 309.
1424 5411 1522 5459 Aa.
1568 5411 1620 5458 T.
1658 5408 1746 5472 25,
1774 5412 1835 5474 s.
1871 5408 2007 5459 2192.

1001 5519 1051 5583 1)
1089 5520 1348 5571 Gellicum
1385 5520 1440 5569 in
1480 5518 1697 5569 Gelria‘l
1899 5518 1954 5581 2)
1989 5517 2293 5583 Legendum
2328 5520 2483 5569 rorte:
2524 5517 2826 5570 Blomveen.
