4450 6684
891 520 1021 584 302
1917 518 2264 584 Annum
2309 535 2389 583 m·
2437 517 2916 584 Conmemuu.

888 740 1160 805 consilio
1223 737 1537 803 carissimi
1598 738 1670 802 in
1730 736 1991 803 Christo
2054 738 2170 802 filii
2234 738 2440 803 nostri
2512 738 2905 822 W(illermi)
2965 739 3139 824 regis
3184 739 3636 806 Romanorum
3681 739 3950 804 illustris

882 868 1001 935 per
1047 866 1320 932 regnum
1365 844 1713 910 Alamanie
1761 865 2019 910 crucem
2064 843 2362 931 prodicos
2408 850 2478 910 et
2522 865 2639 934 per
2683 845 2918 911 fratres
2964 845 3064 911 tui
3111 845 3358 911 ordinis
3401 845 3486 911 ad
3516 845 3642 911 hoc
3673 845 3943 910 idoneos

883 953 1081 1018 facias
1150 951 1506 1039 predicari,
1578 972 1724 1017 eam
1791 957 2207 1038 peccatorum
2280 952 2539 1018 veniam
2608 959 2677 1017 et
2744 953 2892 1016 illas
2959 952 3410 1018 immunitates
3469 953 3951 1019 assumentibus

882 1077 1140 1123 crucem
1199 1055 1576 1143 hujusmodi
1623 1075 2085 1139 concessurus,
2147 1076 2278 1142 que
2326 1056 2901 1122 transfretantibus
2948 1056 3016 1122 in
3064 1058 3269 1123 Terre
3315 1062 3544 1122 sancte
3590 1055 3950 1122 subsidium

878 1165 948 1229 in
1010 1163 1302 1250 generali
1369 1163 1643 1228 concilio
1708 1167 1863 1226 sunt
1924 1181 2271 1244 concesse,
2328 1184 2462 1229 non
2517 1163 2933 1229 obstantibus
2979 1163 3308 1251 aliquibus
3353 1162 3782 1250 indulgentiis
3827 1183 3945 1229 seu

874 1270 1115 1336 litteris
1161 1291 1201 1335 a
1246 1268 1403 1334 sede
1450 1269 1808 1355 apostolica
1852 1268 2218 1355 impetratis
2266 1270 2372 1335 vel
2418 1270 2619 1336 etiam
2662 1270 3132 1356 impetrandis,
3185 1293 3303 1359 per
3348 1293 3512 1357 quas
3557 1270 3934 1357 hujusmodi

875 1376 1235 1464 predicatio
1276 1374 1583 1462 impediri
1628 1375 1734 1439 vel
1781 1372 2027 1439 differri
2073 1376 2290 1441 valeat
2337 1382 2406 1441 et
2452 1374 2535 1441 de
2583 1377 2821 1463 quibus
2868 1378 3220 1465 specialem
3264 1383 3569 1465 oporteat
3600 1377 3670 1442 in
3702 1378 3940 1442 nostris

873 1484 1114 1549 litteris
1173 1483 1314 1547 fieri
1376 1482 1814 1564 mentionem3
1879 1481 2393 1547 contradictores
2455 1491 2564 1550 etc.
2659 1483 2755 1549 Ut
2812 1489 3036 1549 autem
3083 1483 3168 1550 ad
3214 1482 3612 1549 audiendam
3657 1482 3948 1570 predica·

874 1591 1123 1656 tionem
1182 1591 1389 1676 ipsam
1452 1588 1675 1676 populi
1736 1588 1991 1652 facilius
2056 1594 2125 1653 et
2170 1589 2486 1654 libentius
2534 1589 2967 1673 inducantur,
3018 1591 3142 1656 tibi
3197 1597 3266 1657 et
3310 1590 3654 1672 fratribus,
3701 1590 3942 1677 quibus

871 1697 995 1761 boc
1055 1697 1393 1782 negotium
1455 1694 1724 1759 duxeris
1792 1694 2374 1779 committendum,
2427 1696 2766 1780 omnibus,
2813 1697 2927 1784 qui
2972 1697 3055 1763 ad
3102 1697 3379 1763 eandem
3427 1697 3941 1785 predicationem

868 1804 1295 1885 accesserint,
1356 1801 1681 1888 largiendi
1739 1801 2175 1888 quadraginta
2237 1802 2490 1868 dierum
2552 1804 3033 1890 indulgentiam
3098 1805 3492 1871 auctoritate
3537 1805 3941 1892 presentium

868 1908 1285 1976 concedimus
1331 1909 1729 1974 facultatem.
1823 1909 1977 1973 Dat.
2026 1916 2097 1972 ut
2142 1929 2364 1993 supra.

1290 2045 1413 2108 Περ.
1460 2045 1583 2094 Pae.
1626 2045 1681 2094 T.
1716 2043 1776 2093 21
1816 2046 1891 2108 A,
1921 2044 1982 2107 j.
2017 2042 2131 2106 89¹³,
2170 2060 2283 2108 cap.
2317 2041 2435 2094 273.

950 2530 1129 2609 (212)
1174 2544 1251 2593 Ad
1288 2543 1423 2593 obs.:
1460 2559 1557 2592 m
1592 2542 1687 2591 ae-
1721 2540 1896 2604 Bou-91⁸
1929 2541 2164 2604 Regiam
2192 2558 2251 2605 p.
2284 2539 2398 2594 ειν.

949 2626 1127 2705 (216)
1170 2639 1233 2689 In
1269 2639 1379 2689 obs..
1414 2643 1725 2700 annotetur,
1762 2638 1899 2701 quod
1936 2651 2054 2700 pro:
2093 2636 2155 2686 de
2193 2636 2326 2701 Kut,
2365 2636 2647 2702 legendum
2682 2637 2912 2688 videtur:
2949 2638 3014 2689 de
3049 2638 3165 2691 Kuc
3197 2654 3267 2689 =
3301 2638 3460 2691 Kuik.

947 2722 1125 2802 (226)
1168 2736 1231 2786 In
1266 2739 1512 2799 excerpto
1547 2749 1667 2798 pro:
1706 2733 1933 2785 Henrico
1969 2733 2034 2783 de
2068 2731 2434 2796 Vir-neburcb‚
2470 2733 2638 2799 legas:
2676 2735 2740 2784 de
2775 2734 3032 2788 Vianden.

949 2820 1127 2899 (234)
1172 2833 1254 2884 Sit
1289 2839 1413 2883 nola
1449 2831 1710 2882 chronol.:
1749 2829 2074 2894 Septembris
2108 2828 2156 2878 2.

1090 3319 1267 3399 (239)
1337 3319 1765 3384 Innocentius
1835 3318 2215 3405 episcopus,
2288 3337 2514 3381 servus
2585 3336 2920 3383 servorum
2982 3319 3143 3403 Dei,
3215 3319 3472 3386 dilectis
3535 3321 3685 3386 filiis
3747 3343 3934 3410 prae-

866 3429 1081 3517 posito
1144 3435 1212 3492 et
1275 3427 1627 3492 conventui
1692 3424 2070 3490 monasterii
2132 3423 2365 3509 Campi
2428 3424 2633 3509 Regis
2695 3424 3365 3492 Praemonstratensis
3426 3427 3711 3513 ordinis,
3777 3430 3932 3496 Tra-

857 3533 1175 3621 jectensis
1222 3531 1574 3612 dioecesis,
1624 3531 1904 3595 salutem
1949 3537 2017 3595 et
2064 3529 2489 3616 apostolicam
2537 3529 3093 3596 benedictionem.

1089 3638 1476 3705 Devotionis
1523 3642 1778 3703 vestrae
1825 3637 2126 3723 precibus
2170 3637 2503 3718 inclinati,
2549 3641 2625 3700 ut
2672 3637 3117 3723 possessiones
3165 3645 3234 3704 et
3279 3639 3408 3704 alia
3449 3640 3628 3706 bona
3668 3641 3935 3708 mobilia

867 3755 933 3814 et
993 3746 1386 3829 immobilia,
1452 3745 1747 3831 exceptis
1805 3743 2210 3825 feudalibus,
2274 3764 2443 3828 quae
2497 3743 2738 3808 liberas
2792 3763 3104 3830 personas
3154 3745 3428 3811 fratrum
3476 3753 3593 3811 aut
3639 3768 3929 3814 sororum

865 3862 1265 3936 vestrarum,
1328 3852 1441 3939 qui
1510 3850 1592 3916 de
1658 3851 1876 3916 seculo
1945 3850 2276 3936 fugientes
2338 3850 2406 3913 in
2455 3850 2850 3915 monasterio
2898 3856 3116 3917 vestro
3164 3852 3463 3917 habitum
3511 3854 3933 3942 professionis

866 3966 1242 4041 assumunt,
1301 3955 1740 4022 haereditario
1793 3957 1945 4042 jure
2006 3956 2112 4020 vel
2176 3956 2304 4020 alio
2359 3957 2542 4040 justo
2594 3955 2785 4020 titulo
2833 3957 3295 4044 contingerent
3340 3959 3409 4024 in
3455 3960 3676 4025 seculo
3724 3980 3936 4025 rema-

866 4067 1118 4149 nendo,
1188 4065 1483 4151 exceptis
1552 4063 1747 4128 rebus
1817 4060 2222 4142 feudalibus,
2293 4061 2595 4147 exigere,
2660 4063 2949 4150 recipere
3011 4085 3088 4129 ac
3145 4064 3345 4130 etiam
3393 4065 3678 4130 retinere
3724 4064 3930 4131 libere

862 4175 1165 4256 valeatis,
1213 4171 1612 4237 authoritate
1658 4169 1845 4235 vobis
1892 4169 2337 4255 praesentium
2380 4166 2820 4253 indulgemus.
2890 4169 3073 4234 Nulli
3104 4191 3260 4257 ergo
3295 4170 3561 4236 omnino
3592 4171 3930 4236 hominum

862 4283 1059 4347 liceat
1127 4279 1295 4343 hanc
1356 4278 1662 4363 paginam
1709 4281 1971 4340 nostrae
2020 4276 2455 4341 concessionis
2501 4275 2858 4362 infringere
2905 4277 3011 4342 vel
3059 4278 3121 4343 ei
3169 4300 3333 4343 ausu
3381 4280 3728 4345 temerario
3778 4300 3930 4345 con-

870 4388 1087 4452 traire.
1183 4385 1253 4450 Si
1301 4384 1443 4470 quis
1490 4388 1710 4448 autem
1754 4384 1881 4446 hoc
1928 4387 2255 4446 attentare
2302 4384 2840 4469 praesumpserit,
2888 4383 3410 4470 indignationem
3460 4386 3927 4474 omnipotentis

866 4495 992 4560 Dei
1041 4498 1109 4558 et
1154 4492 1495 4556 beatorum
1534 4489 1719 4554 Petri
1768 4494 1836 4553 et
1873 4488 2065 4552 Pauli
2106 4488 2549 4573 apostolorum
2592 4490 2734 4574 ejus
2777 4509 2847 4554 se
2886 4490 3147 4555 noverit
3187 4491 3618 4556 incursurum.
3688 4493 3934 4557 Datum

867 4600 1157 4683 Perusii,
1204 4599 1271 4663 X
1316 4596 1467 4663 Kal.
1517 4595 1850 4677 Octobris,
1897 4593 2318 4681 pontificatus
2366 4594 2570 4658 nostri
2618 4613 2791 4658 anno
2839 4595 2926 4660 X.

1289 4732 1562 4782 &mum
1596 4732 1748 4794 Bago
1784 4730 1818 4781 l.
1853 4746 1894 4780 c.

1093 5220 1272 5300 (240)
1318 5219 1746 5286 Innocentius
1795 5218 2166 5304 episcopus,
2216 5235 2442 5279 servus
2490 5233 2823 5278 servorum
2869 5213 3025 5296 Dei,
3070 5213 3327 5279 dilectis
3372 5214 3522 5279 filiis
3561 5217 3934 5303 praeposito

870 5337 939 5395 et
1000 5325 1352 5393 conventui
1413 5323 1791 5389 monasterii
1851 5321 2082 5407 Campi
2142 5320 2383 5405 Regis,
2441 5319 3111 5384 Praemonstratensis
3157 5318 3442 5403 ordinis,
3493 5321 3934 5406 Trajectensis

871 5435 1222 5514 dioecesis,
1272 5433 1549 5497 salutem
1598 5437 1664 5496 et
1711 5429 2134 5516 apostolicam
2180 5426 2730 5492 benedictionem.

1092 5539 1345 5604 Meritis
1392 5542 1648 5603 vestrae
1695 5533 2059 5620 religionis,
2108 5531 2663 5618 contemplatione
2711 5551 2971 5617 quoque
3020 5530 3298 5597 dilectae
3345 5532 3418 5597 in
3459 5532 3718 5598 Christo
3759 5532 3933 5598 filiae

871 5647 1108 5712 nobilis
1152 5643 1442 5709 mulieris
1486 5640 1807 5708 Richildis
1853 5640 2236 5705 domicellae
2285 5637 2366 5704 de
2413 5636 2809 5721 Hollandia,
2856 5637 3098 5704 amitae
3146 5637 3512 5703 charissimi
3557 5639 3626 5703 in
3674 5639 3934 5705 Christo
