4450 6684
1931 527 2416 594 Inrnonucno.
3555 543 3696 590 va

873 746 1125 823 Quibus
1186 743 1733 832 praesuppositis,
1792 743 1974 808 brevi
2024 763 2198 807 nunc
2243 742 2314 806 in
2360 747 2718 828 conspectu
2764 762 3083 827 ponamus
3130 746 3263 806 tam
3312 742 3694 807 collectores

650 851 916 938 papales
963 870 1160 936 quam
1206 848 1455 913 tributa
1501 846 1976 929 ecclesiastica,
2026 846 2107 911 de
2154 846 2392 933 quibus
2441 851 2595 910 ante
2643 866 2747 910 an.
2806 847 2975 910 1378
3023 846 3092 909 in
3123 846 3422 934 partibus
3452 844 3695 910 nostris

648 955 933 1021 occurrit
976 953 1247 1019 mentio.

872 1058 971 1125 ΑΟ
1022 1058 1194 1121 1215
1243 1055 1618 1123 vicesimam
1662 1054 2039 1120 reddituum
2086 1053 2676 1120 ecclesiasticorum
2717 1054 2799 1119 ab
2835 1054 3138 1119 universo
3172 1053 3370 1118 Urbis
3404 1060 3471 1119 et
3502 1052 3696 1119 Orbis
3786 1058 4015 1110 Decimae

646 1163 824 1229 clero
887 1183 1006 1250 per
1064 1166 1200 1226 tres
1261 1180 1468 1225 annos
1528 1161 1599 1224 in
1657 1158 1996 1224 subsidum
2042 1160 2283 1223 Terrae
2332 1157 2614 1224 Sanctae
2663 1156 3043 1223 solvendam
3082 1158 3283 1244 jussit
3332 1158 3696 1223 Concilium
3743 1127 4063 1261 iffi'ffiffssssuf

651 1268 1098 1334 Lateranense
1144 1264 1263 1329 IV.
1356 1262 1645 1329 Proinde
1690 1284 1864 1328 anno
1912 1263 2210 1350 proxime
2260 1262 2561 1349 sequenti
2608 1262 2943 1326 Honorius
2992 1283 3164 1349 papa
3211 1262 3317 1326 III
3364 1261 3698 1349 praecepit
3776 1263 3908 1329 apud
3941 1278 4029 1313 ¹²⁰⁹

652 1370 1052 1456 Engelberto
1115 1368 1600 1455 archiepiscopo
1663 1367 2039 1432 Coloniensi
2102 1367 2375 1453 ejusque
2439 1366 2899 1450 suffraganeis,
2962 1370 3037 1430 ut
3082 1370 3329 1431 certam
3374 1366 3694 1452 pecuniae
3777 1331 4023 1382 collectae.

651 1495 969 1540 summam
1032 1472 1289 1538 nunciis
1337 1472 1794 1537 collectoribus
1844 1469 2252 1535 declararent
2299 1475 2496 1555 atque
2544 1470 2802 1554 integre
2851 1469 3244 1535 exhiberent
3291 1473 3563 1555 (numm.
3616 1470 3701 1533 70

655 1585 724 1644 et
772 1580 903 1662 72).
974 1576 1233 1643 Horum
1281 1577 1703 1641 collectorum
1751 1576 2018 1640 nomina
2062 1574 2323 1639 silentio
2373 1579 2608 1659 tegunt
2645 1574 2877 1638 literae
2920 1574 3210 1661 papales.
3280 1572 3376 1638 At
3419 1574 3491 1638 a0
3529 1575 3694 1638 1221

654 1683 770 1747 tali
838 1682 1095 1747 muneri
1162 1681 1371 1746 functi
1438 1681 1751 1766 leguntur
1819 1679 2104 1744 famosus
2171 1678 2286 1742 ille
2359 1678 2670 1763 magister
2731 1675 3074 1743 Conradus
3139 1677 3222 1742 de
3267 1678 3582 1761 Marburg
3632 1682 3702 1742 et

652 1786 992 1852 «Iohannes
1055 1785 1481 1851 scholasticus
1539 1784 1973 1865 xanctensis,
2043 1782 2278 1870 quibus
2343 1789 2418 1847 ut
2476 1783 2548 1848 in
2603 1782 2955 1868 provinciis
3005 1782 3382 1847 Coloniensi
3430 1788 3497 1847 et
3542 1782 3702 1847 Bre-

655 1891 899 1973 mensi,
948 1895 1146 1976 atque
1192 1889 1265 1955 a⁰
1312 1890 1482 1954 1225
1516 1889 1588 1954 Ε.
1624 1888 1827 1954 abbas
1857 1886 2488 1973 Middelburgensis,
2522 1886 2627 1950 cui
2659 1892 2734 1950 ut
2763 1886 2835 1950 in
2866 1886 3179 1952 Flandria
3210 1892 3278 1951 et
3308 1886 3701 1968 Brabantia,

655 1995 1000 2082 pecuniam
1069 1994 1153 2059 ad
1222 2015 1385 2081 opus
1454 1994 1695 2058 Terrae
1767 1993 2049 2057 Sanctae
2119 1993 2462 2057 collectam
2532 1990 3099 2074 administrarent,
3171 1992 3541 2076 injunctum
3603 1995 3704 2055 est

655 2099 929 2181 (numm.
980 2101 1102 2181 99,
1155 2099 1318 2181 110,
1375 2098 1550 2181 111).

877 2202 977 2268 A0
1028 2204 1198 2267 1245
1250 2202 1538 2266 omnium
1578 2206 2016 2288 proventuum
2060 2200 2647 2278 ecclesiasticorum
2678 2200 3082 2281 vicesimam,
3133 2198 3352 2263 denuo
3386 2198 3468 2263 ad
3503 2198 3704 2264 trien-

656 2305 878 2390 nium,
940 2307 1165 2392 exegit
1220 2306 1647 2371 Innocentius
1693 2327 1863 2392 papa
1907 2305 2009 2371 IV
2054 2325 2331 2391 eamque
2379 2304 2490 2390 qui
2537 2304 2875 2389 colligeret
2918 2304 2988 2367 in
3035 2301 3424 2385 Leodiensi,
3474 2303 3704 2368 Came·

657 2411 942 2493 racensi,
1005 2411 1414 2496 Trajectensi
1477 2408 1885 2474 dioecesibus
1953 2409 2261 2473 abbatem
2322 2409 2485 2473 Loci
2544 2407 2611 2474 S.
2660 2406 2981 2473 Bernardi
3030 2407 3373 2494 deputavit
3426 2408 3698 2489 (numm.

667 2515 826 2596 178,
895 2516 1058 2597 179,
1129 2516 1288 2596 199,
1354 2516 1532 2597 210).
1625 2513 1858 2579 Eidem
1922 2513 2168 2578 tributo
2227 2510 2595 2598 colligendo
2645 2512 2892 2597 priores
2940 2512 3372 2577 Lovaniensis
3420 2517 3488 2576 et
3532 2510 3702 2576 Ant-

656 2617 1036 2703 werpiensis
1107 2616 1350 2682 ordinis
1419 2617 1953 2683 Praedicatorum
2022 2621 2098 2680 ut
2158 2616 2228 2681 in
2295 2616 2632 2703 provincia
2698 2616 3079 2681 Coloniensi
3141 2636 3406 2702 operam
3464 2615 3700 2680 darent

659 2720 1038 2786 mandatum
1087 2722 1515 2809 apostolicum
1564 2726 1953 2807 receperunt
1999 2722 2205 2804 (num.
2258 2722 2437 2803 209).

881 2825 1132 2890 Iterum
1201 2825 1273 2890 a0
1348 2827 1517 2890 1264
1586 2825 1960 2890 vicesimam
2028 2828 2465 2909 proventuum
2536 2824 3123 2890 ecclesiasticorum
3193 2824 3264 2888 in
3335 2824 3699 2889 subsidium

656 2929 901 2996 Terrae
965 2930 1246 2996 Sanctae
1310 2929 1690 2995 solvendam
1734 2931 1936 3015 jussit
1982 2928 2291 2993 Urbanus
2351 2949 2523 3015 papa
2584 2928 2715 3011 IV,
2781 2929 2891 3015 qui
2953 2929 3180 2994 abbati
3228 2927 3293 2993 S.
3343 2929 3703 3011 Trudonis,

661 3033 1139 3099 Leodiensibus
1202 3033 1452 3099 decano
1515 3041 1585 3099 et
1631 3032 2086 3098 archidiacono
2134 3031 2446 3116 magistro
2493 3031 2918 3097 Marchualdo
2968 3033 3337 3115 mandavit,
3387 3038 3464 3098 ut
3510 3053 3709 3120 pecu-

660 3139 837 3203 niam
896 3140 969 3205 in
1024 3139 1432 3204 dioecesibus
1478 3138 1831 3205 Leodiensi
1879 3143 1946 3203 et
1992 3137 2402 3221 Trajectensi
2449 3137 2791 3201 collectam
2839 3136 3129 3201 Henrico
3181 3137 3487 3223 episcopo
3536 3138 3707 3219 Leo·

659 3241 872 3309 diensi
920 3244 1369 3329 crucesignato
1418 3243 1826 3329 assignarent
1872 3243 2147 3325 (numm.
2198 3242 2602 3324 306-307).

886 3346 983 3412 A0
1035 3350 1206 3412 1274
1253 3349 1324 3412 in
1373 3347 1664 3412 Concilio
1713 3346 2144 3432 Lugdunensi
2191 3344 2262 3409 II
2308 3343 2627 3411 decimam
2676 3344 2965 3408 omnium
3011 3350 3452 3431 proventuum
3500 3346 3706 3410 eccle-

661 3451 1070 3517 siasticorum
1137 3472 1256 3538 per
1325 3472 1445 3516 sex
1513 3471 1721 3515 annos
1794 3451 1863 3514 in
1926 3449 2291 3514 subsidium
2353 3450 2596 3514 Terrae
2653 3449 2934 3514 Sanctae
2979 3447 3327 3513 levandam
3374 3449 3710 3535 praecepit

659 3554 1018 3642 Gregorius
1078 3576 1252 3643 papa
1295 3555 1365 3620 X
1410 3558 1617 3638 (num.
1669 3554 1847 3637 330).
1942 3552 2163 3637 Hujus
2210 3551 2504 3618 decimae
2550 3553 2620 3616 in
2667 3552 3005 3638 provincia
3050 3552 3429 3617 Coloniensi
3476 3553 3713 3618 collec-

666 3666 841 3726 tores
900 3660 1200 3747 deputati
1261 3659 1575 3745 leguntur
1620 3659 1901 3745 primum
1947 3656 2264 3722 Albertus
2309 3657 2619 3742 magister
2666 3656 3035 3721 scholarum
3081 3657 3519 3741 Parmiensis,
3569 3662 3712 3722 tum

665 3765 1017 3831 Rainerius
1062 3763 1145 3829 de
1193 3763 1349 3828 Orio
1397 3763 1811 3852 praepositus
1860 3761 1942 3828 de
1990 3761 2320 3846 Clavasio‚
2370 3761 2654 3849 denique
2702 3761 3145 3826 Theodericus
3185 3762 3361 3847 prior
3393 3762 3710 3827 ecclesiae

664 3869 734 3935 S.
782 3869 1091 3935 Andreae
1138 3867 1600 3933 Urbevetanae
1649 3869 1922 3951 (numm.
1972 3867 2139 3949 339,
2190 3868 2358 3949 355,
2411 3868 2577 3949 357,
2629 3867 2807 3949 360).
2879 3864 3154 3930 Interim
3202 3885 3358 3929 vero
3405 3866 3475 3929 in
3524 3865 3715 3930 terri-

664 3973 833 4038 torio
896 3973 1217 4039 Guidonis
1283 3972 1538 4037 comitis
1599 3970 1951 4036 Flandriae
2015 3970 2332 4056 speciales
2396 3970 2694 4057 deputati
2742 3974 2897 4033 sunt
2943 3969 3324 4034 collectores
3373 3969 3579 4033 abbas
3628 3968 3710 4036 de

666 4077 1004 4161 Valcellis,
1054 4077 1395 4143 Johannes
1444 4076 1525 4141 de
1572 4075 1866 4141 Brueriis
1913 4081 1983 4140 et
2027 4075 2341 4159 magister
2386 4076 2690 4141 Renerus
2737 4072 2819 4139 de
2853 4073 3190 4155 Passiaco,
3226 4073 3338 4158 qui
3372 4072 3711 4159 praedicto

662 4183 889 4247 comiti
946 4181 1290 4269 pecuniam
1356 4181 1647 4246 decimae
1708 4181 1777 4244 in
1840 4178 2128 4244 dominio
2192 4180 2337 4264 ejus
2400 4180 2742 4245 collectam
2799 4177 3208 4263 assignarent
3255 4179 3529 4262 (numm.
3581 4180 3709 4244 337

662 4291 735 4350 et
781 4285 961 4370 338).

888 4387 1288 4476 Hujusmodi
1346 4388 1767 4452 collectorum
1830 4408 2000 4452 unus
2048 4388 2338 4452 omnium
2385 4388 2560 4474 apud
2608 4407 2729 4451 nos
2776 4386 3154 4451 notissimus
3204 4406 3362 4452 sane
3411 4391 3512 4450 est
3559 4385 3716 4452 Rai-

668 4496 887 4561 nerius
949 4493 1030 4560 de
1092 4493 1280 4577 Orio,
1329 4513 1462 4558 non
1514 4491 1724 4555 solum
1772 4493 1856 4557 ob
1902 4491 2176 4577 injurias
2224 4498 2292 4557 et
2340 4492 2783 4574 calamitates,
2833 4512 2993 4577 quas
3041 4490 3252 4554 officio
3303 4511 3419 4555 suo
3465 4491 3716 4556 incum-

670 4600 831 4665 bens
890 4619 1238 4685 perpessus
1299 4602 1401 4662 est
1428 4597 1516 4680 1),
1579 4595 1694 4660 sed
1741 4596 2090 4682 praecipue
2138 4597 2223 4661 ob
2271 4616 2542 4682 magnas
2588 4600 2843 4681 partes,
2904 4614 3065 4681 quas
3111 4594 3182 4658 in
3226 4594 3442 4679 patria
3488 4600 3712 4660 nostra

672 4709 1001 4790 tamquam
1061 4700 1352 4767 decimae
1398 4700 1710 4765 collector
1753 4699 2061 4765 habuisse
2109 4699 2411 4765 traditur.
2505 4699 2658 4786 Ipse
2704 4699 2881 4764 enim
2926 4698 3307 4784 pecuniam,
3357 4719 3551 4785 quam
3596 4719 3715 4786 pro

664 4807 994 4872 solutione
1057 4804 1347 4871 decimae
1410 4804 1702 4891 quinque
1751 4804 2040 4890 capitula
2084 4804 2536 4890 Trajectensia
2579 4808 2650 4869 et
2696 4803 2963 4868 abbatia
3008 4803 3074 4867 S.
3125 4802 3320 4866 Pauli
3366 4801 3714 4886 deberent,

680 4912 1074 4995 „secundum
1141 4931 1551 4977 communem
1619 4909 2186 4975 aestimationem”
2256 4909 2502 4997 primus
2573 4907 2787 4973 taxari
2856 4906 3012 4971 fecit
3080 4913 3149 4971 et
3221 4907 3569 4971 ratificavit
3632 4906 3715 4971 ad

670 5038 989 5082 summam
1037 5014 1465 5080 ducentorum
1512 5015 1907 5080 florenorum
1955 5015 2097 5079 auri
2137 5034 2422 5078 annuam
2445 5013 2531 5096 2),
2579 5010 2939 5097 eademque
2980 5030 3232 5074 summa
3272 5010 3524 5075 stabilis
3565 5010 3719 5075 dein

674 5141 899 5186 norma
956 5120 1340 5208 permansit,
1404 5124 1480 5183 ut
1544 5117 1748 5183 videri
1803 5123 2024 5204 potest
2089 5139 2175 5183 ex
2238 5116 2611 5203 diplomatis
2658 5120 2921 5180 centum
2970 5118 3119 5199 post
3166 5133 3373 5178 annos·
3421 5113 3719 5198 editis.3)

839 5513 896 5577 1)
931 5514 1036 5565 Csr.
1072 5515 1238 5565 Finke
1272 5514 1370 5564 Die
1403 5512 1843 5578 Papsturkunden
1888 5514 2208 5580 Westsalem
2243 5514 2550 5578 Einleitung
2585 5509 2814 5574 xxxn;
2853 5508 3062 5560 Gottlob
3097 5508 3167 5560 l.l.
3206 5505 3275 5557 99
3308 5521 3420 5571 seq.

840 5595 895 5657 2)
931 5595 1247 5645 Vermeulen
1285 5594 1580 5645 lmentari·
1613 5594 1729 5644 325.

841 5675 896 5740 3)
930 5674 987 5726 V.
1025 5691 1102 5741 gr.
1137 5691 1236 5726 vau
1277 5675 1453 5727 Mieris
1493 5674 1830 5726 ehartnbook
1867 5675 1962 5726 111.
1998 5675 2119 5739 312,
2159 5676 2260 5727 d.d.
2294 5673 2424 5726 1375
2461 5671 2703 5724 Octobris
2738 5671 2820 5722 10.
