4450 6684
858 372 989 437 278
2108 369 2512 435 Gnsaomus
2555 369 2677 435 XI.

852 590 1056 659 2232.
1739 591 1944 673 1375,
1992 589 2170 655 Julii
2217 591 2340 672 11,
2389 611 2496 675 ap.
2561 591 3047 656 Villamnovam.

1171 746 1490 831 Mayistro
1530 743 1799 809 Roberto
1844 744 1920 808 de
1959 743 2284 826 Stratton,
2320 765 2661 808 causarum
2695 746 2940 830 palatii
2977 746 3308 830 apostolici
3343 744 3657 826 auditori,
3703 764 3914 809 eoram

1082 876 1206 942 quo
1269 852 1590 917 Geraldus
1649 851 1726 915 de
1786 850 1917 936 Zyl
1975 853 2312 915 canonieus
2375 850 2555 935 Traj.
2603 859 2663 915 et
2719 850 3115 917 Theobaldus
3160 852 3237 917 de
3282 850 3556 916 Herwen
3589 851 3917 937 presbyter

1082 984 1273 1048 super
1307 959 1679 1047 parochiali
1718 959 1971 1022 ecclesia
2001 957 2078 1021 de
2111 956 2481 1022 Oudekerke
2508 966 2771 1023 vacante
2802 980 2877 1023 ex
2906 980 3005 1040 eo,
3055 959 3226 1044 quod
3253 958 3582 1024 Johannes
3611 958 3688 1023 de
3717 958 3920 1044 Dryel

1079 1072 1343 1136 ultimus
1388 1074 1591 1130 rector
1628 1064 1812 1147 infra
1853 1063 2127 1128 debitum
2167 1072 2407 1149 tempus
2445 1085 2510 1128 se
2546 1085 2672 1128 non
2709 1064 2931 1147 fecerit
2967 1067 3036 1129 in
3061 1065 3503 1151 presbyterum
3537 1067 3914 1149 promoveri,

1076 1178 1191 1242 diu
1252 1179 1321 1240 in
1382 1176 1568 1238 curia
1628 1173 1996 1256 litiqarunt,
2044 1170 2423 1252 mandatur,
2472 1178 2545 1235 ut
2591 1172 2852 1236 eundem
2901 1173 3254 1238 Geraldum
3299 1172 3588 1258 subroyet
3632 1176 3703 1236 in
3747 1195 3918 1239 omne

1054 1288 1175 1369 jus
1235 1282 1400 1347 dieto
1471 1277 1862 1360 Theobaldo,
1927 1279 2042 1363 qui
2110 1279 2219 1341 lite
2282 1276 2491 1342 adhue
2543 1278 2847 1363 pendente
2907 1279 3245 1362 defunctus
3290 1287 3410 1363 est,
3466 1280 3917 1366 quomodolibet

1073 1397 1437 1474 competens,
1476 1385 1531 1469 l)

1076 1572 1468 1639 Laudabilia
1514 1570 1883 1659 probitatis.
1912 1617 1927 1633 .
1959 1617 1974 1632 .
2002 1616 2018 1633 .
2090 1568 2245 1633 Dat.
2296 1567 2469 1653 apud
2517 1567 3001 1632 villamnovam
3053 1574 3198 1648 eta,
3246 1566 3310 1630 V
3354 1566 3457 1631 Id.
3505 1566 3696 1650 Julii,
3741 1588 3922 1633 anno

847 1681 1100 1768 quinto·

1264 1767 1388 1833 309.
1423 1769 1521 1816 Ao.
1564 1761 1622 1814 T.
1661 1764 1751 1826 25,
1780 1764 1839 1826 s.
1876 1760 2016 1812 135¹.

998 1913 1056 1976 1)
1092 1911 1198 1964 Csr.
1235 1927 1399 1977 supra
1432 1925 1640 1962 numm.
1675 1908 1808 1961 2047
1843 1915 1898 1960 st
1932 1908 2081 1961 2202.

2122 2175 2490 2183 —...-——-——--—..-.
2521 2176 2554 2180 —
2577 2174 2672 2181 --

844 2397 1046 2467 2233.
1730 2402 1940 2484 1375,
1987 2400 2163 2465 Julii
2205 2402 2327 2483 18,
2374 2421 2481 2485 ap.
2543 2400 3029 2464 Villamnovam.

1160 2551 1496 2617 Bernardo
1542 2550 1816 2616 Henriei
1860 2551 1936 2616 de
1982 2550 2340 2616 Daventria
2386 2552 2607 2616 clerieo
2664 2549 2844 2635 Traj.
2887 2550 3076 2616 dioec.
3113 2551 3444 2634 confertur
3476 2552 3930 2618 tabellionatus-

1073 2658 1378 2742 officium.

1071 2844 1174 2909 Ne
1221 2849 1694 2908 contractuum.
1722 2889 1738 2906 .
1767 2889 1782 2906 .
1809 2888 1828 2907 .
1877 2841 2029 2907 Dat.
2080 2840 2258 2928 apud
2303 2842 2787 2908 villamnovam
2834 2849 2979 2926 ete.,
3030 2842 3164 2906 XV
3208 2840 3320 2908 111.
3368 2842 3690 2929 Augusti,
3740 2864 3916 2907 anuo

848 2950 1102 3036 quinto.

1269 3036 1396 3101 Ray.
1427 3039 1526 3089 Ao.
1571 3038 1626 3088 T.
1660 3035 1752 3101 24,
1778 3037 1837 3102 s.
1873 3036 1989 3088 510.

849 3521 1047 3591 2234.
1728 3525 1935 3609 1375,
1982 3524 2160 3590 Julii
2204 3527 2323 3608 25,
2372 3545 2478 3609 ap.
2541 3524 3028 3591 Villamnovam.

1165 3678 1494 3743 Herberno
1555 3678 1632 3742 de
1692 3677 1872 3743 Dono
1932 3678 2351 3762 confirmatur
2412 3678 2818 3743 thesauraria
2862 3680 3147 3745 eeclesiae
3193 3680 3247 3745 b.
3297 3680 3553 3746 Mariae
3607 3681 3787 3765 Traj.
3810 3731 3830 3766 ,
3876 3703 3920 3746 a

1078 3786 1327 3851 domino
1390 3785 1583 3870 Papa
1645 3806 1849 3869 nuper
1910 3788 2035 3870 ipsi
2094 3786 2363 3868 collata,
2423 3806 2550 3850 non
2611 3785 2890 3850 obstante
2953 3786 3125 3872 quod
3178 3788 3246 3850 in
3297 3788 3497 3851 literis
3531 3791 3918 3873 provisionis

1074 3890 1151 3955 de
1216 3892 1683 3976 supplementO,
1757 3890 1928 3975 quod
1996 3894 2063 3954 in
2131 3891 2386 3954 ecelesia
2454 3889 2900 3955 Daventriensi
2968 3891 3232 3975 obtinet,
3296 3893 3485 3956 nulla
3544 3896 3631 3957 sit
3687 3896 3917 3958 mentio

1073 3999 1274 4080 facta.
1301 3999 1354 4080 1)

1074 4177 1466 4243 Laudabilia
1512 4178 1878 4265 probitatis.
1907 4224 1924 4243 .
1954 4226 1969 4242 .
2004 4227 2018 4240 .
2068 4179 2219 4244 Dat.
2271 4179 2445 4266 apud
2493 4181 2975 4247 Villamnovam
3024 4190 3166 4264 etc„
3215 4180 3384 4246 VIII
3429 4181 3538 4246 Kl.
3587 4182 3915 4270 Augusti,

855 4303 1030 4348 anno
1081 4284 1334 4370 quinto.

1272 4419 1395 4483 Ray.
1432 4420 1531 4469 Αυ.
1575 4420 1627 4468 Τ.
1664 4417 1757 4481 25,
1782 4421 1842 4483 s.
1878 4417 1993 4470 181.

1007 4563 1064 4627 1)
1104 4562 1206 4614 Cfr.
1245 4576 1407 4626 supra
1440 4577 1647 4614 numm.
1680 4562 2030 4614 2223-2224.

855 5049 1048 5117 2235.
1680 5054 1861 5116 1375
1879 5100 1897 5135 ,
1944 5056 2228 5138 Auyusti
2269 5056 2391 5137 12,
2440 5075 2543 5137 ap.
2607 5053 3090 5118 Villamnovam.

1174 5202 1429 5266 Deeano
1474 5204 1758 5267 ecelesiae
1807 5202 1873 5266 S.
1925 5204 2114 5268 Petri
2159 5204 2734 5289 Middelburyensis
2780 5204 3159 5286 mandatur,
3209 5212 3283 5268 ut
3331 5204 3681 5286 Godefrido
3727 5202 3922 5268 Heelt

1085 5311 1306 5375 clerico
1356 5309 1819 5374 Cameracensis
1864 5311 2052 5376 dioec.
2101 5312 2390 5394 conferat
2435 5314 2872 5376 canonicatum
2916 5319 2975 5375 et
3011 5311 3444 5396 praebendam
3489 5331 3631 5375 cum
3667 5312 3924 5396 supple—

1084 5422 1320 5499 mento,
1369 5419 1439 5480 in
1483 5417 1737 5480 eeclesia
1783 5416 1851 5480 S.
1902 5417 2088 5481 Petri
2127 5417 2308 5500 Traj.
2341 5426 2630 5482 vacantes
2658 5440 2784 5503 per
2813 5418 3046 5483 obitum
3080 5419 3269 5483 Petri
3296 5418 3373 5482 de
3407 5418 3918 5502 Compostellm),

1088 5521 1264 5606 apud
1308 5523 1552 5585 curiam
1597 5520 1900 5602 defuncti.
