4450 6684
1762 532 2166 599 Gnneonms
2210 534 2334 599 XI.
3455 534 3582 598 199

512 741 721 813 2002.
1566 752 1779 834 1371,
1829 752 2005 835 Maji·
2049 755 2124 836 9,
2169 753 2533 818 Avenionis.

834 901 1157 988 Stephano
1220 904 1445 970 Heron
1505 905 1582 969 de
1643 906 2070 988 Bellomonte,
2118 909 2222 972 cui
2267 909 2674 972 canonicatus
2721 909 2789 970 in
2835 908 3090 972 ecclesia
3135 907 3589 973 Daveutrieusi

742 1010 1014 1074 collatus
1060 1019 1121 1076 et
1152 1011 1522 1096 praebenda
1566 1013 2198 1098 supplementumque
2242 1013 2469 1078 ibidem
2505 1034 2628 1099 per
2673 1013 2910 1078 obitum
2955 1013 3279 1078 Johauuis
3325 1014 3400 1077 de
3446 1013 3588 1100 Ny-

745 1136 1036 1181 wemiaer
1079 1120 1377 1183 vacantia
1422 1126 1745 1183 reservata
1788 1120 2060 1203 fuerunt
2085 1121 2167 1205 ¹),
2219 1121 2369 1185 haec
2403 1123 2689 1205 provisio
2728 1120 3166 1204 confirmatur,
3203 1120 3475 1205 perinde
3513 1142 3589 1186 ac

742 1222 906 1286 idem
951 1223 1280 1289 Johannes
1326 1225 1490 1289 sedis
1536 1226 1915 1310 apostolicae
1957 1227 2316 1310 familiaris
2362 1249 2488 1292 nou
2532 1228 2779 1311 fuisset.

757 1403 1148 1470 Laudabilia
1190 1407 1560 1493 probitatis,
1589 1455 1604 1471 .
1632 1455 1648 1471 .
1678 1455 1693 1470 .
1743 1408 1896 1473 Dat.
1944 1408 2313 1491 Avinione,
2361 1409 2497 1474 VII
2540 1408 2642 1475 Id.
2689 1410 2887 1494 Maji,
2936 1429 3108 1474 anno
3156 1410 3385 1497 primo.

941 1541 1064 1603 Rey.
1099 1538 1194 1589 Aa.
1240 1543 1296 1592 T.
1329 1541 1384 1604 1,
1410 1543 1471 1606 s.
1508 1539 1621 1591 423.

676 1665 734 1730 1)
770 1665 874 1717 Cir.
910 1682 1072 1733 supra
1105 1683 1255 1719 num.
1289 1666 1439 1719 1901.

528 2039 747 2110 2003.
1561 2045 1764 2126 1371,
1813 2042 1987 2127 Majz·
2032 2045 2154 2126 26,
2202 2045 2567 2109 Avenionis.

846 2197 1208 2261 Eduardus
1271 2197 1407 2261 dux
1471 2197 1729 2261 Geli-iae
1789 2205 2107 2280 monetur,
2153 2205 2228 2261 ut
2273 2196 2350 2260 de
2395 2199 2748 2282 arreraqiis
2774 2197 2825 2280 ¹)
2874 2204 2933 2260 et
2974 2195 3294 2279 fructibus
3329 2215 3607 2280 praepo-

756 2304 1001 2367 siturae
1045 2301 1113 2366 S.
1162 2301 1524 2367 Salvatoris
1579 2302 1761 2385 Traj.
1806 2301 2097 2388 pentibus
2145 2301 2388 2366 domini
2434 2302 2660 2386 Papae
2705 2304 2948 2386 inteyre
2991 2301 3298 2383 satisfieri
3342 2308 3538 2365 curet.

765 2482 1024 2547 Dilecto
1075 2483 1207 2547 filio
1260 2483 1465 2547 nobili
1511 2484 1650 2548 viro
1699 2482 2051 2548 Eduvardo
2101 2483 2252 2547 duci
2300 2483 2521 2548 Gelrie
2570 2482 2847 2547 salutem
2895 2488 3005 2545 etc.

760 2586 1019 2651 Eximio
1068 2573 1444 2652 dex'rocionis
1492 2588 1870 2670 sinceritas,
1921 2609 2116 2673 quem
2161 2589 2313 2672 (sic)
2361 2587 2442 2652 ad
2491 2608 2611 2652 nos
2645 2589 2767 2671 (et)
2799 2586 3166 2653 Romanam
3199 2587 3370 2672 geris
3404 2586 3609 2651 eccle-

540 2692 742 2775 siam,
805 2713 987 2778 spem
1048 2694 1291 2778 ingerit
1354 2692 1693 2758 indubiam
1758 2694 1938 2758 cordi
2002 2699 2264 2773 nostre,
2328 2692 2503 2778 quod
2568 2713 2795 2779 preces
2853 2698 3108 2757 nostras
3157 2692 3278 2756 tibi
3327 2691 3607 2756 directas

541 2798 1001 2883 prosecutione
1044 2798 1362 2864 laudabili
1408 2799 1816 2886 adimplebis.
1912 2800 2084 2865 Sane
2134 2820 2346 2885 nuper
2392 2800 2789 2885 accepimus,
2838 2798 3044 2885 quod,
3094 2819 3242 2863 cum
3290 2798 3608 2863 nonnulla

561 2905 889 2989 arreragia
914 2906 1169 2970 ratione
1200 2907 1610 2993 prepositure
1645 2906 1919 2971 ecclesie
1952 2907 2161 2970 sancti
2195 2905 2554 2970 Salvatoris
2587 2906 3059 2989 Trajectensis,
3102 2926 3297 2992 quam
3329 2903 3609 2988 dudum,

546 3008 705 3075 dum
749 3013 985 3076 minori
1032 3014 1467 3099 fungebamur
1515 3015 1762 3097 officie,
1812 3013 2272 3078 obtinebamus
2298 3012 2390 3096 2),
2448 3012 2637 3076 nobis
2685 3011 3046 3093 debentur,
3094 3012 3422 3096 arreragia
3464 3011 3611 3098 ipsa

542 3122 819 3202 propter
864 3119 1083 3204 aliqua
1126 3120 1599 3206 impedimenta
1643 3141 1761 3206 per
1807 3125 2041 3205 gentes
2088 3124 2156 3183 et
2203 3118 2513 3183 officiales
2553 3122 2703 3182 tuos
2737 3122 3033 3204 tempore
3065 3118 3380 3203 preterito
3413 3137 3612 3204 super

539 3219 666 3286 hoc
719 3225 1017 3309 apposita
1051 3246 1438 3312 recuperare
1471 3226 1885 3312 nequivimus
1919 3230 1987 3289 et
2020 3225 2195 3310 quod
2226 3230 2302 3288 tu
2335 3225 2573 3307 eciam,
2621 3223 2704 3290 ab
2737 3224 3064 3309 aliquibus
3097 3224 3610 3308 circumventus,

544 3347 664 3393 seu
733 3328 907 3395 dicte
977 3339 1209 3416 gentes
1277 3339 1391 3398 tue
1462 3333 1712 3398 fructus
1774 3332 2072 3418 ejusdem
2135 3330 2548 3418 prepositure
2611 3330 2768 3394 anni
2831 3330 3115 3417 proximi
3178 3350 3352 3393 nunc
3407 3330 3614 3415 elapsi

539 3437 847 3501 arrestari
908 3437 1142 3503 fecisti.
1236 3439 1564 3514 Quocirca
1610 3439 2026 3504 nobilitatem
2073 3443 2257 3501 tuam
2303 3437 2493 3501 nobis
2541 3457 2758 3501 caram
2805 3456 3112 3521 rogamus
3158 3440 3226 3500 et
3269 3435 3609 3500 hortamur

543 3540 615 3605 in
678 3542 998 3628 Domine,
1049 3566 1192 3610 eam
1238 3547 1561 3611 attentius
1609 3545 2071 3631 deprecantes,
2121 3544 2432 3629 quatinus
2479 3563 2597 3630 pro
2645 3547 2872 3606 nostra
2918 3548 2987 3606 et
3032 3541 3389 3628 apostolice
3436 3539 3610 3605 sedis

552 3651 931 3714 reverencia
996 3672 1072 3716 ac
1142 3652 1346 3716 eciam
1420 3653 1518 3716 tui
1585 3652 1853 3716 honoris
1917 3651 2165 3714 intuitu
2231 3649 2312 3713 de
2379 3648 2680 3712 omnibus
2728 3647 3107 3733 hujusmodi
3153 3647 3495 3732 arreragiis
3543 3651 3613 3710 et

546 3752 876 3819 fructibus
923 3755 1096 3821 dicte
1140 3759 1554 3844 prepositure
1605 3757 1912 3843 gentibus
1944 3757 2185 3820 nostris
2218 3756 2476 3840 integre
2509 3754 2813 3819 satisfieri
2843 3753 3043 3818 facias
3076 3758 3274 3838 atque
3305 3751 3609 3834 mandes,
3638 3767 3652 3778 “

535 3859 609 3922 in
656 3859 782 3924 hiis
831 3861 1053 3927 taliter
1098 3869 1164 3927 te
1211 3862 1550 3945 habende,
1599 3862 1773 3948 quod
1821 3883 1975 3944 nos,
2026 3861 2137 3946 qui
2186 3867 2253 3925 te
2287 3861 2539 3924 sincere
2574 3859 2933 3944 diligimus,
2976 3857 3394 3923 devotionem
3426 3862 3609 3922 tuam

537 3961 756 4050 dignis
801 3966 871 4031 in
916 3968 1196 4033 Domino
1238 3968 1543 4033 laudibus
1576 3969 1976 4033 attollamus.
2024 3967 2178 4032 Dat.
2212 3967 2575 4048 Avinione,
2608 3965 2745 4030 VII
2774 3965 2886 4030 Kl.
2919 3964 3134 4046 Junii,
3167 3984 3341 4028 anno
3374 3964 3606 4051 primo.

952 4103 1076 4167 περ.
1110 4104 1210 4154 Αυ.
1253 4105 1307 4154 T.
1343 4103 1467 4163 263,
1493 4105 1555 4168 f.
1591 4103 1695 4153 530.

686 4229 743 4293 1)
778 4230 1095 4296 Aren-agium
1127 4246 1196 4280 =
1230 4232 1500 4297 debitum,
1536 4233 1675 4296 quod
1713 4233 1770 4283 in
1800 4231 1925 4295 iure
1960 4232 2248 4297 Reliquum
2285 4232 2504 4296 dicitur3
2545 4231 2618 4280 ita
2654 4230 2906 4295 Ducange
2940 4229 2975 4280 i.
3009 4244 3058 4280 ν.

685 4312 741 4376 2)
777 4312 883 4364 Cfr.
917 4329 1079 4378 supra
1111 4330 1262 4367 num.
1296 4314 1445 4367 1185.

530 4683 745 4752 2004.
1578 4693 1788 4776 1371,
1838 4691 2033 4756 Junii
2076 4693 2151 4774 2,
2198 4690 2566 4755 Aveuionis.

850 4842 1308 4928 Infra-scriptis
1353 4844 1724 4928 mandatur,
1772 4852 1846 4909 ui
1895 4845 2273 4910 Hermanno
2312 4845 2477 4909 dicto
2509 4844 2886 4926 Peterman,
2934 4845 3039 4908 cui
3069 4843 3251 4908 hodie
3278 4863 3405 4928 per
3435 4844 3605 4908 alias

767 4949 985 5014 literas
1030 4950 1107 5013 de
1150 4953 1525 5016 canonicatu
1571 4959 1630 5016 et
1662 4952 2033 5037 praebenda
2079 4954 2366 5018 ecclesiae
2412 4951 2891 5016 Daventriensis
2930 4953 3260 5035 provisum
3298 4957 3417 5033 est,
3462 4971 3608 5015 con-

757 5055 980 5137 ferant
1026 5058 1532 5140 supplementum
1576 5057 1804 5122 ibidem
1850 5078 2082 5122 vacans
2117 5079 2244 5143 per
2288 5058 2525 5123 obitum
2569 5056 2936 5122 Everhardi
2978 5056 3055 5120 de
3098 5055 3321 5120 Fossa.

761 5235 1143 5302 Venerabili
1189 5238 1374 5303 fratri
1418 5286 1433 5302 .
1464 5288 1479 5303 .
1526 5240 1829 5326 episcopo
1860 5240 2163 5305 Uticensi
2194 5246 2264 5304 et
2295 5239 2551 5304 dilectis
2584 5238 2735 5302 filiis
2766 5236 3096 5324 preposito
3128 5234 3603 5300 Arnhemensis

536 5337 982 5426 Trajectensis
1029 5343 1306 5410 diocesis
1354 5367 1430 5410 ac
1478 5347 1729 5411 cantori
1774 5345 2183 5411 Pictavensis
2234 5345 2653 5410 ecclesiarum
2700 5342 2978 5407 salutem
3022 5347 3135 5405 etc.

759 5449 1149 5516 Laudabilia
1192 5454 1560 5540 probitatis.
1592 5501 1607 5517 .
1640 5501 1656 5517 .
1685 5502 1699 5517 .
1749 5454 1901 5519 Dat.
1951 5452 2319 5535 Avinione,
2368 5451 2510 5516 ΠΠ
2553 5451 2725 5516 Non.
2772 5448 2993 5530 Junii,
3041 5466 3216 5512 anno
3263 5445 3493 5531 prime.

948 5585 1073 5648 Ray.
1105 5586 1202 5637 Aa.
1247 5589 1302 5637 T.
1339 5586 1395 5651 3,
1422 5589 1484 5651 s.
1518 5587 1632 5638 221.
