4450 6684
1757 523 2158 588 Gnneonms
2202 519 2328 585 XI.
2923 470 2928 477 Ι
3443 521 3573 585 225

732 751 1092 817 Personam
1137 753 1338 813 tuam.
1367 793 1384 810 .
1414 794 1430 810 .
1461 795 1476 810 .
1525 745 1678 810 Dat.
1727 743 1903 831 apud
1949 741 2434 807 Villamnovam
2482 747 2630 822 etc.‚
2679 739 2779 805 VI
2809 741 2979 806 Non.
3014 738 3344 822 Octobris,
3395 761 3568 805 anno

514 855 823 925 seeundo.

1040 996 1053 1009 .
1175 995 1187 1008 .
1272 996 1283 1007 .
1322 958 1341 1000 1
1489 992 1499 1004 .
1605 954 1653 1004 7.

927 960 1221 1116 {cimae
1231 954 1681 1104 Τόαῑῑῗθίῶαὲῗαηι
1728 1038 2075 1102 apoyraplmm
2115 1052 2346 1085 coaevum
2388 1035 2443 1084 in
2478 1037 2616 1085 arch.
2643 1049 2791 1099 prov.
2838 1035 2888 1082 U
2887 1035 3030 1099 ltraj.
3072 1039 3132 1085 O.
3169 1035 3290 1096 753,
3327 1039 3380 1084 in
3413 1038 3597 1085 charta

866 1128 1193 1178 membranea.

518 1545 717 1613 2088.
1502 1546 1712 1627 1372,
1766 1542 2046 1607 Octobris
2091 1548 2165 1626 5,
2213 1545 2577 1608 Avenionis.

830 1702 1230 1786 Praepositis
1278 1700 1343 1764 S.
1379 1698 1702 1764 Johannis
1738 1705 1797 1762 et
1830 1698 1883 1761 b.
1919 1698 2176 1761 Mariae
2217 1698 2399 1779 Traj.
2434 1720 2672 1763 necnon
2708 1699 2773 1762 S.
2808 1700 3102 1783 Ayricoli
3131 1701 3585 1767 Avenionensis

739 1809 1137 1872 ecclesiarum
1184 1805 1544 1891 exequenda
1582 1804 2004 1868 demandatur
2042 1807 2381 1885 sententia,
2425 1812 2577 1888 post
2607 1805 2887 1868 diversas
2919 1808 3266 1871 instantias
3297 1810 3365 1871 in
3396 1811 3578 1873 curia

744 1914 1007 1997 definita
1068 1921 1289 1978 contra
1351 1912 1744 1996 Stephanum
1806 1911 1881 1974 de
1943 1910 2251 1993 Manher,
2316 1895 2550 1975 scilicet
2594 1914 3058 1996 perceptionem
3105 1916 3378 1978 omnium
3426 1916 3588 1980 deci-

747 2043 997 2086 marum
1042 2021 1225 2102 infra
1258 2019 1640 2105 parochiam
1687 2018 1763 2081 de
1810 2017 2065 2081 Malsen
2111 2024 2303 2102 atque
2330 2021 2453 2100 jus
2500 2019 2865 2100 conferendi
2908 2022 3216 2103 capellam
3251 2021 3326 2084 de
3366 2021 3587 2086 Tricht

748 2128 970 2192 ibidem
1030 2132 1219 2192 sitam
1281 2128 1511 2191 decano
1574 2133 1633 2189 et
1693 2125 1973 2209 capitulo
2034 2125 2320 2188 ecclesiae
2369 2125 2434 2188 S.
2486 2125 2673 2189 Petri
2729 2125 2942 2208 Traj.,
2992 2127 3224 2192 dictam
3273 2130 3581 2213 capellam

747 2234 1043 2299 Arnoldo
1104 2233 1386 2298 Arnoldi
1445 2232 1768 2296 Johannis
1830 2252 1969 2295 vere
2030 2239 2404 2315 competere,
2471 2231 2864 2316 Stephanum
2926 2241 3170 2316 autem,
3220 2237 3334 2319 qui
3377 2238 3588 2300 omnia

733 2340 1073 2424 praedicta
1132 2340 1253 2404 sibi
1310 2340 1680 2422 adjudicare
1732 2345 2285 2423 praesumpserat,
2334 2360 2463 2423 pro
2511 2343 2794 2428 eaepensis
2846 2342 2976 2404 litis
3024 2343 3408 2406 adversariis
3454 2345 3589 2406 suis

751 2447 884 2509 150
928 2446 1198 2527 florenos
1245 2447 1397 2510 auri
1442 2444 1623 2524 infra
1669 2446 1711 2507 4
1760 2464 1993 2507 menses
2039 2445 2275 2507 solvere
2320 2444 2551 2508 debere.

750 2629 998 2693 Petitio
1047 2628 1434 2693 dilectorum
1480 2628 1783 2693 filiorum.
1812 2676 1827 2692 .
1858 2676 1872 2691 .
1904 2676 1918 2692 .
1991 2627 2145 2692 Dat.
2194 2626 2563 2710 Avinione,
2613 2626 2717 2691 III
2761 2625 2934 2691 Non.
2986 2625 3323 2711 OctobriS,
3371 2630 3588 2714 ponti-

526 2732 756 2798 ficatus
803 2735 1010 2798 nostri
1056 2755 1229 2798 anno
1276 2733 1585 2798 secundo,

949 2868 1315 2932 Apoyraphum
1363 2884 1592 2917 coaevum
1632 2868 1873 2917 insertum
1911 2868 2197 2931 processui,
2249 2884 2389 2931 quem
2436 2869 2628 2916 Petrus
2667 2869 2728 2915 dc
2772 2867 3091 2917 Lewenberch
3132 2871 3346 2919 decanus
3379 2870 3612 2919 ecclesiae

880 2950 932 3000 S.
970 2950 1184 3000 Mariae
1226 2953 1388 3016 T¹raj.,
1439 2953 1588 3016 hujus
1622 2952 1789 3000 bullae
1821 2955 2050 3000 executor
2085 2951 2456 3014 subdelegatus,
2503 2956 2682 3000 contra
2716 2951 2902 3000 dictum
2937 2952 3242 3015 Stephanum
3276 2953 3398 3002 tulit
3431 2955 3513 3002 die
3544 2953 3613 3004 13

879 3033 1024 3098 Maji
1057 3052 1139 3084 an.
1174 3034 1321 3085 1373.
1392 3036 1674 3099 Stephanus
1707 3051 1820 3084 vero
1854 3034 1955 3085 150
1975 3037 2204 3100 florenos
2238 3035 2426 3084 debitos
2459 3035 2647 3084 solvere
2679 3036 2873 3097 renuit,
2911 3053 3059 3099 quam
3093 3037 3151 3085 ob
3183 3053 3385 3086 causam
3418 3054 3609 3087 excom-

876 3117 1227 3167 municationis
1254 3118 1475 3168 incurrit
1500 3119 1816 3182 sententiam,
1852 3118 1933 3167 uti
1952 3122 2101 3182 patet
2123 3135 2184 3166 esc
2206 3118 2480 3182 diplomate
2502 3120 2752 3183 transfixo
2775 3120 2876 3169 d.d.
2902 3118 2968 3168 14
2991 3120 3241 3169 Januoerii
3263 3137 3345 3170 an.
3371 3120 3518 3171 1376.
3539 3150 3609 3159 —

891 3201 1164 3264 Utrumque
1196 3201 1420 3265 diploma
1446 3201 1502 3250 in
1535 3203 1719 3250 charta
1750 3202 2085 3263 membrana,
2123 3201 2260 3251 arch.
2290 3216 2435 3265 prov.
2483 3200 2677 3266 Ultraj.
2713 3203 2780 3251 Ρ.
2815 3201 2927 3252 370.

954 3283 1059 3333 Cfr.
1096 3282 1288 3334 Muller
1323 3284 1585 3350 Regesten
1623 3284 1757 3334 464*
1792 3299 2001 3334 necnon
2038 3298 2199 3348 supra
2236 3298 2442 3333 numm.
2477 3282 2610 3333 2046
2645 3289 2696 3333 et
2732 3283 2879 3334 2048.

528 3777 733 3846 2089.
1499 3787 1708 3868 1372,
1764 3785 2043 3850 Octobris
2088 3787 2206 3866 14,
2257 3787 2621 3849 Avenzonis.

845 3938 1186 4002 Azemario
1248 3938 1324 4001 de
1385 3938 1614 4023 Ruppe
1666 3942 2034 4023 praeposito
2097 3940 2386 4003 ecclesiae
2435 3940 2502 4003 S.
2553 3939 2909 4003 Salvatoris
2964 3938 3146 4023 Traj.
3195 3940 3595 4025 indulyetur,

760 4042 931 4126 quod
988 4065 1097 4107 sex
1158 4045 1370 4108 clerici
1428 4065 1536 4108 seu
1579 4045 1934 4130 presbyteri
1978 4046 2379 4127 familiares,
2446 4048 2648 4130 ipsius
2694 4046 3035 4110 insistendo
3082 4046 3423 4131 obsequiis,
3471 4069 3596 4113 non

762 4156 1091 4213 teneantur
1137 4150 1224 4214 ad
1257 4153 1659 4235 personalem
1704 4154 1773 4215 in
1817 4154 1950 4215 suis
1998 4152 2305 4233 beneficiis
2351 4152 2754 4215 residentiam
2788 4158 2846 4215 ct
2877 4152 3290 4217 nihilominus
3322 4156 3598 4240 inteqros

757 4276 832 4318 ex
870 4256 1088 4320 iisdem
1125 4256 1441 4340 redditus,
1491 4257 1881 4342 quotidianis
1922 4258 2472 4321 distributionibus
2512 4259 2806 4341 eaeceptis,
2847 4261 3174 4342 percipere
3204 4261 3477 4325 valeant.
3515 4298 3597 4310 —

763 4361 960 4444 Cujus
993 4363 1324 4447 privileqii
1368 4363 1761 4447 deputantur
1807 4371 2288 4428 conservatores.

759 4545 1025 4611 Sincere
1073 4545 1467 4611 devocionis,
1496 4594 1512 4610 .
1539 4596 1555 4611 .
1585 4595 1599 4610 .
1649 4547 1801 4612 Dat.
1851 4547 2213 4630 Avinione,
2261 4548 2332 4612 II
2377 4547 2475 4611 Id.
2528 4546 2865 4630 Octobri5‚
2915 4569 3088 4613 anno
3137 4550 3454 4615 secundo.

958 4681 1083 4743 Περ.
1117 4682 1214 4729 Aa.
1259 4683 1312 4730 T.
1349 4679 1439 4740 11,
1464 4682 1523 4745 s.
1558 4681 1696 4731 527⁶.

544 5177 748 5247 2090.
1513 5182 1722 5263 1372,
1776 5179 2055 5245 Octobris
2101 5182 2220 5262 20,
2270 5180 2634 5244 Avenionis.

856 5335 1311 5420 Infrascriptis
1372 5335 1753 5417 mandatur,
1804 5342 1874 5398 ut
1918 5335 2260 5399 secundum
2312 5342 2586 5399 tenorem
2622 5337 2925 5418 priorum
2977 5336 3338 5420 literarum,
3387 5359 3428 5401 a
3471 5339 3612 5403 sede

769 5442 1112 5527 apostolica
1175 5441 1262 5505 ad
1307 5442 1476 5525 ipsos
1520 5439 1905 5504 directarum
1928 5487 1945 5522 ,
2001 5443 2281 5525 riqorose
2320 5439 2677 5524 procedant
2726 5446 2948 5502 contra
2991 5440 3294 5504 decanum
3341 5450 3400 5506 et
3442 5447 3614 5528 capi-

774 5550 976 5613 tulum
1039 5548 1327 5612 ecclesiae
1396 5546 1615 5629 Traj.‚
1680 5548 1793 5631 qui
1863 5545 2155 5609 Gerardo
2219 5545 2297 5609 de
2360 5545 2490 5630 Zyl
2533 5546 2940 5607 canonicatus
2985 5546 3054 5608 in
3099 5546 3310 5610 eadem
3357 5549 3609 5612 ecclesia

769 5655 1022 5738 fructus
1068 5656 1301 5737 injuste
1348 5653 1747 5717 abstulerunt
1794 5660 1853 5716 ct
1898 5654 2228 5716 restituere
2263 5653 2685 5736 pertinaciter
2731 5659 3044 5716 recusant.

764 5789 854 5849 Π.
3307 5789 3385 5847 29
