4450 6684
871 363 1000 426 256
2115 363 2519 428 Gnnoonms
2562 363 2686 427 XI.

867 578 1059 649 2181.
1892 584 2091 665 1374,
2143 584 2399 668 Aprilis
2444 586 2522 666 8,
2570 587 2930 649 Avenionis.

1179 734 1461 800 Henrico
1509 736 1744 800 Braem
1791 736 2005 801 abbati
2050 739 2417 801 monasterii
2462 736 2516 801 b.
2568 737 2823 802 Mariae
2869 737 3445 824 Middelburqensis
3491 739 3924 805 Praemonstr.

1089 843 1333 907 ordinis
1396 843 1753 907 conceditur
1802 845 2217 928 privileqium
2268 844 2611 928 plenariae
2657 853 3062 930 peccatorum
3118 847 3502 910 remissionis
3546 848 3618 910 in
3662 849 3929 912 articulo

1088 951 1326 1014 mortis.

1088 1130 1408 1195 Provenit
1456 1152 1562 1196 ex.
1591 1179 1607 1195 .
1641 1178 1657 1195 .
1687 1178 1702 1195 .
1751 1131 1905 1197 Dat.
1957 1133 2329 1214 Avinione,
2377 1131 2477 1196 VI
2521 1131 2621 1196 Id.
2671 1133 2956 1219 Aprilis,
3004 1153 3179 1197 anno
3226 1138 3481 1220 quarto.

1282 1265 1407 1328 περ.
1443 1267 1544 1316 Aa.
1588 1265 1769 1326 1121,
1800 1266 2009 1331 1:604.

859 1697 1315 1766 2182-2183.
1843 1703 2053 1784 1374,
2102 1702 2362 1786 Aprilis
2407 1704 2531 1784 12,
2576 1703 2943 1766 Avenionis.

1172 1854 1253 1918 A.
1355 1854 1617 1918 Tannae
1661 1855 1737 1918 de
1781 1855 1964 1920 More
2008 1857 2266 1920 mulieri
2317 1855 2498 1937 Traj.
2546 1854 2735 1919 dioec.
2783 1854 3142 1920 conceditur
3187 1855 3350 1918 idem
3387 1856 3818 1940 privileqium.

1173 1960 1251 2026 B.
1345 1960 1509 2025 Item
1565 1961 1940 2027 Theoderico
1990 1962 2216 2047 Schelp
2264 1962 2463 2026 nobili
2507 1961 2831 2026 domicello
2886 1961 3067 2044 Traj.
3118 1960 3307 2025 dioec.

1082 2142 1398 2207 Provenit
1444 2164 1551 2208 ex.
1580 2192 1595 2206 .
1624 2195 1639 2208 .
1669 2193 1685 2207 .
1735 2143 1888 2209 Dat.
1938 2144 2306 2226 Avinione,
2353 2145 2424 2209 II
2468 2145 2567 2209 Id.
2618 2146 2903 2232 Aprilis,
2950 2166 3127 2211 anno
3174 2150 3430 2232 quarto.

1278 2277 1402 2341 περ.
1438 2278 1535 2326 Αυ.
1580 2279 1633 2326 T.
1668 2278 1757 2340 24,
1785 2280 1845 2342 s.
1881 2276 2018 2328 5282

856 2711 1050 2780 2184.
1695 2713 1904 2795 1374,
1953 2713 2213 2797 Aprilis
2259 2715 2378 2796 21,
2426 2735 2531 2798 ap.
2598 2713 3081 2779 Villamnovam.

1167 2867 1460 2932 Johanni
1520 2867 1658 2952 (de)
1719 2867 2007 2931 Pierwez
2033 2868 2084 2951 1)
2132 2868 2554 2950 conferuntur
2599 2872 3005 2935 canonicatus
3052 2878 3110 2934 et
3145 2868 3515 2954 praebenda
3558 2872 3629 2934 in
3674 2871 3927 2934 ecclesio

1077 2974 1144 3040 S.
1217 2973 1406 3039 Petri
1482 2974 1665 3056 Traj.
1744 2981 2034 3038 vacantes
2101 2995 2227 3060 per
2296 2975 2531 3040 obitum
2603 2976 2821 3062 E'qidii
2888 2975 2965 3040 de
3033 2976 3356 3058 Pierwez,
3438 2977 3616 3060 apud
3685 2979 3928 3040 curiam

1074 3081 1381 3164 defuncti.
1435 3118 1516 3130 —
1564 3081 1982 3165 Deputantur
2026 3089 2399 3145 executores.

1076 3265 1234 3330 Vite
1265 3286 1341 3329 ac
1372 3286 1645 3330 morum.
1676 3313 1691 3329 .
1722 3312 1737 3329 .
1765 3313 1781 3329 .
1830 3265 1983 3329 Dat.
2018 3264 2194 3352 apud
2226 3265 2715 3331 Villamnovam
2745 3272 2887 3348 etc„
2936 3263 3039 3330 XI
3070 3264 3180 3329 Kl.
3216 3265 3409 3350 Maji,
3457 3285 3630 3330 anno
3668 3272 3924 3352 quarto.

1270 3398 1393 3460 περ.
1430 3399 1529 3448 Α..
1573 3399 1625 3448 T.
1663 3397 1754 3461 22,
1780 3400 1842 3461 s.
1877 3398 1990 3448 356.

1004 3528 1059 3593 1)
1094 3530 1332 3593 Perwez,
1368 3543 1535 3596 pagus
1571 3530 1627 3579 in
1665 3531 1934 3593 provincia
1971 3531 2343 3581 Namurcensi.

843 3960 1037 4029 2185.
1686 3965 1897 4044 1374,
1943 3963 2202 4047 Aprilis
2249 3963 2367 4043 26,
2418 3984 2524 4047 ap.
2588 3962 3075 4028 Villamnovam.

1160 4118 1618 4207 Infrascriptis
1665 4118 2033 4200 mandatur,
2081 4124 2154 4180 ut
2204 4116 2481 4180 Hem-ico
2527 4116 2603 4181 de
2649 4117 2878 4182 Bilant
2916 4121 3214 4182 canonico
3245 4120 3531 4183 ecclesiae
3561 4118 3926 4201 Zeflicensis

1068 4227 1402 4309 conferant
1469 4228 1767 4290 canonica
1778 4233 1909 4289 tum
1978 4231 2037 4288 et
2098 4223 2527 4308 praebendam
2597 4245 2737 4287 cum
2803 4224 3048 4306 ferculo
3112 4226 3399 4290 ecclesiae
3459 4226 3844 4291 Xanctensis
3871 4226 3926 4310 1)

1080 4335 1293 4399 Colon.
1366 4335 1596 4412 dioec.;
1669 4332 1818 4397 haec
1888 4334 2051 4395 enim
2122 4329 2416 4412 beneficia
2479 4332 2592 4415 qui
2652 4332 2956 4414 retineat,
3020 4330 3172 4418 Mys
3237 4331 3458 4417 Petri,
3521 4354 3598 4397 eo:
3641 4354 3709 4398 eo
3754 4332 3928 4419 qnod

1077 4442 1341 4526 „iniquo
1420 4440 1731 4505 seductus
1807 4438 2042 4524 spiritu
2112 4437 2390 4501 condam
2460 4437 2505 4503 J
2509 4437 2834 4502 ohannem
2906 4438 3226 4503 Oalthohf
3287 4440 3675 4505 canonicum
3746 4439 3925 4504 dicte

1073 4548 1346 4613 ecclesie
1393 4547 1462 4611 in
1511 4545 1763 4610 ambitu
1809 4546 2014 4630 ipsius
2064 4543 2342 4608 ecclesie
2390 4544 2767 4609 temeritate
2812 4545 3079 4631 propria
3126 4592 3143 4610 .
3171 4592 3188 4610 .
3220 4594 3235 4609 .
3264 4594 3281 4610 .
3329 4545 3790 4628 interfecerat,
3853 4566 3926 4609 se

1067 4657 1263 4741 plane
1311 4652 1598 4718 reddidit
1641 4650 2055 4737 indignum.”

1066 4839 1450 4906 Venerabili
1512 4838 1698 4903 fratri
1761 4837 2068 4923 episcopo
2134 4835 2545 4920 Trajeotensi
2610 4855 2686 4899 ao
2734 4833 2990 4899 dilectis
3040 4835 3191 4900 filiis
3238 4835 3615 4900 Westfrisie
3663 4836 3928 4921 Trajeo-

847 4948 1050 5013 tensis
1098 4969 1174 5014 ao
1221 4946 1598 5013 Zeflioensis
1645 4943 2056 5010 Coloniensis
2106 4942 2464 5006 diocesium
2512 4942 2933 5006 ecelesiarum
2980 4942 3331 5028 prepositis
3379 4942 3660 5006 salutem
3706 4948 3817 5006 etc.

1071 5053 1455 5140 Apostolice
1518 5050 1713 5116 sedis.
1742 5099 1758 5115 .
1788 5097 1803 5113 .
1832 5096 1850 5114 .
1920 5049 2073 5114 Dat.
2139 5047 2316 5134 apud
2377 5048 2860 5112 villamnovam
2922 5055 3071 5130 etc„
3136 5048 3236 5113 VI
3288 5048 3401 5114 Kl.
3451 5048 3647 5132 Medi,
3710 5047 3929 5133 ponti-

847 5162 1080 5227 ficatus
1126 5160 1334 5227 nostri
1380 5180 1553 5224 anno
1602 5163 1859 5245 quarto.

1266 5297 1391 5359 περ.
1426 5298 1528 5346 nv.
1567 5297 1620 5343 T.
1656 5292 1749 5357 22,
1776 5296 1837 5356 s.
1874 5290 1987 5342 706.

1000 5426 1058 5491 1)
1092 5424 1263 5476 Codex
1299 5424 1483 5474 habet:
1522 5421 1850 5472 Senotensis,
