4450 6684
799 432 932 497 398
1957 440 2179 507 Innnx
2233 442 2725 510 Pnnsonmun.

883 652 1031 728 944,
1091 653 1441 733 947-949,
1498 656 1642 734 953,
1699 660 2048 740 959-962,
2102 662 2251 735 965,

883 761 1033 838 971,
1078 762 1216 839 977,
1261 765 1408 841 982,
1450 767 1651 844 (899),
1680 769 1884 847 (978),
1912 772 2072 851 App.
2100 773 2250 832 II—

880 868 961 947 V,
1018 872 1140 931 Int.
1198 872 1319 952 IX,
1375 875 1518 954 XX,
1560 877 1772 937 XXVI
1813 898 1966 958 seq„
2008 881 2255 943 XXXII

883 998 1039 1058 seq„
1102 981 1248 1042 XLI
1303 1003 1457 1062 seq„
1511 987 1712 1066 XLV,
1766 989 2043 1050 XLVIII
2097 1010 2252 1071 seq„

882 1092 1079 1170 LXX,
1121 1093 1416 1173 LXXIV,
1456 1097 1738 1159 LXXIX.

804 1198 847 1258 J
859 1200 1181 1261 ohannes
1237 1202 1611 1266 Gualterotti
1664 1214 1964 1270 mereator
2003 1211 2256 1273 Floren-

882 1310 1050 1369 tinus
1093 1313 1239 1388 432,
1284 1315 1419 1375 856.

809 1451 884 1463 —
929 1438 1128 1480 comes
1157 1421 1191 1479 I
1217 1421 1380 1483 Holl.
1412 1430 1528 1485 eto.
1558 1426 1704 1503 4563
1731 1446 1929 1489 comos
1958 1429 2027 1488 11
2057 1433 2258 1491 445-

885 1528 1036 1606 450,
1079 1531 1223 1608 516,
1277 1532 1397 1592 Int.
1440 1534 1655 1613 XXII,
1698 1537 2000 1616 XLVIII,
2043 1541 2254 1619 LVII,

882 1638 1106 1700 LXXL

807 1782 881 1792 —
927 1749 1128 1811 dietus
1171 1751 1462 1815 Pluorose
1502 1756 1646 1816 cler.
1689 1758 1827 1819 435.

801 1893 886 1904 —
928 1860 1108 1919 Pauli
1149 1863 1376 1923 Astalli
1424 1871 1719 1927 mereator
1760 1867 2066 1930 Romanus
2109 1871 2255 1948 438,

888 1971 1026 2032 439.

813 2113 886 2124 -
931 2082 1007 2141 de
1048 2083 1319 2145 Bononia
1358 2087 1494 2146 443.

815 2224 887 2235 —
933 2192 1010 2252 do
1051 2192 1369 2253 Bosiohem
1411 2197 1674 2274 armiger
1716 2200 1853 2257 481.

813 2333 887 2344 -
947 2300 1148 2363 dietus
1200 2303 1530 2382 Presbyter
1584 2306 1866 2385 Longus,
1920 2326 2050 2368 ean.
2110 2310 2258 2369 Tul·

893 2412 1078 2470 lenuis
1121 2414 1267 2490 484,
1312 2415 1450 2474 485.

812 2553 886 2563 -
947 2521 1022 2580 de
1062 2520 1353 2584 Flandria
1401 2544 1597 2586 eomes
1638 2526 2067 2589 Namareeusis
2110 2531 2256 2607 498,

890 2634 1027 2694 499.

812 2776 885 2787 -
931 2744 1005 2802 de
1042 2741 1263 2805 Sancto
1291 2745 1625 2806 Lam-ennio
1654 2766 1816 2825 proc.
1844 2748 1909 2806 in
1937 2750 2108 2809 ouria
2136 2752 2256 2810 500

892 2852 1116 2930 —502,
1158 2854 1280 2915 Int.
1324 2856 1571 2916 LXXV.

812 2995 885 3004 —
929 2962 1005 3022 de
1045 2962 1445 3042 westerborg
1485 2983 1616 3027 ean.
1662 2965 1825 3044 Traj.
1869 2972 1933 3027 et
1975 2967 2035 3029 S.
2076 2969 2255 3029 Pauli

887 3071 1069 3132 Leod.
1114 3073 1252 3132 525.

812 3212 884 3221 -
930 3180 1003 3239 de
1043 3178 1336 3241 Celandia
1376 3182 1519 3242 olor.
1564 3184 1700 3242 534.

811 3321 884 3330 —
930 3287 1004 3346 de
1045 3288 1418 3350 Bellemonte
1461 3290 1648 3350 frater
1676 3293 1991 3353 wilhelmi
2020 3295 2123 3354 ΙΙΙ
2156 3316 2255 3357 oo-

887 3397 1055 3456 mitis
1094 3398 1258 3458 Holl.
1302 3400 1436 3458 531.

812 3538 883 3549 —
930 3505 1005 3564 de
1045 3506 1515 3568 Vaulkenboroh
1555 3527 1683 3569 ean.
1731 3510 1896 3588 Traj.
1939 3512 2076 3572 532.

809 3648 882 3658 -
919 3620 1100 3675 uatus
1122 3615 1165 3675 J
1167 3615 1417 3676 ohannis
1439 3615 1767 3679 Giselberti
1795 3638 1925 3681 can.
1947 3623 2006 3682 b.
2024 3622 2253 3684 Mariae

886 3724 1051 3801 Traj.
1096 3726 1231 3785 532.

809 3867 881 3877 —
927 3834 1002 3894 de
1041 3833 1353 3895 Florentia
1394 3837 1530 3896 549.

806 3977 879 3987 -
924 3944 998 4003 de
1039 3944 1348 4004 Dordraoo
1387 3963 1518 4005 ean.
1558 3946 1618 4005 S.
1649 3945 1811 4008 Salv.
1845 3948 2039 4027 Traj.‚
2084 3970 2245 4030 proc.

881 4053 945 4110 in
986 4053 1153 4112 ouria
1195 4055 1339 4130 552,
1382 4054 1502 4113 Int.
1545 4055 1791 4116 LXXV.

806 4194 878 4204 —
926 4161 999 4220 de
1040 4161 1372 4221 Niuenhim
1414 4181 1575 4240 proc.
1618 4164 1681 4222 in
1723 4165 1894 4225 ouria
1935 4168 2080 4245 565,
2124 4169 2245 4230 Int.

881 4269 1129 4329 LXXV.

801 4412 875 4422 —
919 4378 1127 4438 (hand
1166 4380 1397 4457 archip.
1441 4380 1784 4441 Bremensis
1828 4386 1964 4444 571.

802 4522 876 4532 -
921 4507 1119 4549 comes
1160 4489 1235 4548 de
1276 4489 1597 4550 Boutheim
1638 4493 1776 4551 591.

799 4630 881 4641 -
915 4596 1112 4658 dictus
1136 4597 1415 4658 Grawart
1442 4603 1621 4659 natus
1645 4600 1687 4660 J
1689 4602 1944 4663 ohannis
1965 4604 2247 4667 Grawart

878 4706 1244 4783 (Grawaert)
1287 4725 1416 4767 ean.
1461 4713 1522 4767 et
1563 4709 1719 4769 thes.
1766 4711 1826 4772 S.
1871 4713 2032 4774 Salv.
2079 4716 2244 4793 Traj.

880 4816 1023 4892 596,
1068 4817 1214 4892 989,
1263 4819 1444 4892 1244,
1492 4820 1662 4880 1888.

802 4958 875 4968 -
919 4926 994 4984 de
1034 4925 1282 4985 Vreuke
1322 4945 1452 4986 ean.
1501 4926 1560 4985 S.
1606 4927 1766 4989 Salv.
1819 4930 1982 5008 Traj.
2027 4934 2164 4992 596.

802 5068 873 5077 -
919 5033 994 5092 de
1036 5033 1195 5093 Pinu
1235 5034 1491 5095 nuncius
1533 5054 1628 5114 ap.
1674 5039 1823 5113 598,
1867 5041 1986 5101 Ine.
2031 5043 2228 5104 LXII.

801 5176 873 5185 —-
932 5143 1058 5202 dux
1120 5143 1225 5202 III
1285 5144 1647 5206 Brabantiae
1709 5153 1822 5209 eto.
1888 5151 2032 5228 598,
2098 5154 2244 5230 625,

879 5251 1025 5328 849,
1069 5252 1418 5331 897-899,
1450 5255 1594 5333 980,
1628 5258 1811 5335 1088,
1845 5261 2027 5337 1220,
2061 5263 2244 5340 1248,

879 5361 1076 5439 (899),
1118 5362 1240 5421 Int.
1283 5364 1469 5423 XXII
1510 5383 1663 5444 seq„
1706 5369 1903 5428 XXV.

801 5502 874 5563 -.
931 5470 1007 5528 de
1061 5470 1460 5551 Bosmeheym
1521 5475 1674 5536 dom.
1734 5477 1808 5537 de
1863 5478 2245 5541 Oulenboroh

880 5578 1015 5639 603.

2434 663 2476 723 J
2487 664 2814 727 ohannen
2855 667 2931 728 do
2972 668 3340 729 Bronohorst
3383 688 3590 749 praep.
3625 670 3685 732 S.
3715 672 3884 733 Salv.

2514 780 2576 835 et
2617 793 2749 835 mn.
2794 775 2853 835 8.
2897 777 3145 837 Martini
3184 778 3349 856 Traj.
3378 781 3526 857 610,
3557 783 3698 860 740,
3733 783 3876 859 845,

2515 884 2663 961 977,
2713 886 2897 963 1184,
2937 887 3060 948 Int.
3100 888 3249 965 XX,
3290 890 3498 951 XXXI
3540 910 3667 969 seq.

2436 1028 2509 1039 -
2568 994 2645 1055 de
2705 997 3095 1058 Bertinoourt
3156 1000 3371 1079 capell.
3431 999 3881 1061 Cameracensis

2513 1105 2652 1164 620.

2436 1248 2511 1259 -
2555 1215 2631 1274 de
2670 1215 2836 1275 Lede
2875 1233 3006 1276 ean.
3049 1217 3202 1277 Dav.
3246 1219 3383 1278 622.

2438 1359 2512 1369 -
2571 1326 2647 1385 de
2703 1325 2904 1403 Troye
2956 1344 3088 1386 ean.
3146 1325 3205 1385 8.
3264 1326 3429 1387 Salv.
3484 1333 3548 1388 et
3603 1326 3664 1387 8.
3712 1329 3896 1388 Petri·

2518 1434 2682 1512 Traj.
2724 1436 2870 1511 626,
2913 1437 3050 1495 644.

2439 1579 2512 1590 -
2558 1545 2840 1623 princeps
2881 1545 3171 1622 thayae
3212 1546 3350 1605 627.

2440 1687 2514 1698 -
2573 1654 2828 1715 Henriei
2890 1654 3039 1715 dieti
3095 1654 3299 1714 Juden
3355 1673 3485 1715 ean.
3541 1656 3598 1715 b.
3655 1656 3880 1715 Mariae

2517 1764 2682 1841 Traj.
2725 1765 2863 1824 646.

2436 1906 2519 1919 -
2559 1874 2760 1933 dietus
2802 1874 2861 1933 le
2902 1873 3168 1933 Bouleur
3210 1873 3285 1933 de
3324 1872 3624 1934 Malbodio
3660 1891 3788 1933 ean.
3818 1873 3879 1933 S.

2519 1984 2690 2044 Petri
2734 1982 2898 2060 Traj.
2943 1984 3080 2043 653.

2439 2128 2513 2138 -
2555 2093 2630 2154 de
2671 2092 2893 2153 Brinno
2934 2109 3063 2152 ean.
3107 2092 3259 2151 Dav.
3303 2092 3439 2150 661.

2440 2238 2514 2249 —
2559 2203 2634 2264 de
2675 2203 2860 2262 Baelo
2902 2201 3102 2261 dictus
3144 2201 3220 2260 de
3261 2200 3436 2259 Paris
3463 2218 3595 2260 ean.
3625 2199 3686 2259 S.
3717 2198 3874 2260 Salv.

2520 2313 2714 2388 Traj„
2756 2315 2956 2372 rector
2996 2310 3143 2370 eccl.
3185 2309 3262 2369 de
3301 2310 3502 2387 Wijhe
3543 2310 3680 2369 665.

2440 2457 2514 2468 -
2561 2422 2760 2482 dietus
2800 2421 2945 2480 Bols
2986 2438 3118 2479 ean.
3164 2417 3225 2478 S.
3266 2418 3494 2478 Mariae
3537 2417 3700 2495 Traj.
3744 2418 3876 2476 674.

2441 2566 2514 2577 -
2575 2530 2821 2591 Get-laci
2882 2530 2958 2590 do
3017 2529 3335 2606 Dozeborg
3395 2546 3526 2588 ean.
3588 2526 3877 2587 Oldenza·

2516 2641 2727 2717 lensio,
2770 2645 2969 2700 rector
3010 2638 3156 2698 eccl.
3199 2637 3265 2696 in
3304 2637 3589 2697 Hummel
3633 2637 3766 2695 712.

2439 2786 2511 2796 -
2552 2749 2750 2811 dictus
2774 2748 3160 2809 Pasehedaoh
3181 2748 3325 2807 cler.
3349 2747 3671 2806 Menanter.
3691 2744 3874 2805 dioec.

2518 2862 2652 2921 724.

2440 3003 2512 3016 -
2559 2970 2760 3030 dietus
2795 2968 2986 3044 Seaep
3014 2967 3157 3026 cler.
3186 2965 3382 3025 benef.
3410 2983 3448 3024 a
3489 2981 3621 3041 oap.
3652 2961 3712 3024 S.
3740 2962 3873 3021 Joh.

2518 3079 2683 3157 Traj.
2728 3078 2865 3138 735.

2438 3224 2513 3235 -
2555 3190 2632 3249 de
2659 3188 2980 3264 Doesburg
3008 3203 3138 3245 ean.
3170 3181 3635 3260 Sutphaniensis
3663 3186 3726 3241 et
3751 3198 3872 3240 reo·

2517 3304 2613 3357 tor
2655 3297 2800 3357 eccl.
2844 3296 2919 3355 de
2959 3295 3123 3353 Meet
3163 3293 3306 3369 753,
3339 3293 3488 3369 763,
3521 3292 3666 3367 788,
3693 3291 3872 3365 (753).

2438 3442 2509 3451 -
2570 3407 2645 3467 de
2707 3404 3054 3465 Prinzlavia
3113 3420 3304 3481 mag„
3367 3420 3497 3461 ean.
3553 3401 3612 3460 b.
3653 3399 3872 3459 Mariae

2517 3517 2711 3593 Traj„
2741 3516 2894 3575 Dav.
2924 3518 2988 3574 et
3015 3511 3513 3590 Zutphaniensis,
3542 3509 3668 3570 deo.
3697 3508 3871 3583 Dav„

2515 3631 2712 3686 rector
2776 3624 2921 3684 ecel.
2988 3623 3063 3682 de
3126 3619 3473 3698 Noordwyk
3530 3620 3676 3696 754,
3733 3619 3873 3691 838,

2513 3737 2661 3811 861,
2708 3733 2882 3793 1195.

2434 3878 2509 3891 -
2554 3844 2754 3904 dictus
2794 3842 3040 3903 Moliart
3081 3859 3210 3901 ean.
3243 3839 3435 3916 Traj„
3469 3838 3873 3916 zutphanien·

2511 3954 2594 4013 sis
2658 3959 2720 4013 et
2783 3949 3294 4030 LympurgensiS,
3349 3953 3549 4009 rector
3604 3947 3749 4007 eccl.
3802 3946 3874 4004 de

2512 4062 2681 4139 Tun,
2725 4079 2888 4138 proc.
2931 4061 2996 4118 in
3024 4059 3222 4135 ouria,
3250 4056 3703 4116 matricularius
3730 4055 3873 4115 0001.

2509 4171 2584 4231 ‹10
2625 4171 2873 4231 Landen
2911 4174 2975 4229 et
3003 4169 3078 4228 de
3105 4168 3487 4242 Wacnmont,
3517 4165 3734 4224 deinde
3760 4165 3872 4223 vio.

2509 4282 2566 4341 b.
2608 4279 2837 4339 Mariae
2880 4278 3046 4354 Traj.
3090 4277 3225 4352 757,
3270 4275 3419 4351 798,
3467 4274 3651 4350 1544,
3690 4275 3872 4349 1562,

2512 4391 2696 4465 1563,
2763 4388 2947 4464 1565,
3016 4387 3199 4462 1568,
3267 4386 3452 4462 1636,
3512 4384 3698 4459 1648,
3753 4382 3872 4441 Int.

2497 4498 2756 4571 LXXV.

2429 4643 2503 4653 —
2563 4608 2637 4667 de
2691 4607 2865 4666 Palle
2920 4606 3050 4666 dee.
3105 4602 3540 4678 Embrieensis,
3597 4619 3760 4679 proe.
3809 4600 3876 4658 in

2508 4717 2679 4777 ouria
2722 4718 2867 4792 781,
2910 4716 3031 4774 1nt.
3076 4713 3325 4773 LXXV.

2429 4860 2503 4870 —
2564 4826 2638 4886 de
2692 4826 2880 4886 cleve
2936 4823 3182 4899 (olivis)
3236 4825 3489 4883 vocatus
3531 4820 3743 4879 etiam:
3800 4819 3874 4877 de

2504 4936 2748 5010 Banna,
2786 4935 2912 4994 deo.
2951 4931 3319 5008 Bunnensis,
3357 4949 3488 4992 can.
3519 4929 3712 5006 Traj„
3741 4947 3870 5005 cap.

2506 5049 2570 5104 et
2625 5045 2762 5104 coll.
2817 5042 3051 5122 papalis
3107 5043 3255 5118 784,
3304 5042 3452 5118 829,
3493 5041 3642 5116 842,
3687 5039 3870 5113 1231,

2508 5154 2628 5212 Int.
2673 5152 2966 5212 LXVIII.

2429 5297 2501 5307 —
2562 5263 2637 5322 de
2677 5262 3053 5340 Wartbergh
3102 5262 3245 5322 cler.
3287 5261 3610 5320 Menanter.
3654 5256 3899 5332 dinem,

2504 5371 2700 5431 benef.
2743 5391 2780 5430 a
2824 5390 2953 5449 cap.
2998 5369 3421 5430 Oldenzalonsi
3466 5369 3602 5428 797.

2427 5513 2501 5524 -
2546 5480 2621 5540 de
2660 5480 2906 5558 Alphen
2947 5498 3079 5539 ean.
3110 5478 3167 5539 S.
3196 5478 3425 5538 Mariae
3454 5476 3646 5553 Traj„
3676 5473 3869 5536 benef.

2504 5591 2582 5650 ab
2625 5608 2719 5668 ep.
2765 5588 2929 5666 Traj.
2973 5589 3110 5648 806.
