4450 6684
1866 536 2270 601 Gumonms
2314 533 2436 599 XI.
3557 535 3694 598 273

852 759 1119 825 Sincere
1167 756 1555 822 devotionis.
1584 804 1599 821 .
1630 805 1644 820 .
1672 804 1691 821 .
1736 755 1892 822 Dat.
1939 754 2309 836 Avinione‚
2356 754 2460 819 III
2507 755 2619 822 Kl.
2669 756 2867 843 Μεῄί,
2915 777 3088 822 anno
3132 755 3389 843 quinto.

1044 891 1167 954 Ray.
1200 892 1300 940 Aa.
1336 892 1379 940 A
1425 892 1479 940 T.
1513 890 1604 952 2⁴,
1630 891 1694 952 f.
1727 888 1873 950 516=;
1911 890 1950 938 Β
1997 891 2050 939 Τ.
2085 889 2174 951 25,
2198 890 2261 953 s.
2297 888 2405 940 87⁹.

778 1019 831 1083 1)
867 1017 1165 1070 Hontfoort.

626 1360 823 1428 2222.
1513 1364 1722 1446 1375,
1769 1362 1940 1444 Maji
1983 1362 2102 1442 14,
2149 1382 2256 1447 ap.
2320 1361 2806 1426 Villamnovam.

936 1515 1205 1581 Nicolao
1263 1524 1415 1581 nato
1479 1517 1738 1582 Nicolai
1782 1516 2141 1597 Schattere,
2190 1518 2496 1601 maqistro
2543 1518 2614 1580 in
2661 1516 2943 1597 artibus,
2992 1514 3456 1597 confirmantur
3502 1535 3686 1579 cano-

847 1623 1093 1687 nicatus
1139 1629 1199 1686 et
1232 1623 1603 1708 praebenda
1647 1624 1933 1687 ecclesiae
1979 1621 2045 1686 S.
2093 1620 2419 1686 Johannis
2475 1622 2690 1706 Traj.,
2744 1643 2905 1709 quas
2940 1643 3065 1706 per
3095 1621 3332 1686 obitum
3362 1618 3688 1686 Johannis

848 1727 923 1791 de
969 1728 1335 1794 Ambreuile
1377 1737 1669 1794 vacantes
1713 1731 1925 1814 viqore
1970 1731 2412 1793 reservationis
2458 1731 2836 1814 apostolicae
2882 1730 3243 1814 acceptavit.

847 1909 1005 1974 Vite
1053 1932 1128 1975 ac
1178 1931 1450 1975 morum.
1478 1957 1496 1975 .
1525 1958 1541 1975 .
1570 1957 1587 1975 .
1635 1911 1791 1976 Dat.
1840 1908 2014 1996 apud
2046 1910 2530 1977 Villamnovam
2562 1919 2704 1995 etc.,
2751 1912 2821 1977 11
2852 1911 2952 1977 Id.
2985 1911 3175 1996 Maji,
3223 1930 3397 1976 anno
3432 1911 3684 1997 quinto.

1046 2046 1169 2109 Rey.
1207 2046 1302 2094 Ac.
1349 2047 1402 2094 Τ.
1436 2044 1529 2106 25,
1555 2046 1614 2109 s.
1650 2044 1732 2095 98.

611 2514 810 2582 2223.
1487 2517 1665 2581 1375
1685 2564 1701 2597 ,
1750 2517 1922 2599 Maji
1966 2517 2089 2598 24,
2140 2535 2245 2600 ap.
2309 2514 2795 2581 Villamnovam.

924 2671 1255 2736 Herberno
1322 2670 1400 2735 de
1468 2671 1647 2736 Dono
1714 2671 2041 2753 confertur
2113 2670 2521 2734 thesauraria
2537 2718 2555 2751 ,
2626 2672 2698 2734 in
2762 2672 3015 2735 ecclesia
3077 2671 3133 2735 b.
3182 2670 3439 2735 Mariae
3494 2671 3677 2753 Traj.

835 2798 1066 2842 vacans
1115 2799 1241 2863 per
1299 2777 1535 2843 obitum
1601 2777 1884 2842 Gerardi
1937 2777 2015 2842 de
2082 2775 2253 2842 Veno
2298 2784 2358 2841 et
2402 2777 2503 2841 die
2548 2779 2638 2841 25
2684 2777 2848 2842 Nov.
2897 2798 3005 2842 an.
3053 2779 3230 2842 1374
3278 2778 3679 2864 dispositioni

832 2885 996 2949 sedis
1040 2887 1420 2971 apostolicae
1463 2893 1804 2950 reservata.
1858 2923 1939 2933 —
1991 2884 2409 2969 Deputantur
2453 2892 2824 2950 executores.

834 3068 992 3134 Vite
1039 3089 1115 3134 ao
1161 3089 1433 3133 morum.
1462 3116 1477 3133 .
1507 3115 1523 3132 .
1551 3114 1568 3131 .
1617 3068 1769 3134 Non
1816 3067 2233 3134 obstantibus
2282 3116 2298 3132 .
2328 3116 2343 3133 .
2372 3115 2388 3132 .
2417 3116 2433 3132 .
2483 3067 2658 3155 quod
2704 3069 2774 3134 in
2807 3067 3039 3135 eadem
3071 3074 3139 3134 ot
3172 3069 3348 3134 beati
3380 3069 3664 3135 Lebuini

612 3173 1077 3240 Daventriensi
1144 3175 1587 3260 Trajeotensis
1659 3175 1934 3240 diocesis
1974 3175 2298 3240 'ecclesiis
2360 3176 2784 3241 canonicatus
2845 3181 2914 3241 et
2960 3174 3330 3262 prebendas
3379 3177 3667 3242 nosceris

594 3281 933 3348 obtinere.
962 3330 978 3346 .
1007 3328 1023 3345 .
1054 3330 1068 3346 .
1117 3281 1271 3348 Dat.
1320 3281 1493 3368 apud
1539 3282 2023 3348 Villamnovam
2069 3287 2162 3346 etc
2201 3330 2219 3365 ,
2269 3281 2476 3347 VIIII
2521 3281 2632 3347 Kl.
2680 3280 2902 3366 Junii,
2951 3302 3125 3347 anno
3174 3282 3429 3369 quinto.

1030 3417 1158 3480 Ray.
1190 3418 1289 3467 Αυ.
1332 3419 1388 3468 Τ.
1421 3416 1513 3480 27,
1537 3418 1596 3481 s.
1634 3416 1749 3467 137.

609 3884 808 3954 2224.
1488 3887 1703 3970 1375,
1753 3886 1924 3969 Maji
1965 3888 2085 3970 27,
2134 3907 2240 3972 ap.
2303 3885 2790 3952 Villamnovam.

919 4039 1001 4106 H
996 4039 1252 4105 erberno
1297 4040 1374 4104 de
1421 4039 1600 4106 Donc
1645 4042 1932 4105 ecclesiae
1964 4041 2441 4106 Daventriensis
2473 4044 2769 4105 canonico
2788 4040 3220 4126 praebendato
3251 4040 3678 4123 confirmatur
3783 4129 3786 4130 ⁷

836 4146 1241 4212 thesauraria
1271 4148 1557 4211 ecclesiae
1587 4146 1643 4211 b.
1678 4146 1933 4211 Mariae
1972 4145 2155 4230 Traj.
2170 4196 2187 4227 ,
2232 4149 2595 4231 nuperrime
2624 4148 2780 4232 ipsi,
2813 4168 2953 4211 cum
2970 4167 3096 4231 per
3126 4146 3363 4210 obitum
3401 4146 3683 4211 Gerardi

832 4253 907 4317 de
966 4253 1136 4318 Veno
1197 4260 1511 4335 vacasset,
1575 4253 1653 4317 ab
1706 4254 2053 4338 apostolica
2100 4252 2241 4317 sede
2286 4253 2557 4335 collata,
2605 4273 2733 4317 non
2777 4253 3095 4334 obstante,
3146 4252 3316 4337 quod
3361 4256 3428 4317 in
3481 4254 3682 4317 literis

831 4360 1188 4425 collationis
1233 4380 1594 4444 expressum
1640 4381 1767 4424 non
1808 4360 2041 4443 fuerit,
2083 4358 2161 4423 de
2201 4359 2609 4423 thesauraria
2638 4359 2956 4444 praefata
2991 4358 3355 4423 Gerardum
3388 4359 3463 4423 de
3507 4358 3682 4423 Veno

829 4474 888 4532 et
937 4465 1299 4531 Get-ardum
1361 4464 1617 4551 Wi(t)te
1650 4465 2094 4551 presbyterum
2148 4465 2329 4548 Traj.
2379 4465 2568 4531 dioec.
2618 4468 2688 4530 in
2734 4468 2919 4530 curia
2969 4466 3269 4550 litiqasse.

832 4648 1223 4715 Laudabilia
1267 4649 1634 4736 probitati&
1662 4696 1680 4714 .
1711 4697 1726 4713 .
1756 4697 1770 4711 .
1818 4648 1971 4714 Dat.
2021 4648 2195 4736 apud
2240 4648 2727 4715 Villamnovam
2769 4657 2911 4732 etc.,
2959 4646 3060 4713 VI
3089 4646 3200 4713 Kl.
3236 4647 3279 4712 J
3285 4647 3452 4730 unii,
3502 4667 3679 4712 anno

612 4758 862 4843 quinto.

1024 4843 1151 4907 Bey.
1186 4844 1285 4894 Αυ.
1328 4845 1382 4892 Τ.
1417 4842 1507 4906 23,
1533 4845 1596 4907 f.
1630 4842 1769 4893 374v.

606 5308 805 5377 2225.
1501 5313 1711 5394 1375,
1762 5312 1955 5376 Junii
1999 5312 2073 5393 1,
2122 5331 2227 5395 ap.
2293 5309 2779 5373 Villamnovam.

921 5466 1176 5530 Decano
1238 5467 1525 5530 ecclesiae
1587 5466 1654 5529 S.
1697 5420 1913 5530 'Petri
1980 5463 2047 5526 M
2050 5462 2550 5547 iddelburyensis
2609 5460 2958 5524 mandatur
2974 5508 2991 5541 ,
3047 5466 3121 5523 ut
3164 5456 3224 5521 J
3219 5456 3463 5520 ohanni
3508 5454 3586 5518 H
3580 5475 3682 5519 oec

830 5574 1134 5656 mayistro
1203 5574 1272 5636 in
1333 5572 1581 5637 artibus
1645 5580 1705 5636 et
1755 5574 1825 5636 in
1870 5571 2181 5654 facultate
2226 5568 2617 5632 decretorum
2662 5565 2943 5630 studenti
2976 5564 3312 5650 provideri
3356 5563 3562 5645 faciat
3605 5561 3681 5625 de

832 5678 1118 5760 beneficio
1165 5679 1540 5761 conferendo
1584 5679 1666 5743 ab
1706 5678 1925 5742 abbate
1953 5684 2012 5741 et
2042 5682 2343 5740 conventu
2375 5673 2744 5738 monasterii
2775 5670 2843 5735 S.
2883 5671 3070 5735 Petri
3100 5669 3679 5752 Middelburyensis

826 5813 915 5872 ΙΙ.
3376 5804 3453 5862 35
