4450 6684
1880 569 2367 635 Ismenus-rm.
3469 583 3654 632 xxm

602 784 1071 849 contrahendis
1140 790 1404 870 pactum
1477 786 1786 852 inierunt.
1882 787 2011 852 Sed
2086 785 2673 871 consanguinitatis
2748 789 2816 852 in
2881 788 3075 853 tertio
3140 785 3346 873 gradu
3395 783 3651 850 obstitit

606 889 1145 975 impedimentum
1164 937 1181 972 ,
1232 910 1428 976 super
1472 911 1631 976 quo:

831 993 961 1059 An.
1025 996 1195 1060 1323
1243 1016 1391 1063 cum
1438 995 1669 1061 eodem
1717 995 2075 1062 Wilhelmo
2125 1003 2191 1061 et
2242 996 2546 1064 Johanua
2595 1004 2750 1062 nata
2796 995 3114 1084 praedicti
3162 995 3344 1060 ducis
3392 995 3652 1081 dispen-

600 1102 820 1162 satum
881 1103 983 1163 est
1038 1098 1244 1181 (num.
1295 1100 1490 1182 625);
1553 1100 1685 1185 qui·
1730 1100 1939 1180 „circa
1986 1100 2350 1186 Pontia(ni)
2399 1101 2681 1167 festum'’
2730 1122 2834 1167 an.
2891 1103 3056 1166 1331
3109 1121 3336 1165 revera
3384 1099 3650 1185 nuptias

610 1200 1022 1266 celebrarunt
1051 1202 1123 1285 ¹).

832 1305 962 1371 An.
1021 1307 1186 1371 1327
1221 1327 1337 1392 pro
1371 1306 1678 1372 Eduardo
1710 1328 1865 1393 rege
1897 1308 2001 1372 III
2032 1309 2316 1395 Angliae
2350 1315 2418 1374 et
2450 1309 2757 1396 Philippa
2779 1311 2834 1393 52)
2884 1308 3225 1374 Wilhelmi
3256 1308 3363 1374 III
3394 1308 3649 1374 comitis

610 1408 746 1474 filia
792 1411 996 1493 (num.
1050 1411 1242 1494 725);
1306 1410 1418 1496 qui
1465 1411 1570 1476 die
1624 1413 1703 1475 13
1755 1410 2137 1478 Decembris
2186 1412 2482 1498 ejusdem
2531 1414 2688 1479 anni
2733 1413 3218 1479 matrimonium
3267 1414 3558 1478 inierunt
3580 1412 3656 1498 3).

838 1516 967 1580 An.
1038 1517 1208 1580 1328
1271 1538 1387 1603 pro
1448 1517 1822 1604 Margareta
1881 1519 1986 1584 vel
2051 1518 2356 1585 Mathildi
2419 1520 2523 1584 vel
2582 1518 2865 1583 Isabella
2910 1517 3241 1605 Reynaldi
3288 1517 3358 1582 II
3406 1517 3661 1582 comitis

613 1618 950 1685 Gelrensis
997 1619 1255 1686 filiabus
1296 1641 1442 1685 cum
1478 1621 1759 1707 quodam
1792 1622 1998 1686 nobili
2028 1624 2515 1708 consanguineo
2549 1628 2664 1687 aut
2694 1621 2874 1687 affini
2908 1626 3114 1707 (num.
3151 1624 3336 1707 759);
3386 1643 3661 1708 quarum

617 1723 823 1810 prima
871 1722 1162 1789 Gerardo
1210 1725 1647 1811 primogenito
1695 1725 2035 1791 Wilhelmi
2082 1726 2338 1791 comitis
2385 1725 2780 1792 Juliacensis
2828 1749 2933 1792 an.
2989 1727 3159 1793 1333
3210 1746 3483 1813 sponsa,
3546 1725 3661 1792 sed

617 1832 770 1893 ante
816 1828 1080 1914 nuptias
1127 1829 1488 1894 celebratas
1536 1834 1796 1895 mortua
1842 1836 1972 1914 est,
2021 1830 2310 1896 secunda
2356 1830 2712 1896 Godefrido
2745 1830 3133 1896 Theoderici
3170 1829 3253 1895 de
3286 1830 3662 1915 Heinsberg

614 1930 749 1996 filio
822 1932 991 1997 circa
1059 1954 1163 1998 an.
1244 1935 1413 1998 1338
1485 1940 1726 2020 nupta,
1794 1934 1988 1999 tertia
2049 1934 2332 2021 denique
2398 1935 2729 2001 abbatissa
2791 1936 2860 2000 in
2920 1936 2971 2000 ’s
2998 1935 3414 2003 Gravendaal
3459 1935 3658 1999 fuisse

620 2033 895 2100 traditur
919 2037 995 2120 4).

838 2140 968 2206 An.
1051 2141 1219 2205 1347
1291 2163 1409 2230 pro
1478 2141 1824 2229 Reynaldo
1892 2142 1999 2209 III
2062 2143 2227 2208 duce
2292 2144 2552 2208 Gelriae
2616 2151 2683 2208 et
2728 2144 2937 2209 Maria
2983 2150 3139 2207 nata
3184 2141 3507 2209 Johannis
3558 2141 3666 2207 111

618 2243 803 2309 ducis
870 2245 1268 2311 Brabantiae
1339 2249 1544 2331 (num.
1615 2249 1846 2333 1220);
1917 2247 2091 2313 inter
2160 2269 2323 2334 quos
2396 2248 2546 2313 Kal.
2615 2248 2811 2315 Juliis
2874 2249 3171 2334 proxime
3235 2246 3661 2333 sequentibus

622 2349 892 2435 nuptiae
940 2350 1306 2417 celebratae
1355 2356 1509 2416 sunt
1534 2354 1609 2435 5).

846 2453 1244 2542 Plerumque
1293 2457 1458 2521 tales
1504 2478 1651 2521 cum
1698 2457 2100 2543 principibus
2147 2477 2344 2543 super
2382 2456 2866 2543 impedimentis
2910 2456 3495 2523 matrimonialibus
3540 2455 3668 2519 dis-

624 2559 1043 2644 pensationes
1112 2560 1509 2646 reipublicae
1581 2581 1778 2626 causa
1840 2562 1996 2647 quin
2060 2568 2443 2648 peterentur
2491 2568 2559 2627 et
2605 2562 3150 2645 concederentur,
3224 2561 3508 2626 dubitari
3555 2561 3670 2623 vix

626 2665 862 2747 potest.
936 2662 1125 2738 Quod
1172 2665 1240 2729 in
1290 2664 1585 2751 supplica
1628 2665 1752 2729 hoc
1799 2666 1935 2730 fere
1980 2665 2175 2731 modo
2224 2666 2507 2752 exprimi
2554 2668 2838 2751 solebat,
2890 2691 2949 2733 v.
2984 2690 3078 2754 gr.
3115 2689 3291 2732 num.
3332 2668 3491 2730 361:
3549 2663 3670 2746 „ad

624 2765 947 2832 sedandas
1011 2789 1243 2854 graves
1305 2790 1571 2855 guerras
1629 2773 1698 2834 et
1743 2770 2140 2856 periculosas
2190 2768 2575 2854 discordias,
2637 2771 2812 2837 inter
2856 2771 3136 2836 barones
3183 2776 3251 2836 et
3297 2769 3550 2835 nobiles
3598 2789 3673 2832 ac

625 2876 966 2956 magnates
1034 2873 1288 2937 illarum
1360 2874 1642 2959 partium
1711 2922 1726 2937 .
1757 2922 1771 2937 .
1802 2922 1817 2937 .
1846 2922 1861 2936 .
1923 2873 2242 2938 hactenus
2316 2875 2693 2958 suscitatas,
2768 2876 3043 2961 cupiunt
3111 2872 3673 2939 matrimonialiter

627 2976 945 3061 copulari,
995 2999 1140 3041 cum
1191 2978 1349 3043 alias
1397 2986 1683 3065 nequeat
1730 3000 1927 3065 super
1973 2979 2099 3042 hiis
2147 2997 2509 3063 congruum
2558 2977 2920 3044 remedium
2969 2985 3104 3042 tam
3153 2977 3233 3043 de
3281 2977 3452 3041 facili
3492 2974 3674 3039 adhi-

626 3078 834 3144 beri.''
927 3080 1324 3166 Hujusmodi
1387 3086 1608 3147 autem
1672 3081 2178 3168 dispensationis
2242 3103 2439 3147 causa
2495 3082 2760 3149 minime
2823 3105 2862 3148 a
2898 3085 3051 3168 jure
3098 3082 3409 3147 canonico
3458 3079 3674 3145 aliena

627 3189 731 3248 est
776 3184 1120 3250 censenda.
1193 3186 1361 3250 Nam
1408 3187 1477 3249 in
1525 3187 1768 3271 causis,
1818 3207 1986 3272 quae
2024 3193 2098 3251 ut
2129 3186 2347 3252 valeat
2381 3186 2780 3275 dispensatio
2814 3189 3265 3275 requiruntur,
3305 3182 3673 3272 jurisperiti

628 3288 855 3374 utique
903 3289 1184 3354 ducunt:
1234 3289 1459 3354 bonum
1492 3293 1699 3375 pacis.
1791 3290 2009 3378 „Apta
2055 3298 2209 3355 sunt
2257 3292 2607 3378 aliquando
2655 3293 3070 3359 matrimonia
3089 3292 3150 3376 ,”
3200 3297 3276 3356 ut
3321 3292 3399 3356 cl.
3449 3296 3674 3356 noster

629 3394 967 3459 canonista
1034 3393 1264 3479 docet,
1342 3396 1617 3482 „quibus
1684 3396 2064 3463 inimicitiae
2138 3396 2489 3479 tollantur,
2557 3398 3099 3484 praeveniantur,
3161 3396 3266 3460 vel
3330 3394 3677 3461 concordia

629 3517 855 3563 recens
916 3501 1303 3567 stabiliatur.
1401 3500 1584 3576 Quae
1632 3503 2198 3586 circumstantiae,
2248 3504 2302 3567 si
2349 3502 2889 3590 impedimentum
2939 3501 3185 3589 nuptiis
3234 3501 3486 3582 obstet,
3538 3520 3673 3563 mo-

631 3603 835 3668 tivum
883 3607 1202 3691 praebent
1248 3606 1516 3693 petendi
1565 3606 2141 3694 dispensationem.
2202 3605 2414 3671 Notus
2462 3612 2562 3672 est
2608 3606 2994 3672 versiculus:
3043 3605 3189 3670 Pax
3229 3610 3305 3669 ut
3346 3609 3671 3684 servetur,

630 3710 1047 3776 moderamen
1088 3711 1255 3796 juris
1304 3711 1730 3795 habetur.''⁰)

854 3815 1059 3881 Porro
1120 3821 1438 3902 quantum
1485 3816 1774 3882 rationes
1822 3816 2043 3881 civiles
2091 3817 2160 3879 in
2209 3815 2450 3880 talibus
2499 3813 3092 3901 dispensationibus
3138 3814 3463 3897 valerent,
3528 3815 3673 3879 luce

630 3918 864 3984 clarius
911 3919 1200 3984 ostendit
1248 3941 1424 3984 num.
1476 3920 1626 3984 409.
1688 3920 1856 3985 Nam
1904 3920 2291 4007 Reynaldus
2338 3920 2371 3984 Ι
2419 3919 2677 3986 Gelriae
2726 3941 2940 3987 comes
2981 3922 3253 4007 ejusque
3296 3920 3671 3986 uxorMar-
3778 3935 3781 3938 ’

630 4030 884 4108 gareta,
924 4024 1033 4110 qui
1067 4029 1334 4110 propter
1366 4044 1623 4089 causam
1659 4046 1855 4110 supra
1885 4024 2158 4090 relatam
2192 4048 2296 4092 an.
2339 4027 2508 4090 1286
2545 4046 2742 4111 super
2772 4026 3339 4110 consanguinitate
3371 4026 3440 4090 in
3473 4027 3669 4092 tertio

632 4128 836 4215 gradu
899 4128 1451 4215 dispensationem
1499 4128 1799 4215 papalem
1847 4129 2271 4194 obtinuerant
2320 4130 2712 4216 nuptiasque
2761 4131 2932 4194 circa
2975 4150 3267 4194 mensem
3315 4130 3589 4195 Junium
3613 4131 3669 4213 7)

626 4233 1067 4316 celebrarant,
1130 4235 1417 4321 quinque
1481 4233 1717 4298 abhinc
1780 4254 1986 4298 annos
2057 4234 2298 4299 iterum
2355 4232 2437 4297 ad
2487 4233 2709 4298 sedem
2755 4240 3171 4299 recurrerunt
3218 4234 3670 4320 apostolicam,

638 4339 830 4425 „quia
875 4359 1005 4402 non
1054 4338 1264 4403 solum
1312 4345 1465 4403 sunt
1512 4360 1628 4425 per
1668 4339 1792 4402 hoc
1825 4338 2074 4424 priores
2105 4338 2446 4401 inimicitie
2481 4358 2611 4402 non
2646 4337 3013 4424 consopite,
3063 4337 3179 4403 sed
3209 4338 3383 4402 inter
3415 4337 3667 4402 nobiles

628 4449 700 4507 et
745 4449 1082 4528 magnates
1128 4442 1386 4507 illarum
1433 4443 1715 4529 partium
1763 4463 1879 4528 per
1924 4442 2048 4506 hoc
2096 4441 2316 4527 potius
2365 4440 2856 4527 augmentate.'’
2930 4441 3341 4529 Quapropter
3388 4441 3470 4506 ad
3518 4462 3671 4506 con-

634 4545 970 4611 scientiam
1030 4552 1211 4611 metu
1258 4545 1661 4611 liberandam
1731 4545 2109 4632 petentibus
2174 4546 2268 4611 eis
2331 4545 2732 4632 dispensatio
2785 4547 2924 4631 jam
2984 4546 3314 4631 impertita
3360 4544 3672 4631 nulloque

635 4648 827 4714 modo
874 4649 1160 4715 invalida
1207 4649 1421 4715 denuo
1471 4649 1827 4736 approbata
1875 4656 1995 4714 est.

632 4887 1121 4896 ——-———.

800 5077 855 5141 1)
891 5078 971 5128 lta
1007 5076 1326 5127 wilhelmus
1362 5076 1678 5126 Procurator
1713 5075 1747 5124 l.
1786 5074 1818 5126 l.
1856 5073 1969 5125 712.

800 5159 855 5222 2)
891 5160 992 5209 Pro
1040 5158 1235 5223 quibus
1281 5157 1390 5221 jam
1435 5171 1617 5207 meuse
1662 5155 1946 5206 Novembri
1994 5171 2079 5206 an.
2127 5153 2261 5205 1319
2309 5170 2397 5206 rex
2449 5154 2666 5221 Angliae
2716 5115 3163 5217 dispensationem
3210 5153 3411 5219 rogavit
3427 5169 3440 5216 ;
3492 5151 3583 5202 cfr.
3632 5167 3683 5205 v.
3773 5142 3782 5150 ⁶

636 5241 813 5291 §lieris
854 5239 1188 5289 Charterboek
1224 5238 1288 5288 11.
1325 5237 1441 5287 224.

800 5319 855 5383 3)
889 5320 1209 5371 wilhelmus
1246 5319 1562 5368 Procurator
1594 5318 1732 5381 apud
1768 5318 1827 5367 A.
1865 5317 2191 5367 Matthaeum
2227 5316 2484 5365 Analecta
2523 5316 2592 5367 11.
2624 5314 2741 5367 669.

800 5402 855 5467 4)
890 5400 992 5452 cfr.
1028 5415 1130 5449 van
1167 5400 1341 5464 Spacu
1379 5399 1635 5463 Inleidiny
1670 5398 1738 5449 11.
1772 5396 2061 5461 259—261;
2100 5397 2304 5463 Nijhoff
2340 5395 2935 5460 Gedenkwaardiylutden
2973 5395 3040 5446 11.
3077 5412 3126 5460 p.
3163 5406 3236 5446 Vl.

800 5483 855 5546 5)
890 5482 1095 5547 Nijhoff
1123 5482 1159 5531 1.
1193 5481 1228 5533 1.
1264 5495 1313 5546 p.
1348 5480 1464 5531 XX.

803 5563 859 5628 ὃ)
908 5564 961 5613 F.
1014 5564 1070 5615 P.
1122 5577 1225 5613 van
1275 5564 1338 5613 de
1391 5562 1559 5629 Burgt
1614 5565 1881 5612 Tmo-tatus
1925 5562 1986 5612 de
2027 5560 2481 5626 dispensationibus
2525 5558 2981 5610 matrimonialibus
3026 5557 3238 5625 (Sylvae
3285 5557 3445 5608 Ducis
3494 5555 3674 5622 (1855)

636 5660 691 5710 p.
723 5642 788 5694 37

793 5682 857 5789 ’7)
896 5724 1005 5775 Van
1043 5724 1216 5789 Spaen
1253 5725 1488 5776 Historie
1525 5724 1565 5775 Ι.
1600 5723 1715 5776 296.
