4450 6684
793 411 929 475 290
2048 412 2450 477 Gnsoonms
2498 412 2617 477 XI.

976 634 1297 700 Provenit
1339 655 1445 701 ex.
1479 684 1495 700 .
1524 684 1540 699 .
1569 683 1585 701 .
1641 637 1794 703 Dat.
1842 636 2190 725 Anagnis,
2238 636 2377 702 XII
2423 636 2532 702 Kl.
2583 636 3024 724 Septembris,
3074 658 3247 703 anno
3296 639 3594 724 septimo.

1220 772 1344 835 Ray.
1379 773 1479 822 Aa.
1522 775 1577 823 r.
1611 773 1703 834 30,
1731 775 1793 838 s,
1827 773 1965 825 4870.

796 1269 1002 1338 2264.
1726 1278 1761 1339 1
1772 1279 1859 1339 37
1868 1279 1935 1358 7,
1987 1275 2367 1360 Septembris
2416 1278 2534 1360 13,
2587 1277 2945 1361 Anaqniae.

1116 1427 1530 1524 Hermonnus
1591 1430 1880 1495 sacerdos
1940 1433 2317 1496 monasterio
2378 1431 2446 1496 S.
2496 1431 2838 1496 Laurentii
2884 1434 2952 1495 in
3003 1431 3343 1497 Oostbroek
3378 1432 3762 1518 praeficitur
3809 1433 3876 1495 in

1022 1534 1322 1599 abbatem,
1376 1573 1457 1584 —
1510 1535 1707 1620 Cujus
1753 1540 2202 1603 nominationis
2240 1539 2502 1623 diversi,
2537 1561 2808 1625 quorum
2841 1541 3129 1624 interest,
3162 1540 3456 1605 certiores
3485 1539 3868 1604 redduntur.

1023 1717 1284 1784 Dilecto
1347 1719 1481 1816 filio
1544 1720 1928 1787 Hermanno
1995 1722 2216 1788 abbati
2281 1724 2663 1790 monasterii
2729 1725 2940 1789 sancti
3001 1725 3352 1790 Laurencii
3416 1724 3487 1787 in
3549 1722 3882 1789 Oesbroec

798 1831 994 1891 extra
1040 1846 1261 1890 muros
1308 1827 1763 1912 Trajectenses
1813 1829 2059 1894 ordinis
2107 1832 2316 1896 sancti
2365 1830 2711 1897 Benedicti
2762 1832 3043 1897 salutem
3090 1837 3158 1897 et
3205 1831 3634 1918 apostolicam
3680 1830 3885 1896 bene·

802 1932 1181 1997 dictionem.

1028 2041 1416 2127 Apostolice
1450 2042 1883 2108 solicitudinis
1917 2044 2207 2109 studium
2243 2044 2413 2110 circa
2446 2044 2732 2128 diversa,
2768 2067 2896 2132 que
2929 2044 3186 2131 agenda
3219 2044 3461 2110 nostris
3493 2044 3882 2109 incumbunt

806 2143 1160 2230 humeris,'
1196 2154 1297 2213 est
1360 2148 1521 2213 illud
1569 2150 2016 2237 potissimum,
2077 2158 2152 2216 ut
2198 2152 2369 2216 circa
2418 2152 2837 2217 ecclesiarum
2886 2157 2954 2217 et
3002 2150 3546 2216 monasteriorum
3593 2150 3879 2213 omnium

802 2263 1049 2322 statum
1099 2263 1166 2322 et
1212 2257 1474 2322 illorum
1521 2259 1840 2342 maxime,
1891 2280 2018 2346 que
2066 2265 2221 2325 sunt
2267 2266 2603 2348 pastorum
2636 2259 3066 2345 regiminibus
3101 2258 3451 2342 destituta,
3502 2259 3593 2322 sic
3627 2257 3881 2322 solicita

805 2362 1156 2449 diligencia
1219 2363 1666 2447 intendamus,
1733 2365 1907 2452 quod
1973 2368 2248 2432 ecclesie
2313 2374 2383 2434 et
2444 2369 2843 2433 monasteria
2905 2366 3136 2432 eadem
3200 2371 3424 2432 nostre
3474 2365 3876 2453 operacionis

804 2470 1057 2555 studio,
1123 2474 1386 2558 superni
1452 2473 1691 2538 favoris
1754 2474 2002 2540 auxilio
2066 2476 2506 2561 suffragante,
2571 2480 3033 2562 preserventur
3088 2495 3128 2539 a
3175 2474 3393 2539 noxiis
3440 2479 3510 2538 et
3557 2474 3878 2560 prosperi·

805 2577 961 2642 tatis
1009 2579 1229 2643 votive
1277 2580 1685 2645 successibus
1732 2581 2165 2666 gratulentur.
2263 2581 2529 2647 Dudum
2577 2581 2900 2669 siquidem
2951 2579 3282 2668 quondam
3329 2580 3581 2647 Jacobo
3631 2579 3868 2644 abbate

808 2685 1186 2750 monasterii
1234 2686 1445 2750 sancti
1489 2687 1838 2752 Laurencii
1887 2688 1956 2752 in
2004 2686 2335 2754 Oesbroec
2383 2694 2575 2754 extra
2621 2710 2840 2753 muros
2887 2689 3346 2774 Trajectenses
3387 2686 3632 2752 ordinis
3664 2688 3871 2751 sancti

810 2791 1157 2857 Benedicti
1203 2792 1505 2878 regimini
1554 2794 1848 2880 ejusdem
1895 2797 2272 2861 monasterii
2306 2795 2716 2883 presidente,
2767 2816 2886 2860 nos
2919 2796 3260 2882 cupientes
3292 2795 3416 2882 ipsi
3449 2795 3875 2876 monasterio,

816 2921 965 2964 cum
1015 2899 1176 2964 illud
1223 2922 1454 2967 vacare
1503 2903 1947 2988 contingeret,
1996 2903 2227 2967 utilem
2276 2909 2344 2968 et
2393 2902 2719 2988 ydoneam
2765 2924 2882 2989 per
2928 2904 3284 2989 apostolice
3327 2900 3501 2967 sedis
3541 2900 3885 2988 providen-

814 3009 979 3071 ciam
1027 3028 1289 3094 preesse
1338 3029 1724 3093 personam,
1770 3010 2209 3095 provisionem
2259 3009 2417 3074 dicti
2462 3010 2839 3074 monasterii
2890 3009 3295 3075 ordinacioni
3343 3015 3412 3074 et
3460 3006 3880 3094 disposicioni

813 3119 1033 3178 nostre
1083 3135 1162 3178 ea
1208 3113 1350 3178 vice
1398 3114 1707 3180 duximus
1756 3116 2127 3202 specialiter
2174 3116 2670 3199 reservandam,
2721 3115 3151 3182 decernentes
3199 3137 3284 3181 ex
3325 3122 3483 3180 tnnc
3514 3114 3773 3178 irritum
3804 3119 3872 3178 et

810 3221 1041 3302 inane,
1093 3221 1144 3284 si
1196 3240 1383 3285 secus
1433 3242 1628 3308 super
1674 3222 1799 3286 hiis
1846 3244 1965 3307 per
2010 3244 2437 3309 quoscunque
2486 3223 2717 3309 quavis
2765 3223 3155 3288 auctoritate
3206 3224 3489 3287 scienter
3534 3222 3640 3286 vel
3687 3220 3873 3306 igno·

818 3331 1038 3391 ranter
1084 3327 1499 3412 contingeret
1544 3330 1946 3415 attemptari.
2026 3327 2458 3394 Postmodum
2505 3350 2660 3394 vero
2709 3329 2963 3415 prefato
3014 3329 3409 3393 monasterio
3458 3348 3575 3414 per
3622 3326 3876 3391 obitum

808 3432 969 3497 dicti
1017 3432 1250 3498 Jacobi
1288 3435 1575 3517 abbatis,
1610 3436 1720 3521 qui
1755 3441 1946 3500 extra
1979 3437 2347 3501 Romanam
2380 3437 2624 3501 curiam
2659 3434 2833 3501 diem
2867 3436 3101 3500 clausit
3135 3441 3534 3515 extremum,
3568 3437 3876 3514 vacante,

814 3540 1036 3606 dilecti
1084 3540 1200 3605 filii
1247 3547 1608 3605 conventus
1657 3540 1812 3606 dicti
1862 3543 2240 3608 monasterii
2288 3543 2757 3608 reservacionis
2807 3548 2874 3608 et
2904 3542 3154 3608 decreti
3185 3541 3627 3628 predictorum
3660 3540 3880 3604 forsan

813 3648 1059 3733 ignari,
1111 3655 1176 3712 te
1224 3647 1613 3712 monachum
1663 3648 1958 3733 ejusdem
2006 3649 2385 3714 monasterii
2435 3649 2729 3714 ordinem
2778 3650 2991 3734 ipsum
3041 3669 3351 3736 expresse
3401 3647 3764 3734 professum
3811 3653 3880 3710 et

812 3754 884 3817 in
931 3752 1304 3819 sacerdocio
1352 3755 1786 3819 constitutum
1836 3756 1903 3819 in
1953 3777 2179 3820 eorum
2228 3762 2296 3819 et
2347 3755 2504 3820 dicti
2552 3755 2933 3821 monasterii
2978 3756 3287 3821 abbatem
3335 3775 3453 3841 per
3497 3754 3672 3819 viam
3712 3773 3884 3816 com·

811 3861 1147 3946 promissi,
1213 3861 1369 3926 licet
1433 3861 1514 3926 de
1578 3862 1785 3945 fact0,
1851 3861 2262 3927 concorditer
2328 3863 2707 3948 elegerunt,
2758 3869 2960 3948 tuque
3007 3862 3477 3927 reservacionis
3526 3867 3595 3926 et
3640 3859 3891 3925 decreti

817 3967 1259 4053 predictorum
1308 3970 1606 4034 similiter
1651 3969 1935 4051 inscius,
1985 3970 2291 4034 electioni
2341 3969 2752 4056 hujusmodi,
2801 3969 2976 4034 illius
3025 3969 3144 4035 tibi
3176 3973 3554 4055 presentato
3590 3966 3886 4046 decreto,

808 4077 1200 4140 consensisti
1250 4077 1455 4141 eciam
1505 4075 1585 4141 de
1634 4077 1806 4141 facto
1856 4083 1923 4140 et
1970 4075 2249 4160 deinde,
2299 4077 2748 4142 reservacione
2798 4082 2866 4142 et
2914 4075 3179 4142 decreto
3229 4075 3540 4163 predictis
3586 4073 3670 4139 ad
3703 4080 3884 4138 tuam

815 4183 1124 4247 noticiam
1173 4182 1502 4266 deductis,
1544 4184 1882 4248 electionis
1927 4183 2180 4270 prefate
2214 4184 2560 4269 negocium
2592 4183 2869 4271 proponi
2902 4183 3113 4248 fecisti
3145 4184 3216 4248 in
3249 4183 3635 4248 consistorio
3669 4201 3884 4246 coram

815 4290 1023 4354 nobis.
1100 4290 1237 4355 Nos
1283 4291 1504 4376 igitur,
1556 4290 1944 4355 electionem
1991 4291 2200 4376 ipsam
2249 4295 2318 4355 et
2367 4290 2586 4354 omnia
2616 4289 2771 4355 inde
2806 4295 3068 4372 secuta,
3118 4294 3349 4375 utpote
3382 4294 3632 4375 postet
3664 4291 3892 4351 contra

816 4398 1333 4461 reservacionem
1397 4403 1465 4461 et
1530 4382 1864 4461 decretum
1928 4396 2224 4482 predicta
2286 4403 2716 4482 attemptata,
2785 4397 2972 4461 irrita
3032 4401 3227 4481 prout
3292 4400 3479 4459 erant
3543 4398 3610 4457 et
3669 4390 3891 4456 inania

817 4511 1199 4589 reputantes
1261 4526 1336 4569 ac
1400 4503 1481 4568 ad
1546 4505 1984 4590 provisionem
2054 4504 2350 4590 ejusdem
2416 4505 2794 4570 monasterii
2844 4505 3126 4569 celerem
3173 4508 3242 4568 et
3287 4502 3580 4582 felicem,
3630 4498 3713 4565 de
3759 4519 3888 4584 qua

818 4612 1039 4675 nullus
1086 4617 1306 4698 preter
1351 4632 1472 4676 nos
1519 4611 1640 4675 hac
1685 4611 1828 4676 vice
1876 4632 1945 4676 se
1993 4612 2432 4677 intromittere
2481 4613 2698 4699 potuit
2745 4631 2959 4698 neque
3006 4615 3261 4697 potest,
3309 4608 3762 4674 reservacione
3810 4613 3876 4669 et

816 4718 1082 4783 decreto
1151 4719 1622 4783 obsistentibus
1685 4718 2111 4804 supradictis,
2163 4740 2246 4784 ne
2295 4720 2509 4805 ipsum
2555 4719 3023 4784 monasterium
3068 4718 3266 4802 longe
3315 4714 3684 4782 vacacionis
3733 4712 3885 4777 sub-

807 4827 1032 4911 jaceat
1077 4824 1536 4908 incommodis,
1585 4826 1876 4912 paternis
1925 4831 1992 4890 et
2037 4826 2310 4890 solicitis
2344 4825 2578 4889 studiis
2610 4825 3070 4908 intendentes,
3120 4829 3268 4911 post
3301 4822 3884 4903 deliberacionem,

819 4953 1015 5019 quam
1078 4931 1160 4998 de
1224 4931 1622 5019 preficiendo
1689 4932 1903 4997 eidem
1965 4933 2361 4998 monasterio
2429 4953 2776 5018 personam
2842 4934 3071 4997 utilem
3120 4938 3188 4996 et
3236 4933 3442 4996 eciam
3489 4930 3886 4995 fructuosam

816 5039 1169 5104 habuimus
1241 5060 1388 5104 oum
1459 5040 1699 5104 nostris
1768 5039 2077 5104 fratribus
2141 5038 2526 5125 diligentem
2553 5088 2570 5121 ,
2634 5038 2897 5104 demum
2962 5038 3044 5103 ad
3110 5045 3213 5121 te,
3272 5039 3376 5104 cui
3425 5036 3508 5102 de
3557 5034 3892 5121 religionis

814 5147 996 5229 zelo,
1046 5146 1411 5212 litterarum
1461 5147 1777 5229 sciencia,
1826 5147 2174 5212 honestate
2223 5167 2478 5212 morum
2526 5153 2594 5212 et
2640 5148 2815 5230 vite,
2865 5146 3301 5231 spiritualium
3351 5142 3776 5232 providencia
3822 5149 3889 5207 et

819 5253 1277 5338 temporalium
1347 5253 1927 5338 circumspectione
1999 5258 2068 5317 et
2129 5253 2273 5317 aliis
2338 5253 2794 5339 multiplicium
2860 5254 3177 5318 virtutum
3239 5251 3489 5317 meritis
3547 5249 3724 5336 apud
3771 5270 3890 5313 nos

817 5357 1175 5425 laudabilia
1241 5361 1619 5425 testimonia
1680 5360 2149 5447 perhibentur,
2198 5359 2559 5426 direximus
2607 5360 2830 5426 oculos
2877 5366 3098 5425 nostre
3145 5359 3422 5441 mentis3
3471 5357 3710 5445 quibus
3758 5376 3891 5421 om-

819 5467 1012 5532 nibns
1083 5488 1341 5533 necnon
1414 5466 1737 5533 dictorum
1808 5472 2172 5532 conventus
2246 5473 2314 5532 et
2384 5466 2774 5553 eligencium
2846 5465 3153 5533 concordi
3221 5466 3564 5531 voluntate
3632 5469 3888 5528 attenta

821 5572 1259 5640 meditacione
1323 5575 1648 5661 pensatis,
1710 5574 1791 5640 de
1860 5594 2141 5662 persona
2206 5580 2321 5640 tua
2367 5573 2620 5661 prefato
2669 5574 3064 5639 monasterio
3112 5572 3194 5638 de
3242 5572 3565 5638 dictorum
3612 5571 3884 5635 fratrum
