4450 6684
918 476 1055 541 242
2163 475 2570 545 Gnoonms
2615 478 2738 545 XL

916 694 1120 766 2142.
1767 700 1978 782 1373,
2025 697 2221 763 Junii
2268 701 2339 781 7,
2389 720 2495 785 ap.
2544 699 2812 765 Pontem
2861 700 3143 787 Sorqiae.

1241 852 1532 935 officiali
1569 852 1750 936 Traj.
1783 854 2216 935 committitur,
2264 861 2339 918 ut
2371 853 2743 918 Hermanno
2777 852 3019 917 Gruter
3055 853 3132 917 de
3162 853 3534 919 Dotinchem
3559 854 3644 937 1),
3693 858 3981 920 canonico

1153 960 1520 1023 monasterii
1563 960 1632 1022 in
1682 957 2041 1022 Bethlehem
2065 958 2156 1042 ⁸),
2204 958 2450 1023 ordinis
2489 957 2558 1022 S.
2595 959 2980 1043 Auqustini,
3027 957 3208 1042 Traj.
3248 959 3469 1043 dioec„
3514 969 3783 1025 reservet
3820 960 3986 1026 bene-

1146 1063 1362 1146 ficium
1421 1085 1529 1128 seu
1591 1064 1875 1147 officium
1937 1064 2385 1147 conferendum
2446 1085 2488 1129 a
2545 1066 2916 1149 praeposito
2977 1073 3036 1130 et
3079 1073 3382 1130 conventu
3425 1066 3583 1130 dicti
3623 1071 3985 1132 ”nonasterii

1146 1179 1210 1236 et
1252 1172 1342 1235 30
1388 1191 1754 1236 marcarum
1798 1174 2052 1255 arqenti
2094 1172 2373 1236 valorem
2419 1191 2707 1236 annuum
2750 1192 2878 1236 non
2922 1171 3234 1236 excedens.

1147 1351 1439 1438 Dignum
1502 1353 1913 1418 arbitramur.
1941 1401 1957 1418 .
1990 1401 2004 1416 .
2034 1401 2050 1418 .
2121 1353 2275 1419 Dat.
2342 1354 2516 1441 apud
2578 1355 3080 1441 Pontemsorgie
3142 1353 3612 1420 Avinionensis
3675 1355 3978 1439 diocesis,

923 1458 1060 1526 VII
1104 1458 1204 1525 Id.
1255 1459 1473 1542 Junii,
1520 1480 1694 1525 anno
1743 1461 1969 1525 tercio.

1342 1595 1467 1658 Ray.
1502 1596 1600 1644 Δο.
1645 1597 1699 1643 Τ.
1735 1593 1823 1657 16,
1851 1596 1911 1657 s.
1946 1594 2083 1645 206⁸.

1074 1723 1132 1787 1)
1167 1721 1339 1774 Codex
1375 1722 1535 1774 habet
1572 1724 1637 1773 de
1671 1722 2044 1788 Dortinchem,
2081 1729 2135 1775 et
2169 1723 2252 1789 2):
2290 1723 2525 1776 Belhem.

919 2095 1120 2165 2148.
1740 2100 1956 2180 1373,
2005 2098 2199 2163 Junii
2242 2100 2362 2182 12,
2409 2120 2515 2184 ap.
2564 2099 2828 2164 Portem
2877 2098 3159 2185 Sorqiae.

1236 2252 1434 2317 Petro
1501 2253 1578 2316 cle
1652 2251 1848 2316 Velde
1918 2253 2317 2316 ecclesiarum
2388 2252 2455 2317 S.
2526 2252 2885 2335 Johannis,
2949 2254 3211 2337 majoris
3273 2260 3335 2318 et
3395 2252 3452 2318 b.
3501 2251 3757 2318 Mariae
3811 2252 3987 2337 Traj.

1154 2361 1450 2424 canonico
1477 2358 1943 2443 praebendato,
1983 2358 2371 2423 decretorum
2406 2359 2678 2442 doctori,
2719 2359 3182 2442 confirmantur
3207 2361 3670 2445 praepositura
3700 2368 3760 2424 et
3789 2360 3992 2425 archi-

1145 2465 1518 2528 diaconatus
1579 2465 1865 2528 ecclesiae
1926 2464 1993 2528 S.
2057 2464 2382 2528 Johannis
2454 2464 2673 2548 Traj.,
2737 2465 2815 2529 de
2875 2466 3103 2551 quibus
3177 2464 3475 2530 Urbanus
3518 2487 3708 2552 papa
3767 2465 3833 2528 V
3869 2468 3989 2551 ipsi

1157 2571 1307 2635 olim
1342 2572 1650 2654 provisit‚
1701 2571 1988 2655 quamvis
2033 2572 2103 2634 in
2147 2570 2421 2652 ejusdem
2473 2572 2674 2637 literis
2700 2572 2751 2655 ¹)
2791 2572 3025 2636 dictam
3061 2573 3587 2657 praeposituram
3624 2572 3990 2657 diqnitatem

1149 2696 1275 2741 esse
1319 2684 1612 2740 curatam
1658 2697 2019 2761 expressum
2064 2698 2189 2741 non
2236 2676 2461 2759 fuerit.

1152 2857 1558 2924 Litterarum
1620 2856 1915 2922 scientia.
1946 2906 1960 2923 .
1989 2905 2005 2920 .
2034 2903 2051 2922 .
2123 2857 2278 2924 Dat.
2328 2857 2501 2945 apud
2547 2858 2832 2926 Pontem
2880 2858 3112 2946 Sergio
3158 2859 3627 2926 Avinionensis
3677 2858 3953 2926 diocesis
3974 2907 3992 2943 ,

927 2963 1000 3028 H
1043 2962 1144 3029 Id.
1193 2962 1414 3046 Junii,
1463 2983 1636 3028 anno
1684 2963 1901 3028 tortia.

1344 3099 1469 3162 Rey.
1505 3100 1603 3148 Au.
1646 3100 1700 3148 T.
1736 3096 1826 3161 16,
1850 3099 1914 3162 s.
1949 3097 2060 3148 532.

1078 3230 1137 3295 1)
1173 3228 1350 3293 Supra
1384 3242 1534 3279 num.
1567 3225 1718 3280 1758.

922 3573 1121 3640 2144.
1750 3573 1959 3651 1373,
2008 3571 2202 3636 Junii
2246 3573 2370 3653 16,
2419 3591 2525 3656 ap.
2573 3569 2837 3635 Portem
2882 3568 3165 3655 Sorqiae.

1240 3725 1601 3791 Dankardo
1645 3723 1826 3810 Bays
1844 3774 1862 3807 ,
1909 3722 2209 3808 Huqonis
2257 3721 2324 3787 S.
2373 3723 2632 3788 Mariae
2675 3724 2745 3787 in
2793 3723 3064 3788 Porticu
3108 3722 3361 3788 diaconi
3408 3721 3780 3787 Cardinalis
3826 3720 3990 3785 cubi-

1150 3834 1431 3914 culario,
1496 3833 1790 3896 canonico
1851 3831 2137 3894 ecclesiae
2198 3829 2268 3892 S.
2317 3827 2675 3894 Salvatoris
2732 3828 2919 3913 Traj.
2941 3878 2959 3912 ,
3022 3828 3489 3912 confirmantur
3521 3827 3894 3914 praebenda
3936 3833 3995 3891 et

1152 3940 1682 4025 supplementum,
1732 3957 1895 4022 quae
1940 3937 2010 4000 in
2055 3935 2268 4000 eadem
2316 3937 2568 4000 ecclesia
2614 3938 2824 4021 viqore
2860 3936 3196 4000 literarum
3226 3935 3720 4020 apostolicarum
3753 3954 3995 4019 exspec-

1156 4052 1402 4111 taverat
1467 4052 1527 4109 et
1588 4050 1735 4129 post
1806 4042 2041 4107 obitum
2109 4041 2433 4106 Johannis
2504 4041 2828 4107 Hobbonis
2896 4044 3244 4127 acceptavit
3254 4065 3281 4122 ,·
3356 4061 3515 4127 quae
3585 4048 3794 4106 tamen
3859 4061 3997 4104 cum

1145 4151 1415 4237 pacifice
1459 4150 1832 4230 obtinuerit,
1868 4155 2251 4234 perpetuam
2294 4148 2719 4233 capellaniam
2763 4149 2832 4213 in
2869 4147 3241 4233 parochiali
3278 4148 3532 4213 ecclesia
3568 4147 3646 4211 de
3695 4145 3995 4228 „Oester·

1150 4255 1532 4322 zubburch”
1560 4256 1613 4338 l)
1669 4253 1851 4337 Traj.
1899 4254 2089 4319 dioec.
2137 4255 2388 4318 omnino
2434 4254 2741 4319 dimittat.

1153 4437 1546 4505 Laudabilia
1605 4436 1973 4524 probitatis.
2002 4483 2018 4499 .
2048 4483 2064 4500 .
2095 4481 2112 4500 .
2182 4434 2338 4500 Dat.
2389 4436 2565 4522 apud
2610 4436 3113 4522 Pontemsorgie
3158 4434 3630 4501 Avinionensis
3676 4435 3988 4516 diocesis,

926 4546 1097 4615 XVI
1141 4545 1253 4610 Kl.
1301 4544 1499 4627 Julii,
1544 4564 1720 4609 anno
1767 4542 1984 4607 tertio.

1348 4678 1474 4740 Ray.
1507 4677 1607 4726 Δυ.
1650 4678 1704 4726 Τ.
1738 4676 1826 4738 16,
1853 4677 1917 4741 s.
1948 4675 2086 4728 485⁹.

1076 4805 1134 4869 1)
1170 4801 1632 4868 Ooster-Souburg
1666 4803 1725 4853 in
1760 4803 2019 4855 zelandia.

928 5132 1122 5202 2145.
1950 5130 2160 5211 1373,
2208 5129 2387 5193 Julii
2432 5130 2548 5212 12,
2596 5129 2961 5195 Avenionis.

1248 5285 1543 5352 Johanni
1604 5284 1804 5349 Strist
1849 5284 2071 5349 clerico
2125 5281 2309 5364 Traj.
2357 5281 2586 5365 dioec„
2650 5285 2765 5368 qui
2808 5285 2879 5347 in
2924 5281 3477 5369 Montepcssulano
3522 5283 3994 5370 Magalonensis

1155 5393 1345 5458 dioec.
1409 5393 1479 5457 in
1519 5394 1681 5475 jure
1746 5391 1919 5454 civili
1962 5388 2213 5454 studere
2256 5407 2320 5452 se
2366 5389 2628 5471 asserit,
2675 5388 3080 5473 indulcetur,
3130 5389 3301 5475 quod
3344 5392 3828 5476 irreqularitate
3870 5409 3992 5454 non

1163 5501 1443 5565 obstante
1487 5497 1576 5563 ad
1621 5504 1928 5583 quattuor
1971 5498 2243 5559 minores
2288 5494 2538 5560 ordines
2563 5497 2956 5580 promoveri,
3002 5498 3073 5560 in
3102 5496 3322 5561 iisdem
3353 5498 3719 5562 ministrare
3748 5496 3991 5582 duoque

1158 5606 1450 5690 beneficia
1494 5607 1628 5670 sine
1672 5624 1831 5669 cura
1875 5603 2148 5669 obtinere
2196 5602 2361 5666 licite
2404 5601 2634 5666 valeat.
