4450 6684
875 524 1008 590 240
1302 595 1307 598 Α
2131 521 2534 587 Guaonms
2578 520 2701 586 XI.

871 739 1068 809 2134.
1872 741 2082 822 1373,
2128 739 2364 805 Martii
2410 741 2529 822 18,
2587 741 2941 805 Avenionis.

1186 893 1543 977 (Arnoldo)
1611 894 1893 976 episcopo
1972 890 2361 975 TraJ‘ectensi
2430 895 2878 976 committitur,
2943 902 3014 959 ut
3075 915 3216 958 cum
3277 892 3477 958 Petro
3523 892 3839 958 Michaele
3883 900 3948 957 et

1101 1001 1323 1066 Maria
1387 999 1594 1063 Pauli
1662 998 1844 1082 Traj.
1908 998 2137 1081 dioec,
2193 1003 2309 1085 qui
2353 1003 2505 1066 olim
2550 1021 2677 1065 non
2722 1003 3121 1085 iynorantes,
3177 999 3390 1087 „quod
3438 998 3651 1065 dictus
3698 999 3948 1064 Petrus

1100 1106 1431 1195 quandam
1475 1106 1815 1171 mulierem
1864 1105 2116 1193 prefate
2150 1107 2356 1172 Marie
2393 1114 2627 1194 quarto
2660 1106 2868 1193 gradu
2899 1108 3485 1194 consanguinitatis
3517 1108 3941 1192 conjunctam

1102 1214 1450 1280 carnaliter
1496 1210 1959 1298 cognoverat'',
2018 1215 2490 1278 matrimonium
2525 1212 2782 1298 publice
2825 1221 3279 1278 contraxerunt
3322 1220 3382 1277 et
3424 1215 3612 1277 etiam
3658 1233 3952 1277 consum·

1097 1329 1391 1404 marunt,
1461 1341 1652 1404 super
1718 1319 2154 1403 impedimento
2224 1319 2574 1402 affinitatis
2642 1321 2995 1405 dispenset,·
3051 1321 3314 1405 praevie
3376 1327 3583 1384 tamen
3642 1320 3799 1403 ipsis
3859 1316 3953 1382 ad

1102 1434 1341 1510 tempus
1408 1426 1723 1510 separatis
1791 1431 1849 1488 et
1917 1422 1996 1487 ab
2066 1426 2718 1489 excommunicationis
2778 1427 3086 1489 sententia
3146 1425 3451 1489 absolutis
3483 1425 3944 1509 poenitentiam

1095 1534 1441 1597 salutarem
1487 1534 1803 1616 injunqat.

1095 1715 1335 1781 Oblate
1383 1714 1571 1780 nobis
1618 1733 1848 1799 nuper.
1875 1761 1891 1777 .
1921 1761 1936 1776 .
1965 1759 1980 1776 .
2029 1712 2183 1778 Dat.
2233 1710 2565 1779 Avinione
2587 1763 2604 1797 ,
2653 1713 2786 1779 XV
2831 1713 2941 1778 Kl.
2990 1714 3273 1801 Aprilis,
3323 1735 3497 1780 anno
3544 1713 3767 1778 tercio.

1289 1850 1413 1913 περ.
1449 1851 1544 1898 Α..
1590 1850 1645 1897 T.
1681 1847 1771 1909 19,
1798 1849 1860 1911 s.
1895 1846 2008 1897 117.

865 2346 1060 2415 2135.
1869 2352 2079 2432 1373,
2127 2350 2363 2414 Martii
2408 2352 2529 2432 20,
2577 2350 2941 2414 Avenionis.

1185 2503 1498 2588 Philippo
1543 2504 1619 2567 de
1664 2502 1986 2568 Pollanen
2033 2505 2227 2568 militi
2272 2505 2528 2588 ejusque
2577 2503 2764 2567 uxori
2807 2502 3145 2568 E'lizabeth
3207 2501 3350 2566 Van
3381 2500 3493 2564 der
3527 2499 3722 2564 Made
3767 2497 3946 2564 nobi-

1096 2609 1256 2674 libus
1310 2610 1491 2693 Traj.
1538 2611 1726 2675 dioec.
1774 2610 2131 2675 conceditur
2171 2610 2580 2696 privileqium
2615 2610 2954 2694 plenariae
2987 2616 3397 2694 peccatorum
3433 2607 3816 2672 remissionis
3861 2606 3935 2670 in

1091 2718 1364 2782 articulo
1408 2719 1650 2782 mortis.

1088 2900 1405 2965 Provenit
1451 2920 1558 2964 ex.
1586 2947 1602 2963 .
1630 2946 1646 2962 .
1676 2946 1692 2963 .
1743 2899 1895 2964 Dat.
1945 2899 2315 2982 Avinione,
2362 2898 2538 2965 XIII
2584 2898 2695 2964 Kl.
2744 2899 3032 2995 ᾼρτίΙίε,
3082 2922 3256 2967 anno
3305 2900 3522 2968 tertio.

1284 3034 1408 3098 Rea.
1443 3035 1541 3084 Ao.
1585 3036 1640 3085 T.
1674 3033 1765 3099 16,
1791 3037 1852 3100 s.
1887 3033 2027 3086 285·.

861 3532 1056 3600 2136.
1858 3534 2075 3617 1373,
2122 3531 2361 3598 Martii
2404 3535 2525 3616 20,
2569 3533 2935 3600 Avenionis.

1175 3687 1476 3752 Omnibus
1509 3687 1976 3772 poenitentibus
2023 3695 2081 3750 et
2128 3687 2465 3770 confessis,
2515 3708 2677 3772 quae
2721 3688 3032 3772 capellam
3082 3686 3151 3752 S.
3204 3687 3424 3752 Crucis
3469 3688 3539 3751 in
3583 3686 3930 3771 Haerlem,

1089 3814 1255 3880 „que
1301 3794 1715 3880 reparatione
1761 3791 2083 3878 indiget’',
2129 3792 2344 3856 diebus
2388 3792 2633 3875 festivis
2678 3813 2879 3877 supra
2924 3814 3100 3857 num.
3145 3795 3325 3859 1977
3355 3793 3650 3858 indicatis
3687 3814 3931 3859 necnon

1071 3900 1233 3984 festo
1300 3900 1367 3965 S.
1435 3900 1657 3964 Grucis
1717 3899 1928 3964 devote
1987 3899 2385 3964 visitaverint
2445 3906 2504 3962 et
2563 3899 2651 3963 ad
2694 3898 2966 3982 ejusdem
3013 3902 3476 3985 reparationem
3522 3899 3924 3983 adjuverint,

1072 4009 1308 4071 similes
1354 4027 1428 4070 ac
1474 4008 1543 4070 in
1589 4027 1760 4070 num.
1815 4005 2077 4071 laudato
2124 4005 2557 4088 indulyentiae
2602 4006 3089 4090 impertiuntur.

1075 4187 1267 4254 Licet
1313 4187 1368 4251 is
1415 4185 1498 4250 de
1547 4187 1754 4270 cujus·
1785 4231 1801 4248 .
1830 4232 1845 4247 .
1874 4230 1891 4249 .
1941 4184 2372 4250 Preeentibus
2416 4192 2568 4272 post
2613 4186 2848 4273 viginti
2893 4206 3102 4252 annos
3148 4186 3415 4252 minime
3461 4187 3778 4253 valituris.
3807 4235 3824 4252 .
3859 4235 3876 4252 .
3907 4234 3928 4253 .

845 4291 999 4358 Dat.
1047 4291 1419 4374 Avinione,
1466 4290 1640 4356 XHI
1685 4288 1796 4354 Kl.
1846 4289 2132 4375 Aprilis,
2180 4289 2600 4376 pontificatus
2647 4292 2855 4356 nostri
2903 4312 3083 4356 anno
3138 4292 3357 4357 tertio.

1265 4429 1392 4491 Rea.
1424 4429 1518 4477 Av.
1566 4428 1621 4477 T.
1654 4425 1746 4490 16,
1772 4428 1834 4491 s.
1867 4425 2015 4478 318⁰.

845 4926 1029 4995 2137.
1837 4926 2019 4990 1373
2039 4974 2057 5008 ,
2109 4924 2342 4990 Martii
2385 4926 2510 5007 20,
2559 4925 2929 4988 Avenionis.

1161 5083 1475 5169 Philippo
1536 5084 1613 5148 de
1672 5082 1993 5148 Pollanen
2052 5080 2251 5145 nobili
2293 5080 2488 5143 militi
2542 5077 2724 5161 Traj.
2772 5077 2961 5142 dioec.
3011 5077 3098 5142 ad
3144 5077 3507 5142 decennium
3550 5074 3918 5142 conceditur

1074 5193 1326 5258 licentia
1372 5189 1643 5256 habendi
1687 5190 1896 5254 altare
1929 5187 2268 5272 portatile.

1072 5377 1340 5444 Sincere
1390 5373 1781 5442 devotionis.
1810 5422 1825 5437 .
1854 5419 1870 5436 .
1899 5420 1914 5436 .
1964 5371 2120 5436 Dat.
2169 5369 2500 5436 Avinione
2522 5417 2540 5453 ,
2588 5369 2762 5435 XHI
2807 5368 2922 5436 Kl.
2970 5367 3256 5454 Aprilis,
3304 5388 3476 5433 anno
3523 5366 3739 5432 tertio.

1265 5511 1391 5575 Ray.
1425 5512 1523 5560 Av.
1568 5512 1624 5559 T.
1657 5507 1745 5571 16,
1769 5508 1826 5571 s.
1859 5504 1997 5556 3330.

2067 5730 2656 5740 ’,ᾳ-ἐ
