<?xml version="1.0" encoding="UTF-8"?>
<!DOCTYPE html PUBLIC "-//W3C//DTD XHTML 1.0 Transitional//EN"
    "http://www.w3.org/TR/xhtml1/DTD/xhtml1-transitional.dtd">
<html xmlns="http://www.w3.org/1999/xhtml" xml:lang="en" lang="en">
 <head>
  <title>
</title>
<meta http-equiv="Content-Type" content="text/html;charset=utf-8" />
  <meta name='ocr-system' content='tesseract 3.04.00' />
  <meta name='ocr-capabilities' content='ocr_page ocr_carea ocr_par ocr_line ocrx_word'/>
</head>
<body>
  <div class='ocr_page' id='page_1' title='image "./bullariumtrajec00nethgoog_0290.png"; bbox 0 0 4450 6684; ppageno 0'>
   <div class='ocr_carea' id='block_1_1' title="bbox 925 492 2745 558">
    <p class='ocr_par' dir='ltr' id='par_1_1' title="bbox 925 492 2745 558">
     <span class='ocr_line' id='line_1_1' title="bbox 925 492 2745 558; baseline 0.001 -2"><span class='ocrx_word' id='word_1_1' title='bbox 925 493 1052 556; x_wconf 84' lang='lat'><strong><em>192</em></strong></span> <span class='ocrx_word' id='word_1_2' title='bbox 2170 492 2575 558; x_wconf 68' lang='lat' dir='ltr'><strong><em>Gan-comus</em></strong></span> <span class='ocrx_word' id='word_1_3' title='bbox 2619 493 2745 558; x_wconf 82' lang='lat' dir='ltr'><strong><em>XI.</em></strong></span> 
     </span>
    </p>
   </div>
   <div class='ocr_carea' id='block_1_2' title="bbox 1143 713 3925 805">
    <p class='ocr_par' dir='ltr' id='par_1_2' title="bbox 1143 713 3925 805">
     <span class='ocr_line' id='line_1_2' title="bbox 1143 713 3925 805; baseline 0.001 -24"><span class='ocrx_word' id='word_1_4' title='bbox 1143 714 1549 781; x_wconf 72' lang='lat' dir='ltr'><strong>Litterarum</strong></span> <span class='ocrx_word' id='word_1_5' title='bbox 1597 713 1892 779; x_wconf 86' lang='lat' dir='ltr'><strong><em>scientia.</em></strong></span> <span class='ocrx_word' id='word_1_6' title='bbox 1919 762 1936 779; x_wconf 88' lang='lat'><strong>.</strong></span> <span class='ocrx_word' id='word_1_7' title='bbox 1962 760 1981 779; x_wconf 88' lang='lat'><strong>.</strong></span> <span class='ocrx_word' id='word_1_8' title='bbox 2006 761 2025 779; x_wconf 87' lang='lat'><strong>.</strong></span> <span class='ocrx_word' id='word_1_9' title='bbox 2073 713 2226 780; x_wconf 89' lang='lat' dir='ltr'><strong><em>Dat.</em></strong></span> <span class='ocrx_word' id='word_1_10' title='bbox 2275 714 2645 799; x_wconf 83' lang='lat' dir='ltr'><strong><em>Avinione,</em></strong></span> <span class='ocrx_word' id='word_1_11' title='bbox 2693 715 2836 780; x_wconf 87' lang='lat'>1111</span> <span class='ocrx_word' id='word_1_12' title='bbox 2881 715 2992 782; x_wconf 87' lang='grc' dir='ltr'><strong><em>ΚΙ.</em></strong></span> <span class='ocrx_word' id='word_1_13' title='bbox 3043 716 3422 800; x_wconf 77' lang='lat' dir='ltr'>Februarii,</span> <span class='ocrx_word' id='word_1_14' title='bbox 3473 738 3646 782; x_wconf 86' lang='lat' dir='ltr'><strong><em>anno</em></strong></span> <span class='ocrx_word' id='word_1_15' title='bbox 3695 718 3925 805; x_wconf 80' lang='lat' dir='ltr'><strong><em>primo·</em></strong></span> 
     </span>
    </p>
   </div>
   <div class='ocr_carea' id='block_1_3' title="bbox 1274 845 3995 998">
    <p class='ocr_par' dir='ltr' id='par_1_3' title="bbox 1274 845 3995 998">
     <span class='ocr_line' id='line_1_3' title="bbox 1339 845 3995 915; baseline 0.001 -16"><span class='ocrx_word' id='word_1_16' title='bbox 1339 851 1462 913; x_wconf 62' lang='grc' dir='ltr'><strong><em>περ.</em></strong></span> <span class='ocrx_word' id='word_1_17' title='bbox 1510 852 1607 900; x_wconf 78' lang='lat' dir='ltr'><strong><em>Av.</em></strong></span> <span class='ocrx_word' id='word_1_18' title='bbox 1664 852 1715 899; x_wconf 87' lang='lat' dir='ltr'><strong><em>T.</em></strong></span> <span class='ocrx_word' id='word_1_19' title='bbox 1761 848 1820 914; x_wconf 81' lang='lat'><strong><em>3,</em></strong></span> <span class='ocrx_word' id='word_1_20' title='bbox 1859 851 1912 913; x_wconf 79' lang='lat' dir='ltr'><strong><em>s.</em></strong></span> <span class='ocrx_word' id='word_1_21' title='bbox 1950 848 2050 898; x_wconf 81' lang='lat'><strong><em>276</em></strong></span> <span class='ocrx_word' id='word_1_22' title='bbox 2088 853 2136 898; x_wconf 75' lang='lat' dir='ltr'><strong><em>et</em></strong></span> <span class='ocrx_word' id='word_1_23' title='bbox 2172 850 2355 899; x_wconf 60' lang='lat' dir='ltr'><strong><em>aarum</em></strong></span> <span class='ocrx_word' id='word_1_24' title='bbox 2397 851 2452 900; x_wconf 84' lang='lat' dir='ltr'><strong><em>T.</em></strong></span> <span class='ocrx_word' id='word_1_25' title='bbox 2487 847 2542 911; x_wconf 71' lang='lat'><strong><em>4,</em></strong></span> <span class='ocrx_word' id='word_1_26' title='bbox 2577 850 2632 912; x_wconf 90' lang='lat' dir='ltr'><strong><em>s.</em></strong></span> <span class='ocrx_word' id='word_1_27' title='bbox 2667 845 2781 910; x_wconf 72' lang='lat'><strong><em>820,</em></strong></span> <span class='ocrx_word' id='word_1_28' title='bbox 2820 849 2930 898; x_wconf 67' lang='lat' dir='ltr'><strong><em>ubi.-</em></strong></span> <span class='ocrx_word' id='word_1_29' title='bbox 2985 847 3105 901; x_wconf 76' lang='lat' dir='ltr'><strong><em>Dat.</em></strong></span> <span class='ocrx_word' id='word_1_30' title='bbox 3141 849 3426 914; x_wconf 77' lang='lat' dir='ltr'><strong><em>Avinione,</em></strong></span> <span class='ocrx_word' id='word_1_31' title='bbox 3477 849 3626 901; x_wconf 81' lang='lat' dir='ltr'>XVII</span> <span class='ocrx_word' id='word_1_32' title='bbox 3664 850 3749 901; x_wconf 82' lang='lat' dir='ltr'><strong><em>Kl.</em></strong></span> <span class='ocrx_word' id='word_1_33' title='bbox 3783 850 3995 915; x_wconf 72' lang='lat' dir='ltr'><strong><em>Aprilis,</em></strong></span> 
     </span>
     <span class='ocr_line' id='line_1_4' title="bbox 1274 932 2221 998; baseline 0 -14"><span class='ocrx_word' id='word_1_34' title='bbox 1274 932 1611 998; x_wconf 74' lang='lat' dir='ltr'><strong><em>pontificatus</em></strong></span> <span class='ocrx_word' id='word_1_35' title='bbox 1647 933 1819 983; x_wconf 80' lang='lat' dir='ltr'><strong>nostri</strong></span> <span class='ocrx_word' id='word_1_36' title='bbox 1855 947 1998 983; x_wconf 83' lang='lat' dir='ltr'><strong><em>anno</em></strong></span> <span class='ocrx_word' id='word_1_37' title='bbox 2032 932 2221 997; x_wconf 84' lang='lat' dir='ltr'><strong><em>primo.</em></strong></span> 
     </span>
    </p>
   </div>
   <div class='ocr_carea' id='block_1_4' title="bbox 1076 1077 1837 1143">
    <p class='ocr_par' dir='ltr' id='par_1_4' title="bbox 1076 1077 1837 1143">
     <span class='ocr_line' id='line_1_5' title="bbox 1076 1077 1837 1143; baseline -0.003 -13"><span class='ocrx_word' id='word_1_38' title='bbox 1076 1079 1128 1142; x_wconf 88' lang='lat'><strong><em>1)</em></strong></span> <span class='ocrx_word' id='word_1_39' title='bbox 1165 1078 1268 1130; x_wconf 81' lang='lat' dir='ltr'><strong><em>Cfr.</em></strong></span> <span class='ocrx_word' id='word_1_40' title='bbox 1308 1093 1468 1143; x_wconf 83' lang='lat' dir='ltr'><strong><em>supra</em></strong></span> <span class='ocrx_word' id='word_1_41' title='bbox 1504 1093 1652 1129; x_wconf 87' lang='lat' dir='ltr'><strong><em>num.</em></strong></span> <span class='ocrx_word' id='word_1_42' title='bbox 1689 1077 1837 1128; x_wconf 83' lang='lat'><strong>1185.</strong></span> 
     </span>
    </p>
   </div>
   <div class='ocr_carea' id='block_1_5' title="bbox 916 1526 2977 1611">
    <p class='ocr_par' dir='ltr' id='par_1_5' title="bbox 916 1526 2977 1611">
     <span class='ocr_line' id='line_1_6' title="bbox 916 1526 2977 1611; baseline -0.001 -18"><span class='ocrx_word' id='word_1_43' title='bbox 916 1526 1378 1596; x_wconf 77' lang='lat'>1985—1986.</span> <span class='ocrx_word' id='word_1_44' title='bbox 1921 1528 2132 1607; x_wconf 85' lang='lat'><strong><em>1371,</em></strong></span> <span class='ocrx_word' id='word_1_45' title='bbox 2182 1528 2441 1611; x_wconf 83' lang='lat' dir='ltr'><strong><em>Aprilis</em></strong></span> <span class='ocrx_word' id='word_1_46' title='bbox 2488 1531 2562 1610; x_wconf 85' lang='lat'><strong><em>5,</em></strong></span> <span class='ocrx_word' id='word_1_47' title='bbox 2612 1528 2977 1592; x_wconf 79' lang='lat' dir='ltr'><strong><em>Aoenionis.</em></strong></span> 
     </span>
    </p>
   </div>
   <div class='ocr_carea' id='block_1_6' title="bbox 1132 1681 3983 2387">
    <p class='ocr_par' dir='ltr' id='par_1_6' title="bbox 1132 1681 3983 2087">
     <span class='ocr_line' id='line_1_7' title="bbox 1226 1681 3981 1768; baseline -0 -20"><span class='ocrx_word' id='word_1_48' title='bbox 1226 1683 1309 1748; x_wconf 80' lang='lat' dir='ltr'><strong><em>A.</em></strong></span> <span class='ocrx_word' id='word_1_49' title='bbox 1421 1682 1740 1746; x_wconf 86' lang='lat' dir='ltr'><strong><em>Willelmo</em></strong></span> <span class='ocrx_word' id='word_1_50' title='bbox 1810 1682 1942 1764; x_wconf 83' lang='lat' dir='ltr'><strong><em>(V)</em></strong></span> <span class='ocrx_word' id='word_1_51' title='bbox 2012 1683 2224 1745; x_wconf 78' lang='lat' dir='ltr'><strong><em>comiti</em></strong></span> <span class='ocrx_word' id='word_1_52' title='bbox 2293 1681 2684 1746; x_wconf 76' lang='lat' dir='ltr'><strong><em>Harmoniae</em></strong></span> <span class='ocrx_word' id='word_1_53' title='bbox 2745 1682 2952 1765; x_wconf 67' lang='lat' dir='ltr'><strong><em>(eta),</em></strong></span> <span class='ocrx_word' id='word_1_54' title='bbox 3023 1682 3210 1767; x_wconf 82' lang='lat' dir='ltr'><strong><em>¹,qui,</em></strong></span> <span class='ocrx_word' id='word_1_55' title='bbox 3276 1687 3354 1745; x_wconf 93' lang='lat' dir='ltr'><strong><em>ut</em></strong></span> <span class='ocrx_word' id='word_1_56' title='bbox 3400 1682 3747 1765; x_wconf 87' lang='lat' dir='ltr'><strong><em>asseritur,</em></strong></span> <span class='ocrx_word' id='word_1_57' title='bbox 3806 1683 3981 1768; x_wconf 82' lang='lat' dir='ltr'><strong><em>gravi</em></strong></span> 
     </span>
     <span class='ocr_line' id='line_1_8' title="bbox 1132 1788 3979 1875; baseline 0 -20"><span class='ocrx_word' id='word_1_58' title='bbox 1132 1790 1512 1855; x_wconf 89' lang='lat' dir='ltr'><strong><em>infirmitate</em></strong></span> <span class='ocrx_word' id='word_1_59' title='bbox 1560 1788 1913 1854; x_wconf 89' lang='lat' dir='ltr'><strong><em>detentus&#39;&#39;</em></strong></span> <span class='ocrx_word' id='word_1_60' title='bbox 1962 1796 2080 1870; x_wconf 79' lang='lat' dir='ltr'><strong><em>est,</em></strong></span> <span class='ocrx_word' id='word_1_61' title='bbox 2129 1788 2327 1853; x_wconf 80' lang='lat' dir='ltr'><strong><em>datur</em></strong></span> <span class='ocrx_word' id='word_1_62' title='bbox 2377 1790 2628 1853; x_wconf 77' lang='lat' dir='ltr'><strong><em>licentia</em></strong></span> <span class='ocrx_word' id='word_1_63' title='bbox 2678 1788 2946 1852; x_wconf 80' lang='lat' dir='ltr'><strong><em>habendi</em></strong></span> <span class='ocrx_word' id='word_1_64' title='bbox 2991 1789 3201 1853; x_wconf 76' lang='lat' dir='ltr'><strong><em>aliare</em></strong></span> <span class='ocrx_word' id='word_1_65' title='bbox 3233 1791 3577 1873; x_wconf 81' lang='lat' dir='ltr'><em>portatile,</em></span> <span class='ocrx_word' id='word_1_66' title='bbox 3624 1810 3817 1873; x_wconf 81' lang='lat' dir='ltr'><strong><em>super</em></strong></span> <span class='ocrx_word' id='word_1_67' title='bbox 3860 1811 3979 1875; x_wconf 79' lang='lat' dir='ltr'><strong><em>quo</em></strong></span> 
     </span>
     <span class='ocr_line' id='line_1_9' title="bbox 1135 1895 3983 1981; baseline 0 -21"><span class='ocrx_word' id='word_1_68' title='bbox 1135 1900 1203 1960; x_wconf 83' lang='lat' dir='ltr'><strong><em>in</em></strong></span> <span class='ocrx_word' id='word_1_69' title='bbox 1264 1917 1384 1960; x_wconf 79' lang='lat' dir='ltr'><strong><em>sua</em></strong></span> <span class='ocrx_word' id='word_1_70' title='bbox 1443 1904 1501 1959; x_wconf 80' lang='lat' dir='ltr'><strong><em>et</em></strong></span> <span class='ocrx_word' id='word_1_71' title='bbox 1563 1897 1764 1960; x_wconf 86' lang='lat' dir='ltr'><strong><em>decem</em></strong></span> <span class='ocrx_word' id='word_1_72' title='bbox 1829 1896 2262 1978; x_wconf 79' lang='lat' dir='ltr'><strong><em>familiarium</em></strong></span> <span class='ocrx_word' id='word_1_73' title='bbox 2326 1895 2802 1960; x_wconf 81' lang='lat' dir='ltr'><strong><em>domesticorum</em></strong></span> <span class='ocrx_word' id='word_1_74' title='bbox 2856 1899 3229 1981; x_wconf 79' lang='lat' dir='ltr'><strong><em>praesentia</em></strong></span> <span class='ocrx_word' id='word_1_75' title='bbox 3279 1917 3403 1981; x_wconf 88' lang='lat' dir='ltr'><strong><em>per</em></strong></span> <span class='ocrx_word' id='word_1_76' title='bbox 3451 1896 3739 1960; x_wconf 82' lang='lat' dir='ltr'><strong><em>idoneum</em></strong></span> <span class='ocrx_word' id='word_1_77' title='bbox 3786 1917 3983 1961; x_wconf 83' lang='lat' dir='ltr'><strong><em>sacer-</em></strong></span> 
     </span>
     <span class='ocr_line' id='line_1_10' title="bbox 1134 2000 3374 2087; baseline -0 -21"><span class='ocrx_word' id='word_1_78' title='bbox 1134 2003 1337 2066; x_wconf 79' lang='lat' dir='ltr'><strong><em>dotem</em></strong></span> <span class='ocrx_word' id='word_1_79' title='bbox 1382 2002 1652 2066; x_wconf 78' lang='lat' dir='ltr'><strong><em>Missam</em></strong></span> <span class='ocrx_word' id='word_1_80' title='bbox 1700 2003 1959 2087; x_wconf 80' lang='lat' dir='ltr'><strong><em>aliaque</em></strong></span> <span class='ocrx_word' id='word_1_81' title='bbox 2005 2002 2223 2065; x_wconf 83' lang='lat' dir='ltr'><strong><em>divina</em></strong></span> <span class='ocrx_word' id='word_1_82' title='bbox 2271 2000 2491 2084; x_wconf 78' lang='lat' dir='ltr'><strong><em>officia</em></strong></span> <span class='ocrx_word' id='word_1_83' title='bbox 2538 2001 2844 2065; x_wconf 81' lang='lat' dir='ltr'><strong><em>celebrari</em></strong></span> <span class='ocrx_word' id='word_1_84' title='bbox 2885 2002 3099 2084; x_wconf 83' lang='lat' dir='ltr'><strong><em>facere</em></strong></span> <span class='ocrx_word' id='word_1_85' title='bbox 3145 2002 3374 2065; x_wconf 81' lang='lat' dir='ltr'><strong><em>valeat.</em></strong></span> 
     </span>
    </p>

    <p class='ocr_par' dir='ltr' id='par_1_7' title="bbox 1132 2106 3979 2387">
     <span class='ocr_line' id='line_1_11' title="bbox 1220 2106 3973 2193; baseline -0 -21"><span class='ocrx_word' id='word_1_86' title='bbox 1220 2110 1298 2173; x_wconf 89' lang='lat' dir='ltr'><strong><em>B.</em></strong></span> <span class='ocrx_word' id='word_1_87' title='bbox 1392 2108 1615 2172; x_wconf 80' lang='lat' dir='ltr'><strong><em>Eidem</em></strong></span> <span class='ocrx_word' id='word_1_88' title='bbox 1662 2109 2053 2193; x_wconf 66' lang='lat' dir='ltr'><strong><em>indulcetur,</em></strong></span> <span class='ocrx_word' id='word_1_89' title='bbox 2103 2107 2273 2193; x_wconf 77' lang='lat' dir='ltr'><strong><em>qaod</em></strong></span> <span class='ocrx_word' id='word_1_90' title='bbox 2305 2110 2373 2172; x_wconf 77' lang='lat' dir='ltr'><strong><em>in</em></strong></span> <span class='ocrx_word' id='word_1_91' title='bbox 2401 2129 2521 2171; x_wconf 83' lang='lat' dir='ltr'><strong><em>sua</em></strong></span> <span class='ocrx_word' id='word_1_92' title='bbox 2551 2115 2610 2171; x_wconf 78' lang='lat' dir='ltr'><strong><em>et</em></strong></span> <span class='ocrx_word' id='word_1_93' title='bbox 2642 2108 2843 2171; x_wconf 84' lang='lat' dir='ltr'><strong><em>decem</em></strong></span> <span class='ocrx_word' id='word_1_94' title='bbox 2874 2108 3282 2189; x_wconf 79' lang='lat' dir='ltr'><strong><em>familiarum</em></strong></span> <span class='ocrx_word' id='word_1_95' title='bbox 3305 2108 3679 2192; x_wconf 81' lang='lat' dir='ltr'><strong><em>praesentia</em></strong></span> <span class='ocrx_word' id='word_1_96' title='bbox 3711 2106 3973 2171; x_wconf 71' lang='lat' dir='ltr'><strong><em>Missam</em></strong></span> 
     </span>
     <span class='ocr_line' id='line_1_12' title="bbox 1132 2213 3979 2301; baseline -0.001 -22"><span class='ocrx_word' id='word_1_97' title='bbox 1132 2216 1390 2301; x_wconf 79' lang='lat' dir='ltr'><strong><em>aliaque</em></strong></span> <span class='ocrx_word' id='word_1_98' title='bbox 1436 2215 1654 2278; x_wconf 85' lang='lat' dir='ltr'><strong><em>divina</em></strong></span> <span class='ocrx_word' id='word_1_99' title='bbox 1700 2214 1921 2297; x_wconf 83' lang='lat' dir='ltr'><strong><em>officia</em></strong></span> <span class='ocrx_word' id='word_1_100' title='bbox 1968 2218 2031 2278; x_wconf 80' lang='lat' dir='ltr'><strong><em>in</em></strong></span> <span class='ocrx_word' id='word_1_101' title='bbox 2082 2215 2231 2279; x_wconf 86' lang='lat' dir='ltr'><strong><em>locis</em></strong></span> <span class='ocrx_word' id='word_1_102' title='bbox 2262 2215 2669 2278; x_wconf 83' lang='lat' dir='ltr'><strong><em>ecclesiastico</em></strong></span> <span class='ocrx_word' id='word_1_103' title='bbox 2700 2216 3045 2299; x_wconf 75' lang='lat' dir='ltr'><strong><em>suppositis</em></strong></span> <span class='ocrx_word' id='word_1_104' title='bbox 3079 2214 3408 2278; x_wconf 81' lang='lat' dir='ltr'><strong><em>interdicto</em></strong></span> <span class='ocrx_word' id='word_1_105' title='bbox 3439 2213 3745 2278; x_wconf 83' lang='lat' dir='ltr'><strong><em>celebrari</em></strong></span> <span class='ocrx_word' id='word_1_106' title='bbox 3772 2214 3979 2295; x_wconf 80' lang='lat' dir='ltr'><strong><em>facere</em></strong></span> 
     </span>
     <span class='ocr_line' id='line_1_13' title="bbox 1132 2323 1360 2387; baseline 0.009 -2"><span class='ocrx_word' id='word_1_107' title='bbox 1132 2323 1360 2387; x_wconf 64' lang='lat' dir='ltr'><strong><em>vakai.</em></strong></span> 
     </span>
    </p>
   </div>
   <div class='ocr_carea' id='block_1_7' title="bbox 909 2504 3967 2701">
    <p class='ocr_par' dir='ltr' id='par_1_8' title="bbox 909 2504 3967 2701">
     <span class='ocr_line' id='line_1_14' title="bbox 1129 2504 3967 2592; baseline -0 -21"><span class='ocrx_word' id='word_1_108' title='bbox 1129 2507 1397 2571; x_wconf 81' lang='lat' dir='ltr'><strong><em>Sincere</em></strong></span> <span class='ocrx_word' id='word_1_109' title='bbox 1444 2505 1811 2571; x_wconf 82' lang='lat' dir='ltr'><strong><em>devotionis</em></strong></span> <span class='ocrx_word' id='word_1_110' title='bbox 1859 2505 2150 2570; x_wconf 84' lang='lat' dir='ltr'><strong><em>affectus.</em></strong></span> <span class='ocrx_word' id='word_1_111' title='bbox 2187 2555 2201 2570; x_wconf 88' lang='lat'><strong>.</strong></span> <span class='ocrx_word' id='word_1_112' title='bbox 2230 2556 2245 2571; x_wconf 95' lang='lat'><strong><em>.</em></strong></span> <span class='ocrx_word' id='word_1_113' title='bbox 2275 2555 2290 2570; x_wconf 91' lang='lat'><strong>.</strong></span> <span class='ocrx_word' id='word_1_114' title='bbox 2364 2506 2515 2571; x_wconf 90' lang='lat' dir='ltr'><strong><em>Dat.</em></strong></span> <span class='ocrx_word' id='word_1_115' title='bbox 2564 2505 2932 2588; x_wconf 80' lang='lat' dir='ltr'><strong><em>Avinione,</em></strong></span> <span class='ocrx_word' id='word_1_116' title='bbox 2992 2504 3161 2570; x_wconf 85' lang='lat' dir='ltr'><strong><em>Non.</em></strong></span> <span class='ocrx_word' id='word_1_117' title='bbox 3212 2505 3497 2590; x_wconf 83' lang='lat' dir='ltr'><strong><em>Aprilis,</em></strong></span> <span class='ocrx_word' id='word_1_118' title='bbox 3547 2505 3967 2592; x_wconf 88' lang='lat' dir='ltr'><strong><em>pontificatus</em></strong></span> 
     </span>
     <span class='ocr_line' id='line_1_15' title="bbox 909 2614 1620 2701; baseline -0.004 -22"><span class='ocrx_word' id='word_1_119' title='bbox 909 2614 1117 2679; x_wconf 89' lang='lat' dir='ltr'><strong><em>nostri</em></strong></span> <span class='ocrx_word' id='word_1_120' title='bbox 1163 2635 1335 2679; x_wconf 92' lang='lat' dir='ltr'><strong><em>anno</em></strong></span> <span class='ocrx_word' id='word_1_121' title='bbox 1389 2614 1620 2701; x_wconf 85' lang='lat' dir='ltr'><strong><em>prime.</em></strong></span> 
     </span>
    </p>
   </div>
   <div class='ocr_carea' id='block_1_8' title="bbox 1322 2746 3994 2896">
    <p class='ocr_par' dir='ltr' id='par_1_9' title="bbox 1322 2746 3994 2896">
     <span class='ocr_line' id='line_1_16' title="bbox 1369 2746 2139 2798; baseline -0.001 0"><span class='ocrx_word' id='word_1_122' title='bbox 1369 2786 1380 2798; x_wconf 93' lang='lat'><strong>.</strong></span> <span class='ocrx_word' id='word_1_123' title='bbox 1567 2785 1578 2797; x_wconf 91' lang='lat'><em>.</em></span> <span class='ocrx_word' id='word_1_124' title='bbox 1703 2785 1714 2797; x_wconf 93' lang='lat'><strong>.</strong></span> <span class='ocrx_word' id='word_1_125' title='bbox 1760 2749 1811 2797; x_wconf 81' lang='lat' dir='ltr'><strong><em>T.</em></strong></span> <span class='ocrx_word' id='word_1_126' title='bbox 1982 2784 1993 2795; x_wconf 93' lang='lat'>.</span> <span class='ocrx_word' id='word_1_127' title='bbox 2024 2746 2091 2795; x_wconf 64' lang='grc' dir='ltr'><strong><em>ι25</em></strong></span> <span class='ocrx_word' id='word_1_128' title='bbox 2127 2785 2139 2797; x_wconf 93' lang='grc'><strong>.</strong></span> 
     </span>
     <span class='ocr_line' id='line_1_17' title="bbox 1322 2746 3994 2896; baseline 0.002 -16"><span class='ocrx_word' id='word_1_129' title='bbox 1322 2748 1699 2880; x_wconf 44' lang='lat' dir='ltr'><strong><em>guivad-egenti?</em></strong></span> <span class='ocrx_word' id='word_1_130' title='bbox 1736 2746 2034 2880; x_wconf 56' lang='grc' dir='ltr'><strong><em>Μοιῗιὶωζω</em></strong></span> <span class='ocrx_word' id='word_1_131' title='bbox 2079 2746 2281 2879; x_wconf 51' lang='lat' dir='ltr'><strong><em>jaciens</em></strong></span> <span class='ocrx_word' id='word_1_132' title='bbox 2327 2831 2376 2880; x_wconf 90' lang='grc' dir='ltr'><strong><em>Ι.</em></strong></span> <span class='ocrx_word' id='word_1_133' title='bbox 2412 2829 2573 2893; x_wconf 81' lang='grc'><strong>300*;</strong></span> <span class='ocrx_word' id='word_1_134' title='bbox 2623 2831 2875 2880; x_wconf 75' lang='lat' dir='ltr'><strong><em>Devillere</em></strong></span> <span class='ocrx_word' id='word_1_135' title='bbox 2914 2831 3210 2880; x_wconf 68' lang='lat' dir='ltr'><strong><em>cartulaire</em></strong></span> <span class='ocrx_word' id='word_1_136' title='bbox 3256 2831 3339 2880; x_wconf 89' lang='lat' dir='ltr'><strong><em>II.</em></strong></span> <span class='ocrx_word' id='word_1_137' title='bbox 3376 2829 3492 2881; x_wconf 86' lang='lat'><strong>570.</strong></span> <span class='ocrx_word' id='word_1_138' title='bbox 3527 2830 3586 2880; x_wconf 62' lang='lat' dir='ltr'><strong><em>a·</em></strong></span> <span class='ocrx_word' id='word_1_139' title='bbox 3621 2830 3743 2893; x_wconf 79' lang='lat'><strong><em>746,</em></strong></span> <span class='ocrx_word' id='word_1_140' title='bbox 3791 2835 3994 2896; x_wconf 59' lang='lat' dir='ltr'><strong><em>uterque</em></strong></span> 
     </span>
    </p>
   </div>
   <div class='ocr_carea' id='block_1_9' title="bbox 1254 2915 3991 3063">
    <p class='ocr_par' dir='ltr' id='par_1_10' title="bbox 1254 2915 3991 3063">
     <span class='ocr_line' id='line_1_18' title="bbox 1254 2915 2844 2978; baseline 0.001 -14"><span class='ocrx_word' id='word_1_141' title='bbox 1254 2917 1515 2965; x_wconf 73' lang='lat' dir='ltr'><strong><em>secundum</em></strong></span> <span class='ocrx_word' id='word_1_142' title='bbox 1550 2916 1920 2978; x_wconf 65' lang='lat' dir='ltr'><strong><em>autographum</em></strong></span> <span class='ocrx_word' id='word_1_143' title='bbox 1954 2916 2007 2963; x_wconf 73' lang='lat' dir='ltr'><strong><em>in</em></strong></span> <span class='ocrx_word' id='word_1_144' title='bbox 2044 2915 2249 2964; x_wconf 61' lang='lat' dir='ltr'><strong><em>archivo</em></strong></span> <span class='ocrx_word' id='word_1_145' title='bbox 2287 2915 2485 2963; x_wconf 70' lang='lat' dir='ltr'><strong><em>Montis</em></strong></span> <span class='ocrx_word' id='word_1_146' title='bbox 2519 2915 2844 2965; x_wconf 68' lang='lat' dir='ltr'><strong><em>Hannoniae.</em></strong></span> 
     </span>
     <span class='ocr_line' id='line_1_19' title="bbox 1324 2996 3991 3063; baseline 0 -15"><span class='ocrx_word' id='word_1_147' title='bbox 1324 2998 1379 3048; x_wconf 89' lang='lat' dir='ltr'><strong><em>B.</em></strong></span> <span class='ocrx_word' id='word_1_148' title='bbox 1450 2998 1818 3048; x_wconf 69' lang='lat' dir='ltr'><strong><em>saint-amis</em></strong></span> <span class='ocrx_word' id='word_1_149' title='bbox 1852 2998 1887 3048; x_wconf 85' lang='lat' dir='ltr'><strong><em>l.</em></strong></span> <span class='ocrx_word' id='word_1_150' title='bbox 1911 3001 2012 3062; x_wconf 79' lang='lat' dir='ltr'><strong><em>c.*;</em></strong></span> <span class='ocrx_word' id='word_1_151' title='bbox 2049 2998 2300 3047; x_wconf 73' lang='lat' dir='ltr'><strong><em>Devillers</em></strong></span> <span class='ocrx_word' id='word_1_152' title='bbox 2334 2998 2370 3048; x_wconf 89' lang='lat' dir='ltr'><strong><em>l.</em></strong></span> <span class='ocrx_word' id='word_1_153' title='bbox 2392 3014 2435 3048; x_wconf 82' lang='lat' dir='ltr'><strong><em>c.</em></strong></span> <span class='ocrx_word' id='word_1_154' title='bbox 2469 2996 2584 3048; x_wconf 85' lang='lat'><strong>571.</strong></span> <span class='ocrx_word' id='word_1_155' title='bbox 2617 2998 2675 3045; x_wconf 67' lang='grc' dir='ltr'><strong><em>η’</em></strong></span> <span class='ocrx_word' id='word_1_156' title='bbox 2698 2997 2856 3061; x_wconf 75' lang='lat'><strong><em>747*,</em></strong></span> <span class='ocrx_word' id='word_1_157' title='bbox 2892 3002 3101 3061; x_wconf 64' lang='lat' dir='ltr'><strong><em>uterque</em></strong></span> <span class='ocrx_word' id='word_1_158' title='bbox 3123 2999 3384 3047; x_wconf 68' lang='lat' dir='ltr'><strong><em>set-*undum</em></strong></span> <span class='ocrx_word' id='word_1_159' title='bbox 3405 2998 3774 3063; x_wconf 67' lang='lat' dir='ltr'><strong><em>autoyraplum</em></strong></span> <span class='ocrx_word' id='word_1_160' title='bbox 3799 2998 3991 3049; x_wconf 56' lang='lat' dir='ltr'><strong><em>ibidem</em></strong></span> 
     </span>
    </p>
   </div>
   <div class='ocr_carea' id='block_1_10' title="bbox 899 3497 2965 3584">
    <p class='ocr_par' dir='ltr' id='par_1_11' title="bbox 899 3497 2965 3584">
     <span class='ocr_line' id='line_1_20' title="bbox 899 3497 2965 3584; baseline -0.001 -20"><span class='ocrx_word' id='word_1_161' title='bbox 899 3497 1088 3567; x_wconf 81' lang='lat'><strong>1987.</strong></span> <span class='ocrx_word' id='word_1_162' title='bbox 1907 3499 2115 3579; x_wconf 86' lang='lat'><strong><em>1371,</em></strong></span> <span class='ocrx_word' id='word_1_163' title='bbox 2166 3498 2426 3584; x_wconf 81' lang='lat' dir='ltr'><strong><em>Aprilis</em></strong></span> <span class='ocrx_word' id='word_1_164' title='bbox 2474 3501 2550 3579; x_wconf 88' lang='lat'><strong><em>5,</em></strong></span> <span class='ocrx_word' id='word_1_165' title='bbox 2599 3498 2965 3562; x_wconf 81' lang='lat' dir='ltr'><strong><em>Avenionis.</em></strong></span> 
     </span>
    </p>
   </div>
   <div class='ocr_carea' id='block_1_11' title="bbox 1120 3652 3974 3951">
    <p class='ocr_par' dir='ltr' id='par_1_12' title="bbox 1120 3652 3974 3951">
     <span class='ocr_line' id='line_1_21' title="bbox 1222 3652 3974 3738; baseline 0.001 -22"><span class='ocrx_word' id='word_1_166' title='bbox 1222 3652 1486 3737; x_wconf 84' lang='lat' dir='ltr'><strong><em>Capella</em></strong></span> <span class='ocrx_word' id='word_1_167' title='bbox 1534 3652 1587 3716; x_wconf 82' lang='lat' dir='ltr'><strong><em>b.</em></strong></span> <span class='ocrx_word' id='word_1_168' title='bbox 1638 3652 1895 3716; x_wconf 87' lang='lat' dir='ltr'><strong><em>Mariae</em></strong></span> <span class='ocrx_word' id='word_1_169' title='bbox 1956 3652 2244 3737; x_wconf 73' lang='lat' dir='ltr'><strong><em>Virqinis</em></strong></span> <span class='ocrx_word' id='word_1_170' title='bbox 2291 3655 2360 3716; x_wconf 83' lang='lat' dir='ltr'><strong><em>in</em></strong></span> <span class='ocrx_word' id='word_1_171' title='bbox 2410 3652 2606 3738; x_wconf 73' lang='lat' dir='ltr'><strong><em>Haqa</em></strong></span> <span class='ocrx_word' id='word_1_172' title='bbox 2647 3655 2920 3737; x_wconf 76' lang='lat' dir='ltr'><strong><em>eriqitur</em></strong></span> <span class='ocrx_word' id='word_1_173' title='bbox 2951 3655 3020 3717; x_wconf 82' lang='lat' dir='ltr'><strong><em>in</em></strong></span> <span class='ocrx_word' id='word_1_174' title='bbox 3050 3654 3448 3738; x_wconf 75' lang='lat' dir='ltr'><strong><em>colleqiatam</em></strong></span> <span class='ocrx_word' id='word_1_175' title='bbox 3481 3674 3621 3717; x_wconf 80' lang='lat' dir='ltr'><strong><em>cum</em></strong></span> <span class='ocrx_word' id='word_1_176' title='bbox 3650 3653 3974 3718; x_wconf 78' lang='lat' dir='ltr'><strong><em>duodecim</em></strong></span> 
     </span>
     <span class='ocr_line' id='line_1_22' title="bbox 1125 3758 3974 3843; baseline 0.001 -21"><span class='ocrx_word' id='word_1_177' title='bbox 1125 3760 1439 3823; x_wconf 77' lang='lat' dir='ltr'><strong><em>canonicis</em></strong></span> <span class='ocrx_word' id='word_1_178' title='bbox 1485 3767 1543 3822; x_wconf 83' lang='lat' dir='ltr'><strong><em>et</em></strong></span> <span class='ocrx_word' id='word_1_179' title='bbox 1588 3780 1714 3823; x_wconf 81' lang='lat' dir='ltr'><strong><em>uno</em></strong></span> <span class='ocrx_word' id='word_1_180' title='bbox 1761 3758 2025 3836; x_wconf 84' lang='lat' dir='ltr'><strong><em>decano;</em></strong></span> <span class='ocrx_word' id='word_1_181' title='bbox 2073 3759 2268 3821; x_wconf 90' lang='lat' dir='ltr'><strong><em>eidem</em></strong></span> <span class='ocrx_word' id='word_1_182' title='bbox 2313 3760 2598 3843; x_wconf 81' lang='lat' dir='ltr'><strong><em>capellae</em></strong></span> <span class='ocrx_word' id='word_1_183' title='bbox 2644 3759 3109 3842; x_wconf 81' lang='lat' dir='ltr'><strong><em>confirmantur</em></strong></span> <span class='ocrx_word' id='word_1_184' title='bbox 3156 3758 3345 3842; x_wconf 83' lang='lat' dir='ltr'><strong><em>bona,</em></strong></span> <span class='ocrx_word' id='word_1_185' title='bbox 3393 3759 3472 3823; x_wconf 83' lang='lat' dir='ltr'><strong><em>ab</em></strong></span> <span class='ocrx_word' id='word_1_186' title='bbox 3513 3759 3779 3825; x_wconf 83' lang='lat' dir='ltr'><strong><em>Alberto</em></strong></span> <span class='ocrx_word' id='word_1_187' title='bbox 3821 3760 3974 3824; x_wconf 79' lang='lat' dir='ltr'><strong><em>duce</em></strong></span> 
     </span>
     <span class='ocr_line' id='line_1_23' title="bbox 1120 3865 3809 3951; baseline 0 -22"><span class='ocrx_word' id='word_1_188' title='bbox 1120 3866 1442 3930; x_wconf 88' lang='lat' dir='ltr'><strong><em>Bavariae</em></strong></span> <span class='ocrx_word' id='word_1_189' title='bbox 1485 3868 1743 3951; x_wconf 72' lang='lat' dir='ltr'><strong><em>ejusque</em></strong></span> <span class='ocrx_word' id='word_1_190' title='bbox 1788 3886 1984 3929; x_wconf 77' lang='lat' dir='ltr'><strong><em>uxore</em></strong></span> <span class='ocrx_word' id='word_1_191' title='bbox 2030 3865 2405 3949; x_wconf 74' lang='lat' dir='ltr'><strong><em>Maryarita</em></strong></span> <span class='ocrx_word' id='word_1_192' title='bbox 2451 3869 2817 3950; x_wconf 75' lang='lat' dir='ltr'><strong><em>assiqnata,</em></strong></span> <span class='ocrx_word' id='word_1_193' title='bbox 2866 3873 3058 3951; x_wconf 78' lang='lat' dir='ltr'><strong><em>atque</em></strong></span> <span class='ocrx_word' id='word_1_194' title='bbox 3103 3867 3363 3951; x_wconf 74' lang='lat' dir='ltr'><strong><em>reyulae</em></strong></span> <span class='ocrx_word' id='word_1_195' title='bbox 3407 3874 3809 3931; x_wconf 77' lang='lat' dir='ltr'><strong><em>statuuntur.</em></strong></span> 
     </span>
    </p>
   </div>
   <div class='ocr_carea' id='block_1_12' title="bbox 892 4046 3975 5730">
    <p class='ocr_par' dir='ltr' id='par_1_13' title="bbox 894 4046 3974 4219">
     <span class='ocr_line' id='line_1_24' title="bbox 1122 4046 3974 4134; baseline -0.001 -22"><span class='ocrx_word' id='word_1_196' title='bbox 1122 4047 1549 4133; x_wconf 78' lang='lat' dir='ltr'><strong><em>Gregorius</em></strong></span> <span class='ocrx_word' id='word_1_197' title='bbox 1613 4047 2069 4133; x_wconf 87' lang='lat' dir='ltr'><strong><em>episcopus,</em></strong></span> <span class='ocrx_word' id='word_1_198' title='bbox 2138 4068 2415 4112; x_wconf 79' lang='lat' dir='ltr'><strong><em>servus</em></strong></span> <span class='ocrx_word' id='word_1_199' title='bbox 2481 4067 2885 4112; x_wconf 84' lang='lat' dir='ltr'><strong><em>servorum</em></strong></span> <span class='ocrx_word' id='word_1_200' title='bbox 2945 4048 3127 4131; x_wconf 91' lang='lat' dir='ltr'><strong><em>Dei,</em></strong></span> <span class='ocrx_word' id='word_1_201' title='bbox 3193 4046 3286 4112; x_wconf 96' lang='lat' dir='ltr'><strong><em>ad</em></strong></span> <span class='ocrx_word' id='word_1_202' title='bbox 3350 4053 3816 4134; x_wconf 87' lang='lat' dir='ltr'><strong><em>perpetuam</em></strong></span> <span class='ocrx_word' id='word_1_203' title='bbox 3863 4047 3974 4112; x_wconf 92' lang='lat' dir='ltr'><strong><em>rei</em></strong></span> 
     </span>
     <span class='ocr_line' id='line_1_25' title="bbox 894 4154 1367 4219; baseline 0 -1"><span class='ocrx_word' id='word_1_204' title='bbox 894 4154 1367 4219; x_wconf 80' lang='lat' dir='ltr'><strong><em>memoriam.</em></strong></span> 
     </span>
    </p>

    <p class='ocr_par' dir='ltr' id='par_1_14' title="bbox 892 4259 3975 5730">
     <span class='ocr_line' id='line_1_26' title="bbox 1120 4259 3975 4348; baseline 0 -23"><span class='ocrx_word' id='word_1_205' title='bbox 1120 4261 1404 4326; x_wconf 88' lang='lat' dir='ltr'><strong><em>Romani</em></strong></span> <span class='ocrx_word' id='word_1_206' title='bbox 1472 4260 1800 4345; x_wconf 87' lang='lat' dir='ltr'><strong><em>pontificis</em></strong></span> <span class='ocrx_word' id='word_1_207' title='bbox 1870 4259 2294 4345; x_wconf 82' lang='lat' dir='ltr'><strong><em>providencia</em></strong></span> <span class='ocrx_word' id='word_1_208' title='bbox 2356 4260 2826 4347; x_wconf 87' lang='lat' dir='ltr'><strong><em>circumspecta</em></strong></span> <span class='ocrx_word' id='word_1_209' title='bbox 2886 4262 3050 4342; x_wconf 90' lang='lat' dir='ltr'><strong><em>hiis,</em></strong></span> <span class='ocrx_word' id='word_1_210' title='bbox 3121 4282 3249 4347; x_wconf 89' lang='lat' dir='ltr'><strong><em>que</em></strong></span> <span class='ocrx_word' id='word_1_211' title='bbox 3313 4281 3431 4348; x_wconf 88' lang='lat' dir='ltr'><strong><em>pro</em></strong></span> <span class='ocrx_word' id='word_1_212' title='bbox 3497 4261 3700 4326; x_wconf 83' lang='lat' dir='ltr'><strong><em>divini</em></strong></span> <span class='ocrx_word' id='word_1_213' title='bbox 3759 4260 3975 4326; x_wconf 77' lang='lat' dir='ltr'><strong><em>cultus</em></strong></span> 
     </span>
     <span class='ocr_line' id='line_1_27' title="bbox 899 4365 3970 4454; baseline -0.001 -21"><span class='ocrx_word' id='word_1_214' title='bbox 899 4374 1255 4454; x_wconf 88' lang='lat' dir='ltr'><strong><em>augmento</em></strong></span> <span class='ocrx_word' id='word_1_215' title='bbox 1306 4373 1374 4431; x_wconf 89' lang='lat' dir='ltr'><strong><em>et</em></strong></span> <span class='ocrx_word' id='word_1_216' title='bbox 1422 4367 1783 4431; x_wconf 87' lang='lat' dir='ltr'><strong><em>animarum</em></strong></span> <span class='ocrx_word' id='word_1_217' title='bbox 1832 4365 2123 4430; x_wconf 89' lang='lat' dir='ltr'><strong><em>fidelium</em></strong></span> <span class='ocrx_word' id='word_1_218' title='bbox 2175 4367 2386 4430; x_wconf 89' lang='lat' dir='ltr'><strong><em>salute</em></strong></span> <span class='ocrx_word' id='word_1_219' title='bbox 2434 4367 2704 4452; x_wconf 86' lang='lat' dir='ltr'><strong><em>provide</em></strong></span> <span class='ocrx_word' id='word_1_220' title='bbox 2748 4367 2920 4432; x_wconf 87' lang='lat' dir='ltr'><strong><em>facta</em></strong></span> <span class='ocrx_word' id='word_1_221' title='bbox 2953 4375 3144 4450; x_wconf 91' lang='lat' dir='ltr'><strong><em>sunt,</em></strong></span> <span class='ocrx_word' id='word_1_222' title='bbox 3191 4375 3266 4432; x_wconf 92' lang='lat' dir='ltr'><strong><em>ut</em></strong></span> <span class='ocrx_word' id='word_1_223' title='bbox 3298 4369 3552 4433; x_wconf 87' lang='lat' dir='ltr'><strong><em>illibata</em></strong></span> <span class='ocrx_word' id='word_1_224' title='bbox 3581 4367 3970 4449; x_wconf 78' lang='lat' dir='ltr'><strong><em>consistant,</em></strong></span> 
     </span>
     <span class='ocr_line' id='line_1_28' title="bbox 893 4472 3971 4560; baseline -0 -22"><span class='ocrx_word' id='word_1_225' title='bbox 893 4474 1095 4539; x_wconf 92' lang='lat' dir='ltr'><strong><em>robur</em></strong></span> <span class='ocrx_word' id='word_1_226' title='bbox 1142 4473 1426 4538; x_wconf 80' lang='lat' dir='ltr'><strong><em>libenter</em></strong></span> <span class='ocrx_word' id='word_1_227' title='bbox 1472 4472 1672 4536; x_wconf 89' lang='lat' dir='ltr'><strong><em>adicit</em></strong></span> <span class='ocrx_word' id='word_1_228' title='bbox 1714 4472 2070 4558; x_wconf 91' lang='lat' dir='ltr'><strong><em>apostolice</em></strong></span> <span class='ocrx_word' id='word_1_229' title='bbox 2106 4473 2433 4537; x_wconf 89' lang='lat' dir='ltr'><strong><em>firmitatis</em></strong></span> <span class='ocrx_word' id='word_1_230' title='bbox 2467 4478 2535 4538; x_wconf 90' lang='lat' dir='ltr'><strong><em>et</em></strong></span> <span class='ocrx_word' id='word_1_231' title='bbox 2567 4473 2738 4538; x_wconf 87' lang='lat' dir='ltr'><strong><em>circa</em></strong></span> <span class='ocrx_word' id='word_1_232' title='bbox 2767 4473 2882 4538; x_wconf 91' lang='lat' dir='ltr'><strong><em>illa</em></strong></span> <span class='ocrx_word' id='word_1_233' title='bbox 2913 4473 3341 4560; x_wconf 80' lang='lat' dir='ltr'><strong><em>quandoque,</em></strong></span> <span class='ocrx_word' id='word_1_234' title='bbox 3390 4481 3585 4560; x_wconf 88' lang='lat' dir='ltr'><strong><em>prout</em></strong></span> <span class='ocrx_word' id='word_1_235' title='bbox 3616 4474 3741 4538; x_wconf 90' lang='lat' dir='ltr'><strong><em>hoc</em></strong></span> <span class='ocrx_word' id='word_1_236' title='bbox 3773 4493 3971 4558; x_wconf 80' lang='lat' dir='ltr'><strong><em>expe-</em></strong></span> 
     </span>
     <span class='ocr_line' id='line_1_29' title="bbox 896 4579 3967 4667; baseline -0.001 -21"><span class='ocrx_word' id='word_1_237' title='bbox 896 4580 1035 4646; x_wconf 90' lang='lat' dir='ltr'><strong><em>dire</em></strong></span> <span class='ocrx_word' id='word_1_238' title='bbox 1068 4580 1411 4666; x_wconf 77' lang='lat' dir='ltr'><strong><em>conspicit,</em></strong></span> <span class='ocrx_word' id='word_1_239' title='bbox 1445 4580 1761 4644; x_wconf 90' lang='lat' dir='ltr'><strong><em>nonnulla</em></strong></span> <span class='ocrx_word' id='word_1_240' title='bbox 1793 4580 2078 4644; x_wconf 88' lang='lat' dir='ltr'><strong><em>salubria</em></strong></span> <span class='ocrx_word' id='word_1_241' title='bbox 2111 4585 2177 4644; x_wconf 91' lang='lat' dir='ltr'><strong><em>et</em></strong></span> <span class='ocrx_word' id='word_1_242' title='bbox 2210 4579 2399 4643; x_wconf 87' lang='lat' dir='ltr'><strong><em>utilia</em></strong></span> <span class='ocrx_word' id='word_1_243' title='bbox 2431 4581 2662 4644; x_wconf 82' lang='lat' dir='ltr'><strong><em>statuit</em></strong></span> <span class='ocrx_word' id='word_1_244' title='bbox 2696 4586 2764 4644; x_wconf 92' lang='lat' dir='ltr'><strong><em>et</em></strong></span> <span class='ocrx_word' id='word_1_245' title='bbox 2798 4580 3107 4666; x_wconf 88' lang='lat' dir='ltr'><strong><em>disponit.</em></strong></span> <span class='ocrx_word' id='word_1_246' title='bbox 3151 4580 3325 4646; x_wconf 83' lang='lat' dir='ltr'><strong><em>Sane</em></strong></span> <span class='ocrx_word' id='word_1_247' title='bbox 3358 4581 3596 4667; x_wconf 89' lang='lat' dir='ltr'><strong><em>peticio</em></strong></span> <span class='ocrx_word' id='word_1_248' title='bbox 3631 4601 3748 4666; x_wconf 88' lang='lat' dir='ltr'><strong><em>pro</em></strong></span> <span class='ocrx_word' id='word_1_249' title='bbox 3781 4583 3967 4667; x_wconf 88' lang='lat' dir='ltr'><strong><em>parte</em></strong></span> 
     </span>
     <span class='ocr_line' id='line_1_30' title="bbox 895 4686 3970 4769; baseline -0 -17"><span class='ocrx_word' id='word_1_250' title='bbox 895 4686 1118 4752; x_wconf 88' lang='lat' dir='ltr'><strong><em>dilecti</em></strong></span> <span class='ocrx_word' id='word_1_251' title='bbox 1175 4689 1199 4769; x_wconf 82' lang='grc' dir='ltr'><strong><em>ΙΙ</em></strong></span> <span class='ocrx_word' id='word_1_252' title='bbox 1256 4686 1373 4750; x_wconf 90' lang='lat' dir='ltr'><strong><em>filii</em></strong></span> <span class='ocrx_word' id='word_1_253' title='bbox 1422 4686 1657 4751; x_wconf 86' lang='lat' dir='ltr'><strong><em>nobilis</em></strong></span> <span class='ocrx_word' id='word_1_254' title='bbox 1705 4687 1824 4750; x_wconf 84' lang='lat' dir='ltr'><strong><em>viri</em></strong></span> <span class='ocrx_word' id='word_1_255' title='bbox 1874 4687 2134 4751; x_wconf 89' lang='lat' dir='ltr'><strong><em>Alberti</em></strong></span> <span class='ocrx_word' id='word_1_256' title='bbox 2184 4686 2369 4752; x_wconf 91' lang='lat' dir='ltr'><strong><em>ducis</em></strong></span> <span class='ocrx_word' id='word_1_257' title='bbox 2417 4692 2484 4752; x_wconf 92' lang='lat' dir='ltr'><strong><em>et</em></strong></span> <span class='ocrx_word' id='word_1_258' title='bbox 2532 4687 2769 4752; x_wconf 91' lang='lat' dir='ltr'><strong><em>dilecte</em></strong></span> <span class='ocrx_word' id='word_1_259' title='bbox 2819 4689 2886 4752; x_wconf 93' lang='lat' dir='ltr'><strong><em>in</em></strong></span> <span class='ocrx_word' id='word_1_260' title='bbox 2933 4688 3194 4753; x_wconf 81' lang='lat' dir='ltr'><strong><em>Christo</em></strong></span> <span class='ocrx_word' id='word_1_261' title='bbox 3245 4689 3378 4753; x_wconf 92' lang='lat' dir='ltr'><strong><em>filie</em></strong></span> <span class='ocrx_word' id='word_1_262' title='bbox 3413 4689 3650 4754; x_wconf 90' lang='lat' dir='ltr'><strong><em>nobilis</em></strong></span> <span class='ocrx_word' id='word_1_263' title='bbox 3679 4688 3970 4753; x_wconf 90' lang='lat' dir='ltr'><strong><em>mulieris</em></strong></span> 
     </span>
     <span class='ocr_line' id='line_1_31' title="bbox 894 4790 3968 4881; baseline 0 -25"><span class='ocrx_word' id='word_1_264' title='bbox 894 4791 1250 4876; x_wconf 85' lang='lat' dir='ltr'><strong><em>Margarite</em></strong></span> <span class='ocrx_word' id='word_1_265' title='bbox 1314 4790 1569 4856; x_wconf 87' lang='lat' dir='ltr'><strong><em>ducisse</em></strong></span> <span class='ocrx_word' id='word_1_266' title='bbox 1631 4792 1909 4856; x_wconf 83' lang='lat' dir='ltr'><strong><em>Bavarie</em></strong></span> <span class='ocrx_word' id='word_1_267' title='bbox 1974 4793 2163 4857; x_wconf 90' lang='lat' dir='ltr'><strong><em>nobis</em></strong></span> <span class='ocrx_word' id='word_1_268' title='bbox 2230 4813 2441 4879; x_wconf 90' lang='lat' dir='ltr'><strong><em>nuper</em></strong></span> <span class='ocrx_word' id='word_1_269' title='bbox 2501 4793 2801 4858; x_wconf 84' lang='lat' dir='ltr'><strong><em>exhibita</em></strong></span> <span class='ocrx_word' id='word_1_270' title='bbox 2865 4794 3284 4876; x_wconf 89' lang='lat' dir='ltr'><strong><em>continebat,</em></strong></span> <span class='ocrx_word' id='word_1_271' title='bbox 3350 4793 3525 4880; x_wconf 93' lang='lat' dir='ltr'><strong><em>quod</em></strong></span> <span class='ocrx_word' id='word_1_272' title='bbox 3591 4794 3745 4859; x_wconf 91' lang='lat' dir='ltr'><strong><em>olim</em></strong></span> <span class='ocrx_word' id='word_1_273' title='bbox 3807 4793 3968 4881; x_wconf 86' lang='lat' dir='ltr'><strong><em>ipsi,</em></strong></span> 
     </span>
     <span class='ocr_line' id='line_1_32' title="bbox 898 4897 3968 4984; baseline 0 -21"><span class='ocrx_word' id='word_1_274' title='bbox 898 4899 1242 4984; x_wconf 87' lang='lat' dir='ltr'><strong><em>cupientes</em></strong></span> <span class='ocrx_word' id='word_1_275' title='bbox 1290 4902 1552 4962; x_wconf 88' lang='lat' dir='ltr'><strong><em>terrena</em></strong></span> <span class='ocrx_word' id='word_1_276' title='bbox 1597 4898 1666 4961; x_wconf 91' lang='lat' dir='ltr'><strong><em>in</em></strong></span> <span class='ocrx_word' id='word_1_277' title='bbox 1713 4897 1982 4963; x_wconf 90' lang='lat' dir='ltr'><strong><em>celestia</em></strong></span> <span class='ocrx_word' id='word_1_278' title='bbox 2023 4905 2090 4963; x_wconf 89' lang='lat' dir='ltr'><strong><em>et</em></strong></span> <span class='ocrx_word' id='word_1_279' title='bbox 2126 4900 2507 4963; x_wconf 86' lang='lat' dir='ltr'><strong><em>transitoria</em></strong></span> <span class='ocrx_word' id='word_1_280' title='bbox 2537 4900 2604 4963; x_wconf 93' lang='lat' dir='ltr'><strong><em>in</em></strong></span> <span class='ocrx_word' id='word_1_281' title='bbox 2639 4905 2869 4965; x_wconf 88' lang='lat' dir='ltr'><strong><em>eterna</em></strong></span> <span class='ocrx_word' id='word_1_282' title='bbox 2901 4899 3075 4964; x_wconf 83' lang='lat' dir='ltr'><strong><em>felici</em></strong></span> <span class='ocrx_word' id='word_1_283' title='bbox 3110 4901 3501 4966; x_wconf 90' lang='lat' dir='ltr'><strong><em>commercio</em></strong></span> <span class='ocrx_word' id='word_1_284' title='bbox 3536 4906 3968 4982; x_wconf 86' lang='lat' dir='ltr'><strong><em>commutare,</em></strong></span> 
     </span>
     <span class='ocr_line' id='line_1_33' title="bbox 898 5004 3972 5093; baseline 0 -25"><span class='ocrx_word' id='word_1_285' title='bbox 898 5004 980 5068; x_wconf 90' lang='lat' dir='ltr'><strong><em>ad</em></strong></span> <span class='ocrx_word' id='word_1_286' title='bbox 1029 5004 1347 5069; x_wconf 90' lang='lat' dir='ltr'><strong><em>honorem</em></strong></span> <span class='ocrx_word' id='word_1_287' title='bbox 1393 5004 1520 5069; x_wconf 89' lang='lat' dir='ltr'><strong><em>Dei</em></strong></span> <span class='ocrx_word' id='word_1_288' title='bbox 1566 5005 2033 5090; x_wconf 88' lang='lat' dir='ltr'><strong><em>omnipotentis</em></strong></span> <span class='ocrx_word' id='word_1_289' title='bbox 2085 5011 2153 5069; x_wconf 90' lang='lat' dir='ltr'><strong><em>et</em></strong></span> <span class='ocrx_word' id='word_1_290' title='bbox 2201 5005 2395 5070; x_wconf 88' lang='lat' dir='ltr'><strong><em>beate</em></strong></span> <span class='ocrx_word' id='word_1_291' title='bbox 2443 5006 2648 5070; x_wconf 86' lang='lat' dir='ltr'><strong><em>Marie</em></strong></span> <span class='ocrx_word' id='word_1_292' title='bbox 2699 5006 2969 5091; x_wconf 86' lang='lat' dir='ltr'><strong><em>virginis</em></strong></span> <span class='ocrx_word' id='word_1_293' title='bbox 3018 5006 3247 5070; x_wconf 88' lang='lat' dir='ltr'><strong><em>matris</em></strong></span> <span class='ocrx_word' id='word_1_294' title='bbox 3296 5007 3439 5092; x_wconf 86' lang='lat' dir='ltr'><strong><em>ejus</em></strong></span> <span class='ocrx_word' id='word_1_295' title='bbox 3487 5027 3562 5070; x_wconf 91' lang='lat' dir='ltr'><strong><em>ac</em></strong></span> <span class='ocrx_word' id='word_1_296' title='bbox 3608 5027 3727 5093; x_wconf 90' lang='lat' dir='ltr'><strong><em>pro</em></strong></span> <span class='ocrx_word' id='word_1_297' title='bbox 3768 5004 3972 5069; x_wconf 84' lang='lat' dir='ltr'><strong><em>divini</em></strong></span> 
     </span>
     <span class='ocr_line' id='line_1_34' title="bbox 894 5111 3974 5198; baseline 0 -23"><span class='ocrx_word' id='word_1_298' title='bbox 894 5111 1110 5175; x_wconf 88' lang='lat' dir='ltr'><strong><em>cultus</em></strong></span> <span class='ocrx_word' id='word_1_299' title='bbox 1156 5116 1509 5196; x_wconf 86' lang='lat' dir='ltr'><strong><em>augmento</em></strong></span> <span class='ocrx_word' id='word_1_300' title='bbox 1545 5132 1941 5196; x_wconf 91' lang='lat' dir='ltr'><strong><em>suorumque</em></strong></span> <span class='ocrx_word' id='word_1_301' title='bbox 1975 5117 2042 5175; x_wconf 91' lang='lat' dir='ltr'><strong><em>et</em></strong></span> <span class='ocrx_word' id='word_1_302' title='bbox 2075 5112 2566 5198; x_wconf 86' lang='lat' dir='ltr'><strong><em>progenitorum</em></strong></span> <span class='ocrx_word' id='word_1_303' title='bbox 2605 5133 2869 5177; x_wconf 90' lang='lat' dir='ltr'><strong><em>suorum</em></strong></span> <span class='ocrx_word' id='word_1_304' title='bbox 2901 5113 3262 5178; x_wconf 87' lang='lat' dir='ltr'><strong><em>animarum</em></strong></span> <span class='ocrx_word' id='word_1_305' title='bbox 3305 5115 3544 5195; x_wconf 90' lang='lat' dir='ltr'><strong><em>salute,</em></strong></span> <span class='ocrx_word' id='word_1_306' title='bbox 3600 5117 3974 5178; x_wconf 87' lang='lat' dir='ltr'><strong><em>statuerunt</em></strong></span> 
     </span>
     <span class='ocr_line' id='line_1_35' title="bbox 895 5217 3971 5305; baseline 0.001 -24"><span class='ocrx_word' id='word_1_307' title='bbox 895 5224 963 5281; x_wconf 89' lang='lat' dir='ltr'><strong><em>et</em></strong></span> <span class='ocrx_word' id='word_1_308' title='bbox 1010 5217 1429 5300; x_wconf 90' lang='lat' dir='ltr'><strong><em>ordinarunt,</em></strong></span> <span class='ocrx_word' id='word_1_309' title='bbox 1492 5217 1664 5304; x_wconf 90' lang='lat' dir='ltr'><strong><em>quod</em></strong></span> <span class='ocrx_word' id='word_1_310' title='bbox 1714 5219 1782 5282; x_wconf 91' lang='lat' dir='ltr'><strong><em>in</em></strong></span> <span class='ocrx_word' id='word_1_311' title='bbox 1830 5219 2081 5304; x_wconf 86' lang='lat' dir='ltr'><strong><em>capella</em></strong></span> <span class='ocrx_word' id='word_1_312' title='bbox 2127 5219 2325 5283; x_wconf 87' lang='lat' dir='ltr'><strong><em>beate</em></strong></span> <span class='ocrx_word' id='word_1_313' title='bbox 2375 5218 2580 5283; x_wconf 85' lang='lat' dir='ltr'><strong><em>Marie</em></strong></span> <span class='ocrx_word' id='word_1_314' title='bbox 2628 5219 2695 5282; x_wconf 92' lang='lat' dir='ltr'><strong><em>in</em></strong></span> <span class='ocrx_word' id='word_1_315' title='bbox 2744 5219 2940 5305; x_wconf 88' lang='lat' dir='ltr'><strong><em>Haga</em></strong></span> <span class='ocrx_word' id='word_1_316' title='bbox 2986 5220 3279 5305; x_wconf 87' lang='lat' dir='ltr'><strong><em>parcium</em></strong></span> <span class='ocrx_word' id='word_1_317' title='bbox 3325 5218 3662 5285; x_wconf 90' lang='lat' dir='ltr'><strong><em>Holandie</em></strong></span> <span class='ocrx_word' id='word_1_318' title='bbox 3707 5219 3971 5304; x_wconf 75' lang='lat' dir='ltr'><strong><em>TraJec-</em></strong></span> 
     </span>
     <span class='ocr_line' id='line_1_36' title="bbox 893 5324 3970 5412; baseline 0.001 -24"><span class='ocrx_word' id='word_1_319' title='bbox 893 5324 1099 5389; x_wconf 90' lang='lat' dir='ltr'><strong><em>tensis</em></strong></span> <span class='ocrx_word' id='word_1_320' title='bbox 1147 5324 1452 5406; x_wconf 85' lang='lat' dir='ltr'><strong><em>diocesis,</em></strong></span> <span class='ocrx_word' id='word_1_321' title='bbox 1502 5326 1571 5388; x_wconf 91' lang='lat' dir='ltr'><strong><em>in</em></strong></span> <span class='ocrx_word' id='word_1_322' title='bbox 1614 5346 1771 5410; x_wconf 88' lang='lat' dir='ltr'><strong><em>qua,</em></strong></span> <span class='ocrx_word' id='word_1_323' title='bbox 1807 5331 1880 5388; x_wconf 95' lang='lat' dir='ltr'><strong><em>ut</em></strong></span> <span class='ocrx_word' id='word_1_324' title='bbox 1914 5331 2249 5407; x_wconf 87' lang='lat' dir='ltr'><strong><em>asserunt,</em></strong></span> <span class='ocrx_word' id='word_1_325' title='bbox 2283 5331 2565 5411; x_wconf 86' lang='lat' dir='ltr'><strong><em>quatuor</em></strong></span> <span class='ocrx_word' id='word_1_326' title='bbox 2596 5326 2892 5390; x_wconf 85' lang='lat' dir='ltr'><strong><em>canonici</em></strong></span> <span class='ocrx_word' id='word_1_327' title='bbox 2927 5332 2995 5390; x_wconf 89' lang='lat' dir='ltr'><strong><em>et</em></strong></span> <span class='ocrx_word' id='word_1_328' title='bbox 3029 5333 3311 5412; x_wconf 91' lang='lat' dir='ltr'><strong><em>quatuor</em></strong></span> <span class='ocrx_word' id='word_1_329' title='bbox 3342 5325 3678 5412; x_wconf 89' lang='lat' dir='ltr'><strong><em>prebende</em></strong></span> <span class='ocrx_word' id='word_1_330' title='bbox 3712 5346 3970 5391; x_wconf 89' lang='lat' dir='ltr'><strong><em>necnon</em></strong></span> 
     </span>
     <span class='ocr_line' id='line_1_37' title="bbox 894 5430 3971 5520; baseline -0 -23"><span class='ocrx_word' id='word_1_331' title='bbox 894 5440 1175 5519; x_wconf 88' lang='lat' dir='ltr'><strong><em>quatuor</em></strong></span> <span class='ocrx_word' id='word_1_332' title='bbox 1221 5432 1524 5519; x_wconf 90' lang='lat' dir='ltr'><strong><em>perpetui</em></strong></span> <span class='ocrx_word' id='word_1_333' title='bbox 1569 5431 1797 5496; x_wconf 85' lang='lat' dir='ltr'><strong><em>vicarii</em></strong></span> <span class='ocrx_word' id='word_1_334' title='bbox 1844 5453 1959 5496; x_wconf 89' lang='lat' dir='ltr'><strong><em>seu</em></strong></span> <span class='ocrx_word' id='word_1_335' title='bbox 1994 5430 2316 5517; x_wconf 87' lang='lat' dir='ltr'><strong><em>capellani</em></strong></span> <span class='ocrx_word' id='word_1_336' title='bbox 2351 5453 2494 5496; x_wconf 89' lang='lat' dir='ltr'><strong><em>esse</em></strong></span> <span class='ocrx_word' id='word_1_337' title='bbox 2526 5438 3039 5515; x_wconf 78' lang='lat' dir='ltr'><strong><em>consueverunt,</em></strong></span> <span class='ocrx_word' id='word_1_338' title='bbox 3091 5439 3159 5497; x_wconf 91' lang='lat' dir='ltr'><strong><em>et</em></strong></span> <span class='ocrx_word' id='word_1_339' title='bbox 3192 5454 3320 5520; x_wconf 89' lang='lat' dir='ltr'><strong><em>que</em></strong></span> <span class='ocrx_word' id='word_1_340' title='bbox 3354 5433 3605 5520; x_wconf 89' lang='lat' dir='ltr'><strong><em>capella</em></strong></span> <span class='ocrx_word' id='word_1_341' title='bbox 3637 5432 3719 5497; x_wconf 93' lang='lat' dir='ltr'><strong><em>de</em></strong></span> <span class='ocrx_word' id='word_1_342' title='bbox 3753 5438 3971 5519; x_wconf 90' lang='lat' dir='ltr'><strong><em>patro·</em></strong></span> 
     </span>
     <span class='ocr_line' id='line_1_38' title="bbox 892 5537 3964 5625; baseline -0 -22"><span class='ocrx_word' id='word_1_343' title='bbox 892 5545 1054 5603; x_wconf 90' lang='lat' dir='ltr'><strong><em>natu</em></strong></span> <span class='ocrx_word' id='word_1_344' title='bbox 1099 5539 1388 5625; x_wconf 87' lang='lat' dir='ltr'><strong><em>ipsorum</em></strong></span> <span class='ocrx_word' id='word_1_345' title='bbox 1435 5537 1619 5602; x_wconf 89' lang='lat' dir='ltr'><strong><em>ducis</em></strong></span> <span class='ocrx_word' id='word_1_346' title='bbox 1668 5546 1737 5603; x_wconf 88' lang='lat' dir='ltr'><strong><em>et</em></strong></span> <span class='ocrx_word' id='word_1_347' title='bbox 1783 5537 2039 5602; x_wconf 89' lang='lat' dir='ltr'><strong><em>ducisse</em></strong></span> <span class='ocrx_word' id='word_1_348' title='bbox 2088 5537 2225 5602; x_wconf 87' lang='lat' dir='ltr'><strong><em>fore</em></strong></span> <span class='ocrx_word' id='word_1_349' title='bbox 2275 5537 2656 5621; x_wconf 90' lang='lat' dir='ltr'><strong><em>dinoscitur,</em></strong></span> <span class='ocrx_word' id='word_1_350' title='bbox 2705 5559 2780 5604; x_wconf 90' lang='lat' dir='ltr'><strong><em>ac</em></strong></span> <span class='ocrx_word' id='word_1_351' title='bbox 2829 5538 2911 5604; x_wconf 89' lang='lat' dir='ltr'><strong><em>de</em></strong></span> <span class='ocrx_word' id='word_1_352' title='bbox 2957 5539 3250 5625; x_wconf 89' lang='lat' dir='ltr'><strong><em>reliquiis</em></strong></span> <span class='ocrx_word' id='word_1_353' title='bbox 3282 5540 3445 5625; x_wconf 87' lang='lat' dir='ltr'><strong><em>ligni</em></strong></span> <span class='ocrx_word' id='word_1_354' title='bbox 3478 5546 3704 5603; x_wconf 90' lang='lat' dir='ltr'><strong><em>sancte</em></strong></span> <span class='ocrx_word' id='word_1_355' title='bbox 3739 5538 3964 5604; x_wconf 83' lang='lat' dir='ltr'><strong><em>Crucis</em></strong></span> 
     </span>
     <span class='ocr_line' id='line_1_39' title="bbox 895 5643 3966 5730; baseline 0 -21"><span class='ocrx_word' id='word_1_356' title='bbox 895 5650 963 5709; x_wconf 88' lang='lat' dir='ltr'><strong><em>et</em></strong></span> <span class='ocrx_word' id='word_1_357' title='bbox 1009 5652 1233 5710; x_wconf 89' lang='lat' dir='ltr'><strong><em>sancte</em></strong></span> <span class='ocrx_word' id='word_1_358' title='bbox 1279 5643 1537 5710; x_wconf 79' lang='lat' dir='ltr'><strong><em>Corone</em></strong></span> <span class='ocrx_word' id='word_1_359' title='bbox 1586 5644 1829 5730; x_wconf 86' lang='lat' dir='ltr'><strong><em>Spinee</em></strong></span> <span class='ocrx_word' id='word_1_360' title='bbox 1879 5644 2238 5709; x_wconf 83' lang='lat' dir='ltr'><strong><em>Salvatoris</em></strong></span> <span class='ocrx_word' id='word_1_361' title='bbox 2287 5644 2532 5708; x_wconf 89' lang='lat' dir='ltr'><strong><em>domini</em></strong></span> <span class='ocrx_word' id='word_1_362' title='bbox 2583 5645 2791 5709; x_wconf 88' lang='lat' dir='ltr'><strong><em>nostri</em></strong></span> <span class='ocrx_word' id='word_1_363' title='bbox 2828 5645 3037 5711; x_wconf 83' lang='lat' dir='ltr'><strong><em>Jhesu</em></strong></span> <span class='ocrx_word' id='word_1_364' title='bbox 3070 5644 3319 5711; x_wconf 80' lang='lat' dir='ltr'><strong><em>Christi</em></strong></span> <span class='ocrx_word' id='word_1_365' title='bbox 3351 5645 3622 5710; x_wconf 88' lang='lat' dir='ltr'><strong><em>mirifice</em></strong></span> <span class='ocrx_word' id='word_1_366' title='bbox 3656 5644 3966 5711; x_wconf 87' lang='lat' dir='ltr'><strong><em>decorata</em></strong></span> 
     </span>
    </p>
   </div>
  </div>
 </body>
</html>
