4450 6684
1771 520 2106 587 Unssnms
2161 522 2248 588 V.
3418 525 3447 585 1
3462 525 3546 586 67

708 742 1100 807 Devooionis
1149 747 1283 805 tue.
1313 787 1330 804 .
1360 788 1375 804 .
1404 787 1421 804 .
1471 740 1623 806 Dat.
1674 748 1744 803 ut
1788 761 2010 824 supra.

902 876 1110 926 Ibidem,

483 1276 674 1343 1857.
1259 1278 1473 1358 1368,
1524 1276 1760 1340 Martii
1806 1279 1882 1359 9,
1932 1276 2170 1341 Romae
2217 1297 2325 1360 ap.
2373 1275 2440 1339 S.
2491 1275 2782 1339 Petrum.

800 1430 1095 1494 Johanni
1135 1431 1211 1493 de
1241 1430 1531 1494 Mandra
1563 1431 1897 1513 confertur
1929 1436 2141 1495 altera
2170 1432 2392 1514 portio
2417 1430 2820 1514 paroehialis
2853 1431 3143 1494 ecelesiae
3174 1430 3241 1493 S.
3285 1429 3559 1509 „Wille-

715 1536 947 1601 brodi”
1013 1536 1090 1599 de
1152 1536 1359 1600 Hulst
1428 1536 1609 1616 Traj.
1676 1537 1905 1616 dioec.‚
1971 1557 2164 1621 quam
2227 1558 2364 1599 cum
2432 1536 2700 1600 Nicolao
2747 1535 2824 1599 de
2872 1535 3156 1600 Cabureo
3191 1558 3320 1620 pro
3359 1557 3559 1622 paro-

713 1642 913 1705 chiali
972 1643 1224 1705 eeclesia
1296 1641 1364 1705 S.
1430 1641 1756 1705 Benedicti
1824 1641 2266 1723 „Bevenersi”
2295 1643 2347 1724 l)
2411 1642 2804 1705 Parisiensis
2864 1643 3052 1707 dioec.
3105 1644 3367 1726 putavit
3409 1662 3562 1725 per-

712 1746 1105 1809 mutandam.
1161 1785 1241 1793 —
1294 1747 1710 1831 Deputantur
1758 1756 2133 1811 executore&

717 1928 1098 2013 Apostolice
1146 1927 1338 1991 sedis,
1371 1976 1385 1991 .
1418 1975 1433 1991 .
1462 1976 1478 1992 .
1555 1927 1707 1992 Dat.
1760 1930 1972 1993 Rome
2021 1928 2193 2015 apud
2247 1928 2560 1992 Sanctum
2610 1928 2916 2010 Petrum,
2965 1927 3100 1992 VH
3148 1927 3245 1991 Id.
3296 1927 3552 2010 Marcii,

493 2054 668 2099 anno
719 2041 932 2098 sext0.

913 2149 1038 2210 Bey.
1072 2151 1169 2197 Ao.
1213 2150 1267 2198 T.
1304 2148 1392 2209 17,
1417 2150 1476 2212 s.
1513 2149 1627 2199 248.

647 2281 703 2346 1)
738 2283 1043 2348 Legendum
1079 2284 1312 2333 videtur:
1352 2283 1692 2335 Bevernensi.

499 2776 690 2845 1858.
1219 2783 1436 2865 1368,
1488 2782 1723 2846 Martii
1768 2784 1886 2864 27,
1936 2783 2206 2865 (Romae
2252 2803 2358 2866 ap.
2410 2782 2476 2846 S.
2528 2782 2850 2865 Petrum).

820 2934 1284 3020 Infrascriptis
1332 2937 1701 3020 mandatur,
1748 2944 1823 3000 ut
1852 2940 2325 3022 praepositum,
2366 2936 2886 3001 archidiaconum
2916 2945 2975 3001 et
3006 2937 3360 3021 capitulum
3390 2937 3577 3000 eccle-

733 3045 864 3105 siae
920 3041 1104 3124 Traj.
1154 3043 1240 3106 ad
1284 3043 1574 3106 redditus
1622 3045 2062 3126 canonicatus,
2110 3042 2514 3127 praebendae
2558 3049 2619 3106 et
2665 3042 3137 3124 thesaurariae,
3186 3062 3347 3128 quas
3397 3043 3576 3128 Ray-

728 3147 969 3239 naldus
1016 3151 1111 3212 tit.
1165 3148 1231 3212 S.
1281 3148 1572 3212 Adriani
1615 3148 1922 3214 diaconus
1973 3149 2347 3213 Cardinalis
2393 3150 2463 3212 in
2508 3148 2681 3212 dicta
2712 3150 2970 3212 ecelesia
3001 3170 3076 3213 ex
3107 3148 3575 3234 dispensatione

734 3254 969 3318 obtinet
1013 3256 1400 3339 apostoliea,
1449 3255 1644 3319 eidem
1691 3255 2036 3340 Raynaldo
2084 3258 2324 3340 inteqre
2368 3254 2694 3320 solvendos
2739 3255 3084 3338 efficaciter
3129 3256 3533 3340 compellant.

750 3432 1024 3497 Dilectis
1069 3433 1220 3497 filiis
1268 3482 1284 3498 .
1313 3480 1331 3500 .
1379 3435 1712 3520 preposito
1752 3434 2085 3499 Uticensis
2133 3439 2200 3498 et
2250 3482 2265 3496 .
2295 3481 2310 3496 .
2360 3432 2608 3498 decano
2657 3443 2882 3500 sancte
2924 3434 3149 3500 Crucis
3184 3435 3571 3501 Leodiensis

526 3559 604 3604 ae
666 3541 978 3625 magistro
1043 3540 1331 3605 Gnidoni
1393 3542 1474 3606 de
1538 3543 1815 3628 Baysio,
1888 3543 2200 3607 canonico
2260 3541 2656 3606 Mutinensis
2720 3544 3175 3627 eeclesiarum,
3241 3545 3580 3631 capellano

508 3653 769 3728 nostro,
817 3647 1096 3710 salutem
1142 3654 1251 3710 etc.
2355 3729 2362 3734 ἡ

744 3751 852 3817 Ad
917 3751 1279 3837 regendum
1347 3753 1750 3817 universalis.
1780 3801 1796 3818 .
1826 3802 1841 3817 .
1869 3801 1886 3818 .
1952 3754 2104 3817 Dat.
2151 3753 2482 3818 Avinione
2530 3754 2709 3838 (sic),
2759 3753 2857 3819 VI
2904 3754 3013 3819 Kl.
3063 3755 3346 3841 Aprilis,
3405 3776 3577 3820 anno

505 3866 718 3924 sexto.

929 3963 1053 4026 Ray.
1088 3964 1187 4014 Αυ.
1232 3966 1286 4013 T.
1321 3963 1412 4027 18,
1438 3966 1497 4028 f.
1533 3962 1671 4014 402⁹.
1708 3965 1856 4024 Quod
1893 3966 2077 4015 folium
2114 3965 2310 4028 partim
2344 3964 2667 4030 abscissum,
2701 3967 2895 4029 partim
2931 3966 3148 4015 maditie
3178 3973 3486 4030 corruptum
3515 3973 3620 4034 est,

856 4049 930 4099 ita
967 4055 1023 4099 ut
1060 4063 1280 4099 sensum
1315 4065 1378 4099 ex
1417 4056 1552 4100 tetro
1589 4051 1885 4116 fragmento
1921 4057 1974 4100 et
2009 4066 2071 4100 ex
2110 4050 2326 4100 rubrica
2360 4051 2606 4116 colligere
2639 4052 2946 4115 oportuerit.

508 4550 699 4618 1859.
1238 4555 1460 4637 1368,
1509 4557 1767 4639 Aprilis
1814 4559 1936 4638 13,
1996 4557 2235 4621 Romae
2281 4578 2386 4641 ap.
2436 4557 2502 4621 S.
2554 4557 2844 4621 Petrum.

829 4707 1186 4771 Guillermo
1249 4710 1535 4792 episcopo
1582 4709 1919 4773 Sabinensi
1962 4713 2387 4792 conferuntur
2433 4715 2878 4795 canonicatus,
2937 4715 3299 4798 praebenda
3346 4723 3404 4780 et
3453 4718 3582 4782 the·

734 4815 1069 4894 sauraria,
1119 4816 1189 4876 in
1235 4815 1490 4878 eeclesia
1532 4814 1585 4878 b.
1628 4814 1885 4879 Mariae
1934 4816 2115 4898 Traj.
2165 4826 2455 4882 vacantes
2490 4841 2616 4903 per
2663 4819 2897 4884 obitum
2928 4821 3254 4886 Johannis
3284 4823 3360 4886 de
3403 4823 3469 4886 Y
3462 4828 3584 4890 sel·

739 4927 914 5003 steyn
965 4927 1025 4983 et
1070 4919 1170 4982 die
1216 4922 1260 4983 8
1307 4919 1546 4983 Martii
1589 4923 1767 4986 1363
1815 4922 2145 4987 donationi
2188 4924 2353 4987 sedi-s
2399 4927 2782 5009 apostolieae
2820 4936 3193 4992 reservatae.
3240 4964 3323 4977 —
3369 4930 3584 5016 Depu-

740 5036 961 5092 tantur
1008 5036 1375 5093 eoeecutores.

742 5210 916 5274 Dum
988 5209 1069 5273 ad
1141 5230 1509 5295 personam.
1540 5259 1554 5274 .
1583 5258 1598 5274 .
1627 5259 1642 5274 .
1719 5212 1870 5275 Dat.
1939 5214 2152 5278 Rome
2215 5213 2389 5301 apud
2442 5216 2754 5280 Sanctum
2804 5216 3107 5298 Petrum,
3153 5216 3251 5280 Id.
3301 5217 3580 5302 Aprilis,

517 5337 688 5381 anno
738 5323 947 5380 sexte.

933 5433 1058 5496 Ray.
1093 5435 1190 5482 Av.
1235 5434 1290 5481 T.
1331 5431 1412 5493 ¹7,
1441 5434 1501 5496 f.
1536 5431 1671 5483 236c.
