4450 6684
1757 467 2218 591 mocmms
2275 511 2398 581 VI.
3526 503 3611 568 91

549 750 748 821 1604.
1453 744 1667 827 1358,
1712 741 1889 807 Julii
1931 742 2006 821 1,
2054 758 2161 822 ap.
2221 734 2712 801 Villamnovam.

862 901 1147 969 Henrico
1191 900 1360 967 dicto
1417 898 1609 964 Vrese
1654 893 1957 962 monacho
2000 891 2373 957 monasterii
2416 886 2486 953 S.
2535 886 2745 953 Pauli
2782 885 2964 970 Traj.
3012 886 3150 951 ord.
3186 884 3257 952 S.
3288 884 3621 951 Benedicti

774 1007 1133 1075 conceditur
1165 1004 1577 1091 privileqium
1610 1001 1951 1087 plenariae
1983 1002 2391 1082 peccatorum
2434 994 2816 1058 remissionis
2860 993 2932 1056 in
2975 993 3251 1057 articulo
3295 993 3536 1057 mortis.

776 1187 1096 1255 Provenit
1144 1206 1252 1252 ex.
1279 1234 1296 1249 .
1325 1233 1341 1249 .
1369 1233 1386 1251 .
1433 1184 1589 1251 Dat.
1639 1181 1815 1270 apud
1863 1179 2350 1245 Villamnovam
2396 1182 2508 1242 etc.
2528 1223 2550 1260 ,
2594 1175 2707 1241 Kl.
2755 1174 2801 1241 J
2802 1173 2921 1241 ulii
2939 1223 2958 1259 ,
3004 1193 3178 1240 anno
3225 1179 3437 1239 sexto.

971 1322 1099 1385 Β...
1132 1321 1230 1370 Α..
1275 1321 1330 1369 r.
1362 1316 1457 1382 18,
1482 1318 1545 1382 f·
1580 1315 1720 1368 «ιω.

561 1742 759 1810 1605.
1471 1738 1683 1822 1358,
1728 1736 1906 1803 Julii
1948 1739 2022 1820 6,
2069 1757 2176 1823 ap.
2224 1734 2711 1802 Villamnovam.

880 1890 1173 1956 Johanni
1215 1889 1324 1973 (de
1370 1887 1561 1974 Oeye)
1607 1886 1821 1952 abbati
1863 1889 2232 1952 monasterii
2275 1886 2346 1953 S.
2395 1887 2607 1952 Pauli
2657 1886 2841 1971 Traj.
2886 1886 3051 1953 idem
3084 1888 3521 1973 privileqium.

781 2071 1100 2141 Provenit
1139 2091 1254 2136 ex.
1283 2117 1301 2136 .
1329 2116 1347 2135 .
1374 2117 1391 2135 .
1439 2069 1594 2135 Dat.
1642 2064 1820 2156 apud
1864 2067 2355 2135 villamnovam
2403 2076 2550 2154 etc.,
2598 2069 2669 2134 H
2713 2069 2887 2136 Non.
2932 2069 2979 2136 J
2979 2069 3127 2155 ulii,
3176 2090 3348 2136 anno
3396 2075 3614 2137 sexto.

978 2206 1103 2270 Bey.
1138 2206 1234 2256 Ae.
1280 2204 1336 2255 Τ.
1369 2202 1464 2267 18,
1487 2204 1547 2269 s.
1583 2201 1702 2255 244.

567 2625 766 2694 1606.
1390 2627 1608 2711 1358,
1657 2625 1943 2712 Anqusti
1985 2627 2111 2710 14,
2158 2646 2266 2712 ap.
2327 2625 2816 2692 Villamnovam.

885 2778 1178 2845 Johanni
1242 2779 1320 2844 de
1381 2778 1746 2846 Lederdam
1800 2778 2172 2866 presbytero
2251 2779 2435 2864 Traj.
2504 2778 2695 2845 dioec.
2764 2779 3215 2863 conferendum
3268 2788 3636 2846 reservatur

792 2886 1153 2970 beneficium
1218 2894 1507 2973 spectans
1575 2887 1664 2952 ad
1728 2886 2201 2973 dispositionem
2269 2886 2543 2973 capituli
2602 2885 2673 2951 S.
2735 2884 3095 2952 Salvatoris
3163 2886 3345 2971 Traj.
3390 2894 3453 2953 et
3496 2908 3636 2953 cum

789 3013 948 3059 cura
1001 2995 1127 3077 25,
1187 2995 1324 3059 sine
1384 3014 1544 3059 cura
1600 3014 1746 3059 vero
1804 2995 1896 3059 18
1941 3013 2306 3058 marcarum
2351 2995 2605 3079 arqenti
2646 2994 2925 3059 valorem
2968 3014 3255 3059 annuum
3297 3013 3427 3060 non
3469 3014 3637 3060 exce·

788 3101 959 3167 dens.
1010 3139 1093 3150 —
1138 3101 1554 3187 Deputantur
1597 3108 1969 3167 executores.

788 3284 1043 3351 Meritis
1110 3291 1246 3352 tue.
1274 3332 1291 3350 .
1322 3337 1338 3353 .
1365 3332 1383 3351 .
1453 3285 1611 3352 Dat.
1673 3285 1850 3372 apud
1910 3285 2397 3352 villamnovam
2458 3292 2570 3351 etc.
2587 3332 2607 3370 ,
2676 3282 2955 3351 xvlm
3012 3283 3125 3351 Kl.
3189 3283 3593 3372 Septembris
3615 3333 3639 3371 ,

572 3411 744 3459 anno
790 3397 1003 3458 sexto.

987 3507 1113 3571 περ.
1146 3509 1243 3557 Ao.
1288 3509 1345 3558 T.
1376 3504 1470 3571 19,
1495 3507 1560 3572 s.
1594 3504 1734 3558 428⁰.

574 3928 770 3997 1607.
1524 3932 1736 4014 1358,
1783 3929 2163 4016 Septembris
2207 3930 2283 4011 4,
2328 3928 2694 3995 Avenionis.

891 4084 1181 4149 Gerardo
1240 4084 1318 4149 de
1379 4084 1525 4150 Zile
1585 4085 2009 4168 conferuntur
2062 4086 2471 4150 canonicatus
2517 4092 2578 4150 et
2608 4084 2977 4170 praebenda
3020 4107 3162 4151 cum
3204 4053 3641 4173 supplemento

799 4191 1083 4256 ecclesiae
1128 4190 1578 4275 Trajectensis‚
1624 4212 1788 4277 quae
1817 4190 2148 4295 Johannes
2177 4190 2558 4257 Hardevust
2585 4191 2661 4256 de
2690 4191 2894 4257 Boten
2921 4195 3417 4279 permutationis
3445 4213 3641 4259 causa

798 4298 1160 4383 resignavit.
1212 4333 1295 4345 —
1341 4296 1759 4382 Deputantur
1804 4305 2175 4363 executores.

801 4479 1182 4568 Apostolice
1227 4478 1422 4546 sedis.
1454 4528 1470 4545 .
1497 4527 1513 4544 .
1544 4527 1561 4544 .
1607 4480 1764 4547 Dat.
1813 4480 2144 4546 Avinione
2162 4528 2181 4564 ,
2233 4480 2305 4546 Π
2350 4480 2523 4546 Non.
2572 4479 2981 4570 Septembris
2998 4532 3017 4568 ,
3064 4503 3240 4550 anne
3288 4489 3501 4550 sexte.

997 4614 1121 4678 ιφ.
1155 4614 1252 4665 Α..
1296 4616 1349 4665 T.
1383 4611 1477 4680 19,
1501 4615 1562 4680 s.
1606 4612 1714 4666 144.

580 5036 786 5107 1608.
1546 5039 1726 5102 1358
1741 5086 1760 5120 ,
1812 5036 2092 5103 Octobris
2136 5038 2225 5103 29
2243 5086 2262 5122 ,
2308 5039 2672 5104 Avenionis.

895 5192 1189 5260 Johanni
1216 5192 1294 5258 de
1322 5192 1714 5279 Noviomayo
1745 5194 2041 5258 canonico
2071 5194 2361 5259 ecclesiae
2391 5193 2446 5258 b.
2480 5193 2738 5259 Mariae
2767 5193 3190 5260 Embricensis
3229 5194 3412 5279 Traj.
3443 5195 3639 5262 dioec.

808 5300 1165 5368 conceditur
1196 5300 1611 5385 privileyium
1644 5301 1985 5385 plenariae
2017 5306 2426 5383 peccatorum
2471 5301 2855 5365 remissionis
2900 5301 2971 5364 in
3017 5301 3291 5365 articulo
3336 5303 3579 5366 mortis.

813 5482 1129 5549 Provenit
1175 5501 1281 5547 ex.
1310 5527 1328 5546 .
1356 5528 1372 5546 .
1400 5528 1417 5546 .
1463 5481 1620 5548 Dat.
1668 5479 1998 5546 Avinione
2018 5529 2037 5564 ,
2085 5478 2228 5544 1111
2270 5478 2384 5545 Kl.
2433 5477 2860 5562 Novembris,
2907 5498 3082 5544 anno
3129 5483 3342 5544 sexto.

1005 5616 1133 5680 Ray.
1163 5617 1263 5666 Ae.
1304 5616 1361 5667 T.
1391 5613 1482 5680 18,
1506 5615 1568 5680 s.
1601 5613 1720 5666 25⁴.
