4450 6684
717 557 889 607 mv
1998 539 2491 608 Itu-nonnemo,

719 763 919 825 antea
962 778 1118 825 vere
1162 755 1658 845 poenitentibus
1700 757 1958 845 riteque
2003 758 2319 825 confessis
2364 757 2771 826 elucrandas.
2858 755 3118 824 Deinde
3163 757 3396 843 finem,
3445 758 3530 825 ad
3579 780 3776 847 quem

718 862 1172 948 indulgentiae
1203 859 1559 926 lucrandae
1590 881 1747 947 ergo
1786 883 2057 944 ¹,manus
2089 864 2422 950 porrigere
2453 861 2852 949 adjutrices”
2887 861 3264 950 oportebat,
3301 864 3485 951 pium
3518 883 3783 950 semper

719 966 922 1033 fuisse
991 971 1059 1031 et
1129 963 1528 1031 laudabilem
1597 986 1796 1053 supra
1861 964 2163 1032 vidimus.
2260 967 2556 1034 Tandem
2625 967 2740 1054 qui
2800 966 3230 1052 indulgentiis
3294 966 3494 1054 objici
3561 967 3778 1032 solent

719 1071 1042 1136 abusuum
1112 1068 1401 1135 maxima
1465 1090 1617 1155 pars
1674 1069 1771 1136 ita
1816 1069 2009 1135 dictis
2056 1072 2512 1157 quaestoribus
2557 1071 2852 1159 profecto
2899 1076 3002 1135 est
3049 1068 3437 1156 imputanda
3470 1070 3545 1154 1).
3641 1069 3775 1137 Sed

719 1173 1096 1260 huJusmodi
1165 1179 1589 1260 quaestorum
1656 1173 1998 1260 indignum
2067 1179 2137 1239 et
2191 1174 2647 1241 scandalosnm
2694 1173 2936 1260 agendi
2984 1172 3250 1239 modum
3299 1180 3439 1238 tum
3486 1175 3778 1263 episcopi

722 1279 1179 1364 'trajectenses
1248 1297 1397 1342 cum
1468 1278 1752 1343 Romani
1822 1276 2179 1344 Pontifices
2211 1280 2267 1363 2)
2336 1280 2505 1344 serio
2575 1277 3030 1365 improbarunt
3100 1283 3300 1364 atque
3371 1279 3782 1365 supprimere

724 1383 943 1450 conati
1002 1387 1176 1447 sunt.
1272 1381 1464 1457 Quod
1527 1382 1896 1447 luculenter
1957 1380 2176 1447 denuo
2240 1383 2446 1470 liquet
2508 1403 2594 1448 ex
2657 1382 2988 1447 nonnullis
3040 1383 3316 1448 Bullarii
3364 1380 3774 1469 diplomatis,

724 1508 893 1574 quae
955 1491 1107 1573 post
1162 1484 1643 1572 indulgentiam
1704 1485 2086 1572 promissam
2149 1485 2242 1551 sic
2290 1487 2688 1574 expliciunt:
2753 1507 2956 1573 „quas
3003 1487 3178 1552 mitti
3224 1507 3343 1573 per
3388 1488 3776 1573 questiarios

724 1590 1082 1656 districtius
1149 1589 1555 1672 inhibemus,
1629 1610 1777 1673 eas,
1850 1589 1905 1654 si
1952 1609 2140 1655 secus
2188 1596 2406 1655 actum
2454 1591 2689 1674 fuerit,
2739 1611 2959 1657 carere
3004 1591 3256 1656 viribus
3303 1589 3782 1657 decernentes”

724 1698 998 1780 (numm.
1050 1694 1217 1776 747,
1270 1695 1478 1776 1552,
1534 1695 1737 1777 1661,
1789 1693 2003 1777 2014,
2051 1694 2278 1778 2257).

316 1808 376 1858 Li
379 1816 510 1860 tone
532 1807 713 1923 conspo-
953 1797 1030 1863 E.
1122 1796 1381 1861 Literae
1448 1798 1928 1880 confessionam
1996 1798 2183 1884 quasi
2253 1798 2407 1862 solis
2477 1798 2882 1884 principibus
2945 1814 3300 1886 eorumque
3366 1798 3663 1885 cognatis
3707 1798 3782 1864 in

366 3362 671 3428 Quibusnam

403 3446 650 3480 0011008888

663 1875 1022 1969 dBullario
1083 1901 1457 1988 impertitae
1519 1907 1888 1967 occurrunt.
1981 1900 2382 1986 HuJusmodi
2445 1901 2861 1990 privilegium
2922 1901 3184 1967 videtur
3231 1903 3599 1989 significare
3635 1903 3778 1987 jus,

729 2006 1162 2075 confessorem
1228 2005 1352 2071 sibi
1417 2005 1704 2092 eligendi
1774 2005 2175 2092 „quemlibet
2239 2004 2592 2070 discretum
2654 2005 3171 2092 presbyterum,’
3155 2006 3195 2036 ”
3269 2006 3529 2072 tametsi
3583 2007 3780 2092 juris-

728 2112 1016 2178 dictione
1059 2130 1192 2174 non
1239 2110 1628 2196 pollentem,
1677 2111 1785 2176 cui
1832 2109 2105 2198 proinde
2152 2109 2217 2174 vi
2266 2109 2564 2197 specialis
2613 2108 3048 2195 delegationis
3096 2111 3200 2176 hic
3248 2116 3317 2176 et
3363 2132 3539 2175 nunc
3589 2112 3776 2197 spiri-

728 2218 926 2284 tualis
987 2216 1056 2280 in
1119 2215 1478 2301 supplicem
1545 2222 1836 2302 potestas
1890 2216 2358 2280 committatur.
2452 2213 2713 2279 Etenim
2763 2221 2837 2278 ut
2884 2214 3390 2281 sacramentalis
3436 2214 3788 2282 Confessio

726 2341 881 2387 vere
951 2320 1038 2383 sit
1105 2319 1355 2401 valida,
1429 2320 1498 2384 in
1571 2319 1942 2384 confessore
2012 2318 2367 2404 requiritur
2433 2338 2566 2382 non
2629 2317 2840 2382 solum
2913 2323 3243 2405 „potestas
3307 2318 3596 2385 ordinis”
3661 2339 3778 2384 seu

732 2425 1049 2509 ,facultas
1112 2422 1439 2504 remota,”
1503 2423 1619 2488 sed
1668 2424 1867 2489 etiam
1921 2427 2254 2509 „potestas
2290 2420 2814 2508 jurisdictionis”
2864 2443 2979 2487 seu
3034 2422 3351 2505 „facultas
3396 2423 3779 2511 proxima,’'

730 2550 898 2617 quae
963 2532 1218 2591 tantum
1289 2528 1588 2613 „proprio
1651 2525 2017 2592 sacerdoti”
2069 2532 2401 2612 tamquam
2457 2525 2749 2611 legitimo
2799 2527 3114 2613 superiori
3164 2549 3317 2592 suos
3363 2529 3434 2592 in
3480 2528 3788 2593 subditos

731 2632 1064 2720 competit.
1158 2630 1472 2717 Proprius
1528 2636 1750 2696 autem
1798 2629 2100 2695 sacerdos
2146 2630 2215 2693 in
2264 2629 2558 2695 Ecclesia
2603 2631 2909 2696 universa
2956 2631 3262 2697 Summus
3311 2632 3654 2716 Pontifex,
3709 2632 3781 2698 in

731 2758 850 2803 sua
897 2736 1172 2823 quisque
1220 2732 1505 2799 dioecesi
1551 2735 1926 2822 episcopus,
1973 2733 2043 2798 in
2076 2754 2195 2797 sua
2225 2733 2533 2822 parochia
2565 2734 2886 2821 parochus
2921 2741 3024 2800 est
3054 2735 3389 2801 dicendus.
3463 2739 3784 2802 Attamen

729 2846 951 2928 potest
1015 2839 1213 2904 etiam
1278 2837 1585 2903 Summus
1631 2838 1983 2921 Pontifex,
2041 2843 2274 2925 utpote
2321 2839 2666 2904 universae
2713 2838 3047 2906 Ecclesiae
3095 2840 3397 2906 sacerdos
3443 2842 3780 2929 proprius,

732 2944 1004 3011 cuilibet
1064 2941 1446 3030 presbytero
1512 2942 1833 3028 ejusmodi
1894 2947 2290 3029 potestatem
2349 2943 2757 3031 spiritualem
2822 2941 3163 3030 delegare,
3230 2943 3784 3032 quemadmodum

732 3049 1076 3136 episcopus
1121 3046 1192 3110 in
1240 3066 1358 3110 sua
1406 3045 1690 3112 dioecesi
1721 3046 1938 3112 facere
1969 3046 2155 3110 solet.
2183 3045 2239 3129 3)
2287 3046 2556 3112 Summa
2586 3047 2707 3111 hac
2739 3053 3069 3133 potestate
3103 3050 3203 3114 usi
3236 3056 3393 3115 sunt
3423 3049 3782 3116 Pontifices

731 3152 1051 3235 Romani,
1099 3151 1322 3216 literas
1370 3150 1878 3216 confessionales
1924 3156 2292 3235 erogantes.
2389 3149 2679 3225 Quarum
2726 3151 3066 3217 literarum
3113 3159 3344 3220 tenore
3390 3152 3471 3219 ad
3520 3153 3782 3219 libitum

733 3262 996 3343 poterat
1043 3254 1199 3339 eligi
1245 3253 1675 3319 confessarius
1725 3255 1916 3342 eique
1962 3254 2069 3319 hic
2117 3259 2185 3319 et
2231 3275 2404 3318 nunc
2452 3253 2740 3339 delegari
2790 3256 3145 3343 spiritualis
3183 3257 3576 3343 jurisdictio.

961 3358 1093 3424 Sed
1158 3379 1350 3449 parce
1399 3357 1749 3423 admodum
1798 3365 1865 3425 et
1913 3359 2067 3423 solis
2114 3358 2492 3444 proceribus
2541 3358 2952 3444 privilegium
3000 3361 3125 3426 hoc
3173 3382 3552 3427 concessum
3600 3361 3792 3427 novi-

610 3513 649 3546 „
735 3485 910 3546 mus,
975 3483 1182 3549 eaque
1246 3482 1403 3528 sane
1466 3460 1548 3528 de
1612 3463 1899 3546 ratione,
1962 3483 2045 3527 ne
2107 3461 2547 3526 hierarchicus
2602 3462 2671 3525 in
2721 3462 3014 3529 Ecclesia
3061 3464 3218 3530 ordo
3267 3466 3780 3532 subverteretur.

737 3566 865 3642 Qui
924 3567 1127 3652 igitur
1188 3566 1303 3630 tali
1367 3567 1579 3650 gratia
1643 3567 1854 3631 ornati
1915 3567 1983 3629 in
2030 3565 2323 3630 Bullario
2372 3566 2788 3652 reperiuntur
2835 3574 3024 3633 sunt:
3076 3569 3293 3634 Guido
3343 3569 3425 3636 de
3472 3569 3796 3636 Flandria

736 3690 953 3737 comes
1016 3668 1404 3751 Zelandiae,
1451 3669 1848 3734 Wilhelmus
1895 3669 2000 3734 ΙΠ
2047 3675 2114 3734 et
2160 3668 2469 3734 Johanna
2516 3667 2597 3734 de
2647 3670 2937 3736 Vallesio
2984 3693 3193 3757 uxor,
3241 3674 3639 3740 Wilhelmus
3683 3674 3783 3740 IV

738 3781 805 3842 et
866 3775 1176 3842 Johanna
1236 3770 1318 3837 de
1377 3774 1740 3839 Brabantia
1802 3775 2046 3859 conjux
2092 3772 2487 3838 Hollandiae
2535 3775 2806 3838 comites
2852 3777 3126 3860 (numm.
3177 3779 3343 3861 499,
3396 3781 3563 3862 840,
3615 3780 3783 3862 858,

739 3881 907 3963 933,
973 3878 1142 3961 934,
1210 3877 1404 3960 988);
1467 3878 1840 3964 Margareta
1894 3877 2261 3959 comitissa,
2325 3876 2710 3962 Reynaldus
2770 3878 2842 3943 H
2904 3900 3122 3945 comes
3169 3888 3239 3947 et
3285 3882 3532 3970 Sophia
3578 3905 3794 3967 uxor,

735 3982 1122 4070 Reynaldus
1169 3981 1275 4046 III
1321 4002 1539 4046 comes
1585 3988 1653 4046 et
1699 3981 1909 4046 Maria
1955 3982 2232 4065 conjux,
2275 3979 2621 4045 Eduardus
2668 3980 2807 4047 dux
2851 3982 2887 4048 I
2920 3984 3272 4050 Gelrenses
3305 3988 3576 4069 (numm.
3615 3989 3779 4070 760,

736 4089 902 4171 765,
977 4088 1183 4169 1266,
1246 4087 1485 4169 1864);
1533 4085 1907 4170 Margareta
1952 4083 2034 4148 de
2080 4082 2558 4170 Valkenburgh
2605 4084 2999 4170 burggravia
3045 4088 3399 4156 Zelandiae
3447 4097 3515 4157 et
3563 4089 3794 4158 Guido

733 4190 816 4257 de
861 4192 1073 4257 Blesis
1123 4189 1619 4256 Schoonhoviae
1667 4187 1970 4253 dominus
2024 4188 2298 4271 (numm.
2354 4190 2517 4253 1831
2573 4195 2643 4254 et
2696 4191 2916 4274 1998).
3005 4192 3192 4258 Inter
3238 4195 3579 4282 episcopos
3625 4195 3784 4261 Tra·

722 4297 1058 4382 jectenses
1105 4291 1335 4359 eadem
1383 4292 1595 4377 gratia
1640 4293 1834 4380 potiti
1881 4297 2233 4356 occurrunt
2277 4290 2616 4357 Johannes
2663 4293 2745 4358 de
2795 4293 3028 4380 Syrick
3075 4304 3144 4362 et
3186 4298 3585 4364 Wilhelmus
3622 4300 3798 4365 Ber*

730 4398 942 4464 tholdi
990 4399 1264 4482 (numm.
1314 4397 1445 4461 396
1493 4400 1562 4460 et
1611 4396 1770 4479 421)
1818 4400 1887 4460 et
1931 4393 2197 4481 quidem
2243 4401 2395 4481 post
2438 4397 2780 4483 utriusque
2827 4401 3388 4467 consecrationem
3429 4408 3796 4490 peractam.

734 4501 925 4579 Quod
993 4500 1375 4566 difficultate
1423 4519 1558 4563 non
1604 4504 1815 4582 caret,
1876 4496 2408 4586 quandoquidem
2454 4488 2810 4585 Gregorius
2857 4524 3028 4590 papa
3073 4505 3175 4571 IX
3211 4507 3352 4591 Jam
3399 4507 3787 4594 permiserat

740 4606 1100 4728 „episcopis
1148 4609 1217 4670 et
1264 4603 1407 4668 aliis
1455 4602 1898 4690 superioribus
1945 4622 2203 4667 necnon
2251 4602 2610 4667 minoribus
2656 4605 2966 4692 praelatis
3009 4610 3369 4697 exemptis,
3411 4617 3487 4676 ut
3522 4616 3804 4700 praeter·

734 4710 836 4775 sui
904 4709 1255 4796 superioris
1324 4707 1657 4772 licentiam
1728 4707 2073 4794 providum
2143 4711 2213 4770 et
2281 4704 2635 4772 discretum
2706 4709 2831 4774 sibi
2899 4712 3156 4797 possint
3224 4713 3470 4801 eligere
3533 4716 3800 4780 confes·-

735 4812 1016 4879 sorem.”
1041 4814 1096 4897 4)
1188 4810 1361 4887 Quid
1432 4831 1589 4897 ergo
1646 4816 1908 4898 praeter
1955 4810 2261 4895 generale
2307 4809 2432 4874 hoc
2480 4810 2934 4898 episcoporum
2980 4816 3397 4905 privilegium
3443 4819 3567 4884 sibi
3614 4819 3804 4884 velle-

735 4916 1014 4984 dicenda
1073 4921 1176 4982 est
1221 4914 1520 5002 specialis
1565 4914 1681 4979 illa
1726 4914 1988 5000 utrique
2035 4913 2317 4978 antistiti
2363 4919 2588 4979 nostro
2637 4936 2947 4984 concessa
2992 4920 3311 4986 facultas?
3380 4922 3490 4988 Ad
3536 4920 3784 4988 nodum

731 5023 932 5087 istum
996 5018 1451 5087 extricandam
1516 5018 1761 5105 optime
1815 5019 2049 5104 juvare
2111 5016 2373 5083 videtur
2439 5017 2848 5107 observatio,
2900 5028 3034 5088 tam
3080 5023 3372 5091 Johanni
3419 5024 3501 5091 de
3551 5024 3785 5112 Syrick

732 5146 929 5213 quam
994 5123 1354 5191 Wilhelmo
1422 5121 1769 5189 Bertholdi
1843 5122 2096 5187 Romae
2168 5126 2326 5185 tunc
2396 5120 2789 5208 degentibus
2857 5128 3223 5216 impertitas
3291 5128 3493 5195 fuisse
3559 5130 3805 5196 literas-

893 5516 950 5580 1)
986 5514 1090 5566 Crr.
1126 5513 1249 5565 Mon
1285 5514 1356 5565 1.1.
1391 5511 1492 5564 199
1525 5527 1636 5577 seq.
1971 5509 2027 5574 2)
2062 5509 2269 5560 Decret.
2305 5510 2460 5576 Greg.
2493 5511 2567 5563 l.l.

891 5596 947 5662 3)
984 5595 1087 5647 Cfr.
1127 5593 1550 5645 Kirehenlexikon
1584 5594 1616 5643 i.
1657 5607 1702 5643 v.
1737 5591 1956 5644 Beichte
1990 5590 2057 5642 ΙΙ.
2093 5590 2211 5641 235.

897 5678 955 5743 4)
989 5677 1195 5728 Decret.
1232 5674 1382 5741 Greg.
1420 5674 1531 5725 Lib.
1570 5673 1630 5723 V.
1664 5672 1766 5724 Tit.
1801 5671 2098 5724 xxxvln.
2131 5684 2245 5736 cap.
2286 5672 2362 5724 16.
