<?xml version="1.0" encoding="UTF-8"?>
<!DOCTYPE html PUBLIC "-//W3C//DTD XHTML 1.0 Transitional//EN"
    "http://www.w3.org/TR/xhtml1/DTD/xhtml1-transitional.dtd">
<html xmlns="http://www.w3.org/1999/xhtml" xml:lang="en" lang="en">
 <head>
  <title>
</title>
<meta http-equiv="Content-Type" content="text/html;charset=utf-8" />
  <meta name='ocr-system' content='tesseract 3.04.00' />
  <meta name='ocr-capabilities' content='ocr_page ocr_carea ocr_par ocr_line ocrx_word'/>
</head>
<body>
  <div class='ocr_page' id='page_1' title='image "./bullariumtrajec00nethgoog_0422.png"; bbox 0 0 4450 6684; ppageno 0'>
   <div class='ocr_carea' id='block_1_1' title="bbox 839 478 2572 544">
    <p class='ocr_par' dir='ltr' id='par_1_1' title="bbox 839 478 2572 544">
     <span class='ocr_line' id='line_1_1' title="bbox 839 478 2572 544; baseline 0 0"><span class='ocrx_word' id='word_1_1' title='bbox 839 480 972 544; x_wconf 84' lang='lat'><strong>320</strong></span> <span class='ocrx_word' id='word_1_2' title='bbox 2187 478 2572 544; x_wconf 68' lang='lat' dir='ltr'><strong>Appnunur.</strong></span> 
     </span>
    </p>
   </div>
   <div class='ocr_carea' id='block_1_2' title="bbox 837 698 3917 894">
    <p class='ocr_par' dir='ltr' id='par_1_2' title="bbox 837 698 3917 894">
     <span class='ocr_line' id='line_1_2' title="bbox 837 698 3917 789; baseline 0.001 -24"><span class='ocrx_word' id='word_1_3' title='bbox 837 700 1136 787; x_wconf 83' lang='lat' dir='ltr'><strong>proxime</strong></span> <span class='ocrx_word' id='word_1_4' title='bbox 1198 699 1402 765; x_wconf 81' lang='lat' dir='ltr'><strong>futuri</strong></span> <span class='ocrx_word' id='word_1_5' title='bbox 1467 698 2026 766; x_wconf 85' lang='lat' dir='ltr'><strong>terminandorum</strong></span> <span class='ocrx_word' id='word_1_6' title='bbox 2089 700 2449 786; x_wconf 77' lang='lat' dir='ltr'><strong>assignavit</strong></span> <span class='ocrx_word' id='word_1_7' title='bbox 2495 699 2770 768; x_wconf 83' lang='lat' dir='ltr'><strong>Camere</strong></span> <span class='ocrx_word' id='word_1_8' title='bbox 2817 721 2936 789; x_wconf 89' lang='lat' dir='ltr'><strong>per</strong></span> <span class='ocrx_word' id='word_1_9' title='bbox 2982 722 3214 767; x_wconf 91' lang='lat' dir='ltr'><strong>manus</strong></span> <span class='ocrx_word' id='word_1_10' title='bbox 3262 703 3555 789; x_wconf 76' lang='lat' dir='ltr'><strong>magistri</strong></span> <span class='ocrx_word' id='word_1_11' title='bbox 3602 702 3917 769; x_wconf 82' lang='lat' dir='ltr'><strong>Namkini</strong></span> 
     </span>
     <span class='ocr_line' id='line_1_3' title="bbox 841 803 3649 894; baseline 0 -22"><span class='ocrx_word' id='word_1_12' title='bbox 841 803 1074 872; x_wconf 83' lang='lat' dir='ltr'><strong>Jacobi</strong></span> <span class='ocrx_word' id='word_1_13' title='bbox 1119 803 1280 871; x_wconf 83' lang='lat' dir='ltr'>VIII</span> <span class='ocrx_word' id='word_1_14' title='bbox 1325 805 1566 872; x_wconf 89' lang='lat' dir='ltr'><strong>solidos</strong></span> <span class='ocrx_word' id='word_1_15' title='bbox 1613 806 2067 893; x_wconf 85' lang='lat' dir='ltr'><strong>Frisingenses</strong></span> <span class='ocrx_word' id='word_1_16' title='bbox 2112 806 2182 871; x_wconf 92' lang='lat' dir='ltr'><strong>in</strong></span> <span class='ocrx_word' id='word_1_17' title='bbox 2232 842 2316 855; x_wconf 94' lang='lat'>—</span> <span class='ocrx_word' id='word_1_18' title='bbox 2363 806 2503 871; x_wconf 86' lang='lat' dir='ltr'><strong>XII</strong></span> <span class='ocrx_word' id='word_1_19' title='bbox 2550 807 2852 873; x_wconf 88' lang='lat' dir='ltr'><strong>denarios</strong></span> <span class='ocrx_word' id='word_1_20' title='bbox 2901 808 3323 874; x_wconf 83' lang='lat' dir='ltr'><strong>Turonenses</strong></span> <span class='ocrx_word' id='word_1_21' title='bbox 3370 829 3649 894; x_wconf 87' lang='lat' dir='ltr'><strong>grossos.</strong></span> 
     </span>
    </p>
   </div>
   <div class='ocr_carea' id='block_1_3' title="bbox 993 927 1976 1122">
    <p class='ocr_par' dir='ltr' id='par_1_3' title="bbox 993 927 1976 1122">
     <span class='ocr_line' id='line_1_4' title="bbox 1258 927 1976 995; baseline 0.004 -17"><span class='ocrx_word' id='word_1_22' title='bbox 1258 929 1382 994; x_wconf 67' lang='lat' dir='ltr'><strong>Beg.</strong></span> <span class='ocrx_word' id='word_1_23' title='bbox 1417 931 1515 980; x_wconf 75' lang='lat' dir='ltr'><strong>Ao.</strong></span> <span class='ocrx_word' id='word_1_24' title='bbox 1558 931 1614 981; x_wconf 87' lang='lat' dir='ltr'><strong>T.</strong></span> <span class='ocrx_word' id='word_1_25' title='bbox 1649 930 1736 993; x_wconf 81' lang='lat'><strong>45,</strong></span> <span class='ocrx_word' id='word_1_26' title='bbox 1763 931 1826 995; x_wconf 78' lang='lat' dir='ltr'><strong>s.</strong></span> <span class='ocrx_word' id='word_1_27' title='bbox 1859 927 1976 981; x_wconf 76' lang='lat'><strong>632.</strong></span> 
     </span>
     <span class='ocr_line' id='line_1_5' title="bbox 993 1055 1690 1122; baseline 0.003 -16"><span class='ocrx_word' id='word_1_28' title='bbox 993 1055 1051 1122; x_wconf 77' lang='lat'><strong>1)</strong></span> <span class='ocrx_word' id='word_1_29' title='bbox 1086 1055 1194 1107; x_wconf 76' lang='lat' dir='ltr'><strong>Csr.</strong></span> <span class='ocrx_word' id='word_1_30' title='bbox 1226 1070 1388 1121; x_wconf 80' lang='lat' dir='ltr'><strong>supra</strong></span> <span class='ocrx_word' id='word_1_31' title='bbox 1422 1070 1572 1108; x_wconf 84' lang='lat' dir='ltr'><strong>num.</strong></span> <span class='ocrx_word' id='word_1_32' title='bbox 1605 1055 1690 1108; x_wconf 84' lang='lat'><strong>17.</strong></span> 
     </span>
    </p>
   </div>
   <div class='ocr_carea' id='block_1_4' title="bbox 2059 1253 2644 1263">
    <p class='ocr_par' dir='ltr' id='par_1_4' title="bbox 2059 1253 2644 1263">
     <span class='ocr_line' id='line_1_6' title="bbox 2059 1253 2644 1263; baseline 0 -2"><span class='ocrx_word' id='word_1_33' title='bbox 2059 1253 2644 1263; x_wconf 52' lang='lat' dir='ltr'><strong>m.—</strong></span> 
     </span>
    </p>
   </div>
   <div class='ocr_carea' id='block_1_5' title="bbox 839 1454 2679 1545">
    <p class='ocr_par' dir='ltr' id='par_1_5' title="bbox 839 1454 2679 1545">
     <span class='ocr_line' id='line_1_7' title="bbox 839 1454 2679 1545; baseline 0.001 -21"><span class='ocrx_word' id='word_1_34' title='bbox 839 1454 1001 1526; x_wconf 80' lang='lat' dir='ltr'>v11.</span> <span class='ocrx_word' id='word_1_35' title='bbox 2073 1461 2284 1545; x_wconf 72' lang='lat'><strong>1364,</strong></span> <span class='ocrx_word' id='word_1_36' title='bbox 2331 1461 2527 1526; x_wconf 78' lang='lat' dir='ltr'><strong>Junii</strong></span> <span class='ocrx_word' id='word_1_37' title='bbox 2571 1463 2679 1525; x_wconf 80' lang='lat'><strong>21.</strong></span> 
     </span>
    </p>
   </div>
   <div class='ocr_carea' id='block_1_6' title="bbox 1064 1611 3920 1805">
    <p class='ocr_par' dir='ltr' id='par_1_6' title="bbox 1064 1611 3920 1805">
     <span class='ocr_line' id='line_1_8' title="bbox 1152 1611 3920 1703; baseline 0.002 -27"><span class='ocrx_word' id='word_1_38' title='bbox 1152 1612 1482 1678; x_wconf 80' lang='lat' dir='ltr'><strong>Johannes</strong></span> <span class='ocrx_word' id='word_1_39' title='bbox 1540 1613 1647 1696; x_wconf 83' lang='lat' dir='ltr'><strong>(de</strong></span> <span class='ocrx_word' id='word_1_40' title='bbox 1706 1612 2132 1699; x_wconf 78' lang='lat' dir='ltr'><strong>Virneburch)</strong></span> <span class='ocrx_word' id='word_1_41' title='bbox 2178 1616 2500 1700; x_wconf 83' lang='lat' dir='ltr'><strong>episcopus</strong></span> <span class='ocrx_word' id='word_1_42' title='bbox 2557 1611 2738 1695; x_wconf 87' lang='lat' dir='ltr'><strong>Traj.</strong></span> <span class='ocrx_word' id='word_1_43' title='bbox 2775 1634 2905 1698; x_wconf 85' lang='lat' dir='ltr'><strong>pro</strong></span> <span class='ocrx_word' id='word_1_44' title='bbox 2951 1633 3065 1678; x_wconf 86' lang='lat' dir='ltr'><strong>suo</strong></span> <span class='ocrx_word' id='word_1_45' title='bbox 3113 1616 3425 1679; x_wconf 87' lang='lat' dir='ltr'><strong>communi</strong></span> <span class='ocrx_word' id='word_1_46' title='bbox 3468 1618 3720 1682; x_wconf 81' lang='lat' dir='ltr'><strong>servitio</strong></span> <span class='ocrx_word' id='word_1_47' title='bbox 3764 1638 3920 1703; x_wconf 78' lang='lat' dir='ltr'><strong>pro·</strong></span> 
     </span>
     <span class='ocr_line' id='line_1_9' title="bbox 1064 1720 3556 1805; baseline 0.002 -23"><span class='ocrx_word' id='word_1_48' title='bbox 1064 1720 1259 1784; x_wconf 83' lang='lat' dir='ltr'><strong>mittit</strong></span> <span class='ocrx_word' id='word_1_49' title='bbox 1302 1740 1612 1785; x_wconf 86' lang='lat' dir='ltr'><strong>summam</strong></span> <span class='ocrx_word' id='word_1_50' title='bbox 1658 1721 1839 1784; x_wconf 76' lang='lat'><strong><em>4600</em></strong></span> <span class='ocrx_word' id='word_1_51' title='bbox 1883 1720 2269 1801; x_wconf 79' lang='lat' dir='ltr'><strong>florenorum</strong></span> <span class='ocrx_word' id='word_1_52' title='bbox 2315 1720 2468 1785; x_wconf 86' lang='lat' dir='ltr'><strong>auri</strong></span> <span class='ocrx_word' id='word_1_53' title='bbox 2511 1726 2570 1784; x_wconf 85' lang='lat' dir='ltr'><strong>et</strong></span> <span class='ocrx_word' id='word_1_54' title='bbox 2616 1721 2896 1805; x_wconf 77' lang='lat' dir='ltr'><strong>quinque</strong></span> <span class='ocrx_word' id='word_1_55' title='bbox 2939 1722 3198 1785; x_wconf 84' lang='lat' dir='ltr'><strong>servitia</strong></span> <span class='ocrx_word' id='word_1_56' title='bbox 3244 1730 3556 1787; x_wconf 85' lang='lat' dir='ltr'><strong>consueta.</strong></span> 
     </span>
    </p>
   </div>
   <div class='ocr_carea' id='block_1_7' title="bbox 1063 1898 3918 2094">
    <p class='ocr_par' dir='ltr' id='par_1_7' title="bbox 1063 1898 3918 2094">
     <span class='ocr_line' id='line_1_10' title="bbox 1065 1898 3880 1994; baseline 0.001 -32"><span class='ocrx_word' id='word_1_57' title='bbox 1065 1899 1263 1963; x_wconf 92' lang='lat' dir='ltr'><strong>Anno</strong></span> <span class='ocrx_word' id='word_1_58' title='bbox 1319 1899 1519 1983; x_wconf 86' lang='lat'><strong>1364,</strong></span> <span class='ocrx_word' id='word_1_59' title='bbox 1572 1898 1679 1964; x_wconf 88' lang='lat' dir='ltr'><strong>die</strong></span> <span class='ocrx_word' id='word_1_60' title='bbox 1730 1901 1807 1963; x_wconf 88' lang='grc'><strong>21</strong></span> <span class='ocrx_word' id='word_1_61' title='bbox 1862 1898 2067 1965; x_wconf 85' lang='lat' dir='ltr'><strong>Junii.</strong></span> <span class='ocrx_word' id='word_1_62' title='bbox 3873 1988 3880 1994; x_wconf 12' lang='grc' dir='ltr'>ἱ</span> 
     </span>
     <span class='ocr_line' id='line_1_11' title="bbox 1063 2002 3918 2094; baseline 0.004 -26"><span class='ocrx_word' id='word_1_63' title='bbox 1063 2002 1384 2069; x_wconf 88' lang='lat' dir='ltr'><strong>Dominus</strong></span> <span class='ocrx_word' id='word_1_64' title='bbox 1446 2004 1787 2071; x_wconf 63' lang='lat' dir='ltr'><strong>‚Iohannes</strong></span> <span class='ocrx_word' id='word_1_65' title='bbox 1843 2006 2187 2092; x_wconf 91' lang='lat' dir='ltr'><strong>episcopus</strong></span> <span class='ocrx_word' id='word_1_66' title='bbox 2236 2005 2677 2092; x_wconf 81' lang='lat' dir='ltr'><strong>Trajectensis</strong></span> <span class='ocrx_word' id='word_1_67' title='bbox 2723 2007 3024 2093; x_wconf 81' lang='lat' dir='ltr'><strong>promisit</strong></span> <span class='ocrx_word' id='word_1_68' title='bbox 3070 2028 3188 2094; x_wconf 91' lang='lat' dir='ltr'><strong>pro</strong></span> <span class='ocrx_word' id='word_1_69' title='bbox 3237 2029 3354 2073; x_wconf 88' lang='lat' dir='ltr'><strong>suo</strong></span> <span class='ocrx_word' id='word_1_70' title='bbox 3404 2011 3733 2075; x_wconf 91' lang='lat' dir='ltr'><strong>communi</strong></span> <span class='ocrx_word' id='word_1_71' title='bbox 3778 2033 3918 2078; x_wconf 88' lang='lat' dir='ltr'><strong>ser--</strong></span> 
     </span>
    </p>
   </div>
   <div class='ocr_carea' id='block_1_8' title="bbox 830 2104 3908 2453">
    <p class='ocr_par' dir='ltr' id='par_1_8' title="bbox 830 2104 3908 2453">
     <span class='ocr_line' id='line_1_12' title="bbox 837 2104 3907 2237; baseline 0.003 -28"><span class='ocrx_word' id='word_1_72' title='bbox 837 2144 1006 2211; x_wconf 84' lang='lat' dir='ltr'><strong>vicio</strong></span> <span class='ocrx_word' id='word_1_73' title='bbox 1069 2144 1345 2212; x_wconf 80' lang='lat' dir='ltr'><strong>Camere</strong></span> <span class='ocrx_word' id='word_1_74' title='bbox 1405 2146 1763 2234; x_wconf 86' lang='lat' dir='ltr'><strong>apostolice</strong></span> <span class='ocrx_word' id='word_1_75' title='bbox 1825 2152 1895 2213; x_wconf 98' lang='lat' dir='ltr'><strong>et</strong></span> <span class='ocrx_word' id='word_1_76' title='bbox 1950 2147 2225 2232; x_wconf 91' lang='lat' dir='ltr'><strong>collegio</strong></span> <span class='ocrx_word' id='word_1_77' title='bbox 2272 2104 2434 2212; x_wconf 69' lang='lat'>11&#39;1&#39;1.</span> <span class='ocrx_word' id='word_1_78' title='bbox 2482 2106 2601 2214; x_wconf 62' lang='lat' dir='ltr'><strong>VcI.</strong></span> <span class='ocrx_word' id='word_1_79' title='bbox 2651 2150 2791 2214; x_wconf 87' lang='lat' dir='ltr'><strong>flor.</strong></span> <span class='ocrx_word' id='word_1_80' title='bbox 2840 2155 2908 2215; x_wconf 88' lang='lat' dir='ltr'><strong>et</strong></span> <span class='ocrx_word' id='word_1_81' title='bbox 2953 2149 3015 2215; x_wconf 88' lang='lat' dir='ltr'><strong>V</strong></span> <span class='ocrx_word' id='word_1_82' title='bbox 3065 2151 3342 2217; x_wconf 86' lang='lat' dir='ltr'><strong>servicia</strong></span> <span class='ocrx_word' id='word_1_83' title='bbox 3388 2159 3739 2237; x_wconf 89' lang='lat' dir='ltr'><strong>consueta,</strong></span> <span class='ocrx_word' id='word_1_84' title='bbox 3785 2155 3907 2219; x_wconf 91' lang='lat' dir='ltr'><strong>sol·</strong></span> 
     </span>
     <span class='ocr_line' id='line_1_13' title="bbox 833 2251 3908 2342; baseline 0.003 -26"><span class='ocrx_word' id='word_1_85' title='bbox 833 2251 1049 2318; x_wconf 84' lang='lat' dir='ltr'><strong>vendo</strong></span> <span class='ocrx_word' id='word_1_86' title='bbox 1097 2253 1519 2320; x_wconf 84' lang='lat' dir='ltr'><strong>medietatem</strong></span> <span class='ocrx_word' id='word_1_87' title='bbox 1565 2256 1635 2319; x_wconf 90' lang='lat' dir='ltr'><strong>in</strong></span> <span class='ocrx_word' id='word_1_88' title='bbox 1682 2254 1850 2319; x_wconf 82' lang='lat' dir='ltr'><strong>festo</strong></span> <span class='ocrx_word' id='word_1_89' title='bbox 1898 2254 2452 2320; x_wconf 86' lang='lat' dir='ltr'><strong>Annunciationis</strong></span> <span class='ocrx_word' id='word_1_90' title='bbox 2499 2254 2693 2321; x_wconf 88' lang='lat' dir='ltr'><strong>beate</strong></span> <span class='ocrx_word' id='word_1_91' title='bbox 2724 2256 2931 2321; x_wconf 85' lang='lat' dir='ltr'><strong>Maris</strong></span> <span class='ocrx_word' id='word_1_92' title='bbox 2965 2258 3266 2342; x_wconf 82' lang='lat' dir='ltr'><strong>proxime</strong></span> <span class='ocrx_word' id='word_1_93' title='bbox 3299 2265 3579 2324; x_wconf 84' lang='lat' dir='ltr'><strong>venturo</strong></span> <span class='ocrx_word' id='word_1_94' title='bbox 3614 2265 3683 2325; x_wconf 84' lang='lat' dir='ltr'><strong>et</strong></span> <span class='ocrx_word' id='word_1_95' title='bbox 3719 2261 3908 2325; x_wconf 87' lang='lat' dir='ltr'><strong>aliam</strong></span> 
     </span>
     <span class='ocr_line' id='line_1_14' title="bbox 830 2359 3908 2453; baseline 0.003 -29"><span class='ocrx_word' id='word_1_96' title='bbox 830 2359 1254 2426; x_wconf 90' lang='lat' dir='ltr'><strong>medietatem</strong></span> <span class='ocrx_word' id='word_1_97' title='bbox 1302 2361 1371 2425; x_wconf 90' lang='lat' dir='ltr'><strong>in</strong></span> <span class='ocrx_word' id='word_1_98' title='bbox 1418 2360 1584 2426; x_wconf 89' lang='lat' dir='ltr'><strong>festo</strong></span> <span class='ocrx_word' id='word_1_99' title='bbox 1632 2361 2014 2427; x_wconf 84' lang='lat' dir='ltr'><strong>Nativitatis</strong></span> <span class='ocrx_word' id='word_1_100' title='bbox 2061 2360 2329 2427; x_wconf 90' lang='lat' dir='ltr'><strong>Domini</strong></span> <span class='ocrx_word' id='word_1_101' title='bbox 2376 2367 2627 2427; x_wconf 79' lang='lat' dir='ltr'><strong>extunc</strong></span> <span class='ocrx_word' id='word_1_102' title='bbox 2673 2363 2972 2449; x_wconf 83' lang='lat' dir='ltr'><strong>proxime</strong></span> <span class='ocrx_word' id='word_1_103' title='bbox 3022 2370 3378 2451; x_wconf 85' lang='lat' dir='ltr'><strong>sequturo‚</strong></span> <span class='ocrx_word' id='word_1_104' title='bbox 3436 2366 3754 2453; x_wconf 89' lang='lat' dir='ltr'><strong>Alioquin</strong></span> <span class='ocrx_word' id='word_1_105' title='bbox 3797 2376 3908 2433; x_wconf 85' lang='lat' dir='ltr'><strong>etc.</strong></span> 
     </span>
    </p>
   </div>
   <div class='ocr_carea' id='block_1_9' title="bbox 1247 2494 2668 2562">
    <p class='ocr_par' dir='ltr' id='par_1_9' title="bbox 1247 2494 2668 2562">
     <span class='ocr_line' id='line_1_15' title="bbox 1247 2494 2668 2562; baseline 0.002 -18"><span class='ocrx_word' id='word_1_106' title='bbox 1247 2494 1454 2547; x_wconf 66' lang='lat' dir='ltr'><strong>Archiv.</strong></span> <span class='ocrx_word' id='word_1_107' title='bbox 1502 2495 1666 2549; x_wconf 67' lang='lat' dir='ltr'><strong>vane.</strong></span> <span class='ocrx_word' id='word_1_108' title='bbox 1708 2495 1872 2560; x_wconf 65' lang='lat' dir='ltr'><strong>Obliy.</strong></span> <span class='ocrx_word' id='word_1_109' title='bbox 1912 2496 2101 2560; x_wconf 63' lang='lat' dir='ltr'><strong>coucy.</strong></span> <span class='ocrx_word' id='word_1_110' title='bbox 2144 2497 2278 2547; x_wconf 54' lang='lat' dir='ltr'><strong><em>Tou.</em></strong></span> <span class='ocrx_word' id='word_1_111' title='bbox 2312 2494 2434 2562; x_wconf 85' lang='lat'><strong>589,</strong></span> <span class='ocrx_word' id='word_1_112' title='bbox 2460 2496 2523 2560; x_wconf 78' lang='lat' dir='ltr'><strong>s.</strong></span> <span class='ocrx_word' id='word_1_113' title='bbox 2558 2495 2668 2547; x_wconf 72' lang='lat'><strong>770.</strong></span> 
     </span>
    </p>
   </div>
   <div class='ocr_carea' id='block_1_10' title="bbox 832 2961 3139 3053">
    <p class='ocr_par' dir='ltr' id='par_1_10' title="bbox 832 2961 3139 3053">
     <span class='ocr_line' id='line_1_16' title="bbox 832 2961 3139 3053; baseline 0.001 -23"><span class='ocrx_word' id='word_1_114' title='bbox 832 2961 1031 3033; x_wconf 78' lang='lat' dir='ltr'>VIII.</span> <span class='ocrx_word' id='word_1_115' title='bbox 1612 2968 1820 3051; x_wconf 75' lang='lat'><strong>1368,</strong></span> <span class='ocrx_word' id='word_1_116' title='bbox 1868 2969 2125 3053; x_wconf 81' lang='lat' dir='ltr'><strong>Aprilis</strong></span> <span class='ocrx_word' id='word_1_117' title='bbox 2172 2971 2247 3050; x_wconf 88' lang='lat'><strong>9,</strong></span> <span class='ocrx_word' id='word_1_118' title='bbox 2294 2967 2534 3032; x_wconf 86' lang='lat' dir='ltr'><strong>Romae</strong></span> <span class='ocrx_word' id='word_1_119' title='bbox 2576 2988 2682 3053; x_wconf 92' lang='lat' dir='ltr'><strong>ap.</strong></span> <span class='ocrx_word' id='word_1_120' title='bbox 2733 2966 2802 3032; x_wconf 82' lang='lat' dir='ltr'><strong>S.</strong></span> <span class='ocrx_word' id='word_1_121' title='bbox 2850 2967 3139 3032; x_wconf 86' lang='lat' dir='ltr'><strong>Petrum.</strong></span> 
     </span>
    </p>
   </div>
   <div class='ocr_carea' id='block_1_11' title="bbox 1050 3119 3907 3525">
    <p class='ocr_par' dir='ltr' id='par_1_11' title="bbox 1050 3119 3907 3525">
     <span class='ocr_line' id='line_1_17' title="bbox 1154 3119 3907 3209; baseline 0.003 -26"><span class='ocrx_word' id='word_1_122' title='bbox 1154 3119 1552 3186; x_wconf 81' lang='lat' dir='ltr'><strong>Walhardus</strong></span> <span class='ocrx_word' id='word_1_123' title='bbox 1593 3121 1668 3186; x_wconf 84' lang='lat' dir='ltr'><strong>de</strong></span> <span class='ocrx_word' id='word_1_124' title='bbox 1696 3121 2089 3187; x_wconf 74' lang='lat' dir='ltr'><strong>Bostomridi</strong></span> <span class='ocrx_word' id='word_1_125' title='bbox 2119 3123 2488 3208; x_wconf 80' lang='lat' dir='ltr'><strong>capellanus</strong></span> <span class='ocrx_word' id='word_1_126' title='bbox 2524 3130 2582 3187; x_wconf 87' lang='lat' dir='ltr'><strong>et</strong></span> <span class='ocrx_word' id='word_1_127' title='bbox 2612 3124 3146 3208; x_wconf 75' lang='lat' dir='ltr'><strong>poenitentiarius</strong></span> <span class='ocrx_word' id='word_1_128' title='bbox 3173 3124 3443 3209; x_wconf 87' lang='lat' dir='ltr'><strong>papalis</strong></span> <span class='ocrx_word' id='word_1_129' title='bbox 3472 3124 3796 3207; x_wconf 79' lang='lat' dir='ltr'><strong>(Johanni</strong></span> <span class='ocrx_word' id='word_1_130' title='bbox 3830 3126 3907 3192; x_wconf 83' lang='lat' dir='ltr'><strong>de</strong></span> 
     </span>
     <span class='ocr_line' id='line_1_18' title="bbox 1065 3226 3906 3317; baseline 0.004 -27"><span class='ocrx_word' id='word_1_131' title='bbox 1065 3226 1490 3313; x_wconf 79' lang='lat' dir='ltr'><strong>Virneburch)</strong></span> <span class='ocrx_word' id='word_1_132' title='bbox 1521 3230 1804 3314; x_wconf 86' lang='lat' dir='ltr'><strong>episcopo</strong></span> <span class='ocrx_word' id='word_1_133' title='bbox 1844 3228 2024 3312; x_wconf 85' lang='lat' dir='ltr'><strong>Traj.</strong></span> <span class='ocrx_word' id='word_1_134' title='bbox 2060 3231 2420 3313; x_wconf 76' lang='lat' dir='ltr'><strong>committit,</strong></span> <span class='ocrx_word' id='word_1_135' title='bbox 2452 3237 2527 3294; x_wconf 87' lang='lat' dir='ltr'><strong>ut</strong></span> <span class='ocrx_word' id='word_1_136' title='bbox 2557 3229 2916 3294; x_wconf 84' lang='lat' dir='ltr'><strong>Swederum</strong></span> <span class='ocrx_word' id='word_1_137' title='bbox 2948 3229 3412 3316; x_wconf 76' lang='lat' dir='ltr'><strong>borchqravum</strong></span> <span class='ocrx_word' id='word_1_138' title='bbox 3442 3232 3519 3297; x_wconf 86' lang='lat' dir='ltr'><strong>de</strong></span> <span class='ocrx_word' id='word_1_139' title='bbox 3547 3232 3906 3317; x_wconf 80' lang='lat' dir='ltr'><strong>Montfoort</strong></span> 
     </span>
     <span class='ocr_line' id='line_1_19' title="bbox 1050 3333 3905 3421; baseline 0.003 -25"><span class='ocrx_word' id='word_1_140' title='bbox 1050 3333 1336 3418; x_wconf 81' lang='lat' dir='ltr'><strong>aliosque</strong></span> <span class='ocrx_word' id='word_1_141' title='bbox 1381 3335 1757 3418; x_wconf 74' lang='lat' dir='ltr'><strong>armiqeros,</strong></span> <span class='ocrx_word' id='word_1_142' title='bbox 1808 3337 1922 3421; x_wconf 81' lang='lat' dir='ltr'><strong>qui</strong></span> <span class='ocrx_word' id='word_1_143' title='bbox 1959 3335 2605 3421; x_wconf 25' lang='lat' dir='ltr'><strong>clericuqutcendam</strong></span> <span class='ocrx_word' id='word_1_144' title='bbox 2636 3338 3073 3421; x_wconf 63' lang='lat' dir='ltr'><strong>conjugatum,</strong></span> <span class='ocrx_word' id='word_1_145' title='bbox 3122 3357 3247 3401; x_wconf 84' lang='lat' dir='ltr'><strong>non</strong></span> <span class='ocrx_word' id='word_1_146' title='bbox 3283 3345 3684 3404; x_wconf 82' lang='lat' dir='ltr'><strong>tonsuratum</strong></span> <span class='ocrx_word' id='word_1_147' title='bbox 3713 3343 3905 3405; x_wconf 88' lang='lat' dir='ltr'><strong>inter·</strong></span> 
     </span>
     <span class='ocr_line' id='line_1_20' title="bbox 1051 3438 3901 3525; baseline 0.003 -23"><span class='ocrx_word' id='word_1_148' title='bbox 1051 3438 1366 3522; x_wconf 80' lang='lat' dir='ltr'><strong>fecerunt,</strong></span> <span class='ocrx_word' id='word_1_149' title='bbox 1412 3448 1759 3525; x_wconf 87' lang='lat' dir='ltr'><strong>propterea</strong></span> <span class='ocrx_word' id='word_1_150' title='bbox 1803 3442 2054 3506; x_wconf 86' lang='lat' dir='ltr'><strong>nullam</strong></span> <span class='ocrx_word' id='word_1_151' title='bbox 2101 3444 2755 3507; x_wconf 77' lang='lat' dir='ltr'><strong>excommunicationis</strong></span> <span class='ocrx_word' id='word_1_152' title='bbox 2801 3450 3009 3507; x_wconf 83' lang='lat' dir='ltr'><strong>senten</strong></span> <span class='ocrx_word' id='word_1_153' title='bbox 3018 3445 3173 3508; x_wconf 83' lang='lat' dir='ltr'><strong>tiam</strong></span> <span class='ocrx_word' id='word_1_154' title='bbox 3220 3445 3570 3510; x_wconf 85' lang='lat' dir='ltr'><strong>incurrisse</strong></span> <span class='ocrx_word' id='word_1_155' title='bbox 3611 3446 3901 3512; x_wconf 83' lang='lat' dir='ltr'><strong>declaret.</strong></span> 
     </span>
    </p>
   </div>
   <div class='ocr_carea' id='block_1_12' title="bbox 826 3620 3986 5204">
    <p class='ocr_par' dir='ltr' id='par_1_12' title="bbox 828 3620 3914 3925">
     <span class='ocr_line' id='line_1_21' title="bbox 1049 3620 3914 3717; baseline 0.003 -32"><span class='ocrx_word' id='word_1_156' title='bbox 1049 3620 1433 3686; x_wconf 81' lang='lat' dir='ltr'><strong>Venerabili</strong></span> <span class='ocrx_word' id='word_1_157' title='bbox 1497 3623 1567 3687; x_wconf 94' lang='lat' dir='ltr'><strong>in</strong></span> <span class='ocrx_word' id='word_1_158' title='bbox 1631 3622 1891 3689; x_wconf 87' lang='lat' dir='ltr'><strong>Christo</strong></span> <span class='ocrx_word' id='word_1_159' title='bbox 1957 3626 2129 3712; x_wconf 88' lang='lat' dir='ltr'><strong>patri</strong></span> <span class='ocrx_word' id='word_1_160' title='bbox 2193 3673 2210 3690; x_wconf 89' lang='lat'><strong>.</strong></span> <span class='ocrx_word' id='word_1_161' title='bbox 2238 3673 2254 3690; x_wconf 92' lang='lat'><strong>.</strong></span> <span class='ocrx_word' id='word_1_162' title='bbox 2318 3626 2445 3691; x_wconf 91' lang='lat' dir='ltr'><strong>Dei</strong></span> <span class='ocrx_word' id='word_1_163' title='bbox 2508 3626 2722 3713; x_wconf 85' lang='lat' dir='ltr'><strong>gratia</strong></span> <span class='ocrx_word' id='word_1_164' title='bbox 2784 3627 3091 3713; x_wconf 91' lang='lat' dir='ltr'><strong>episcopo</strong></span> <span class='ocrx_word' id='word_1_165' title='bbox 3151 3629 3562 3716; x_wconf 82' lang='lat' dir='ltr'><strong>Trajectensi</strong></span> <span class='ocrx_word' id='word_1_166' title='bbox 3610 3630 3715 3695; x_wconf 79' lang='lat' dir='ltr'><strong>vel</strong></span> <span class='ocrx_word' id='word_1_167' title='bbox 3760 3632 3914 3717; x_wconf 81' lang='lat' dir='ltr'><strong>ejus</strong></span> 
     </span>
     <span class='ocr_line' id='line_1_22' title="bbox 828 3727 3903 3820; baseline 0.003 -28"><span class='ocrx_word' id='word_1_168' title='bbox 828 3727 1300 3814; x_wconf 85' lang='lat' dir='ltr'><strong>penitenciario</strong></span> <span class='ocrx_word' id='word_1_169' title='bbox 1347 3729 1747 3797; x_wconf 89' lang='lat' dir='ltr'><strong>Walhardus</strong></span> <span class='ocrx_word' id='word_1_170' title='bbox 1796 3731 1878 3797; x_wconf 89' lang='lat' dir='ltr'><strong>de</strong></span> <span class='ocrx_word' id='word_1_171' title='bbox 1924 3732 2354 3816; x_wconf 88' lang='lat' dir='ltr'><strong>Bostomridi‚</strong></span> <span class='ocrx_word' id='word_1_172' title='bbox 2404 3740 2631 3799; x_wconf 89' lang='lat' dir='ltr'><strong>cantor</strong></span> <span class='ocrx_word' id='word_1_173' title='bbox 2678 3735 2951 3800; x_wconf 91' lang='lat' dir='ltr'><strong>ecclesie</strong></span> <span class='ocrx_word' id='word_1_174' title='bbox 2994 3734 3439 3820; x_wconf 85' lang='lat' dir='ltr'><strong>Caturcensis,</strong></span> <span class='ocrx_word' id='word_1_175' title='bbox 3492 3736 3903 3802; x_wconf 88' lang='lat' dir='ltr'><strong>decretorum</strong></span> 
     </span>
     <span class='ocr_line' id='line_1_23' title="bbox 834 3833 2870 3925; baseline 0.004 -27"><span class='ocrx_word' id='word_1_176' title='bbox 834 3833 1098 3919; x_wconf 87' lang='lat' dir='ltr'><strong>doctor,</strong></span> <span class='ocrx_word' id='word_1_177' title='bbox 1148 3835 1394 3901; x_wconf 88' lang='lat' dir='ltr'><strong>domini</strong></span> <span class='ocrx_word' id='word_1_178' title='bbox 1441 3858 1611 3924; x_wconf 87' lang='lat' dir='ltr'><strong>pape</strong></span> <span class='ocrx_word' id='word_1_179' title='bbox 1658 3839 2071 3925; x_wconf 82' lang='lat' dir='ltr'><strong>capellanus,</strong></span> <span class='ocrx_word' id='word_1_180' title='bbox 2121 3841 2402 3907; x_wconf 88' lang='lat' dir='ltr'><strong>salutem</strong></span> <span class='ocrx_word' id='word_1_181' title='bbox 2449 3841 2519 3905; x_wconf 94' lang='lat' dir='ltr'><strong>in</strong></span> <span class='ocrx_word' id='word_1_182' title='bbox 2565 3841 2870 3908; x_wconf 89' lang='lat' dir='ltr'><strong>Domino.</strong></span> 
     </span>
    </p>

    <p class='ocr_par' dir='ltr' id='par_1_13' title="bbox 826 3941 3986 5204">
     <span class='ocr_line' id='line_1_24' title="bbox 1052 3941 3908 4033; baseline 0.003 -28"><span class='ocrx_word' id='word_1_183' title='bbox 1052 3941 1158 4006; x_wconf 83' lang='lat' dir='ltr'><strong>Ex</strong></span> <span class='ocrx_word' id='word_1_184' title='bbox 1228 3948 1414 4028; x_wconf 89' lang='lat' dir='ltr'><strong>parte</strong></span> <span class='ocrx_word' id='word_1_185' title='bbox 1485 3943 1804 4009; x_wconf 88' lang='lat' dir='ltr'><strong>nobilium</strong></span> <span class='ocrx_word' id='word_1_186' title='bbox 1877 3945 2167 4012; x_wconf 80' lang='lat' dir='ltr'><strong>Swederi</strong></span> <span class='ocrx_word' id='word_1_187' title='bbox 2241 3946 2629 4033; x_wconf 85' lang='lat' dir='ltr'><strong>borchgravi</strong></span> <span class='ocrx_word' id='word_1_188' title='bbox 2698 3947 2780 4012; x_wconf 89' lang='lat' dir='ltr'><strong>de</strong></span> <span class='ocrx_word' id='word_1_189' title='bbox 2841 3947 3234 4014; x_wconf 87' lang='lat' dir='ltr'><strong>Mondforde</strong></span> <span class='ocrx_word' id='word_1_190' title='bbox 3299 3954 3369 4014; x_wconf 98' lang='lat' dir='ltr'><strong>et</strong></span> <span class='ocrx_word' id='word_1_191' title='bbox 3429 3949 3702 4015; x_wconf 90' lang='lat' dir='ltr'><strong>Henrici</strong></span> <span class='ocrx_word' id='word_1_192' title='bbox 3748 3949 3908 4015; x_wconf 87' lang='lat' dir='ltr'><strong>dicti</strong></span> 
     </span>
     <span class='ocr_line' id='line_1_25' title="bbox 829 4046 3911 4135; baseline 0.003 -23"><span class='ocrx_word' id='word_1_193' title='bbox 829 4046 1054 4112; x_wconf 85' lang='lat' dir='ltr'><strong>Rover</strong></span> <span class='ocrx_word' id='word_1_194' title='bbox 1123 4046 1205 4112; x_wconf 89' lang='lat' dir='ltr'><strong>de</strong></span> <span class='ocrx_word' id='word_1_195' title='bbox 1273 4047 1664 4115; x_wconf 84' lang='lat' dir='ltr'><strong>Mondforde</strong></span> <span class='ocrx_word' id='word_1_196' title='bbox 1735 4051 1878 4135; x_wconf 89' lang='lat' dir='ltr'><strong>ejus</strong></span> <span class='ocrx_word' id='word_1_197' title='bbox 1943 4050 2057 4115; x_wconf 90' lang='lat' dir='ltr'><strong>filii</strong></span> <span class='ocrx_word' id='word_1_198' title='bbox 2125 4073 2200 4117; x_wconf 93' lang='lat' dir='ltr'><strong>ac</strong></span> <span class='ocrx_word' id='word_1_199' title='bbox 2248 4052 2538 4118; x_wconf 87' lang='lat' dir='ltr'><strong>Huberti</strong></span> <span class='ocrx_word' id='word_1_200' title='bbox 2587 4052 2670 4118; x_wconf 89' lang='lat' dir='ltr'><strong>de</strong></span> <span class='ocrx_word' id='word_1_201' title='bbox 2716 4053 2980 4119; x_wconf 91' lang='lat' dir='ltr'><strong>Vianen</strong></span> <span class='ocrx_word' id='word_1_202' title='bbox 3027 4054 3319 4119; x_wconf 89' lang='lat' dir='ltr'><strong>militum</strong></span> <span class='ocrx_word' id='word_1_203' title='bbox 3367 4075 3442 4120; x_wconf 92' lang='lat' dir='ltr'><strong>ac</strong></span> <span class='ocrx_word' id='word_1_204' title='bbox 3489 4055 3748 4120; x_wconf 89' lang='lat' dir='ltr'><strong>Hinrici</strong></span> <span class='ocrx_word' id='word_1_205' title='bbox 3791 4056 3911 4120; x_wconf 88' lang='lat' dir='ltr'><strong>filii</strong></span> 
     </span>
     <span class='ocr_line' id='line_1_26' title="bbox 836 4152 3908 4243; baseline 0.003 -24"><span class='ocrx_word' id='word_1_206' title='bbox 836 4152 1105 4237; x_wconf 83' lang='lat' dir='ltr'><strong>Souden</strong></span> <span class='ocrx_word' id='word_1_207' title='bbox 1169 4153 1251 4219; x_wconf 88' lang='lat' dir='ltr'><strong>de</strong></span> <span class='ocrx_word' id='word_1_208' title='bbox 1314 4155 1637 4221; x_wconf 87' lang='lat' dir='ltr'><strong>Damasco</strong></span> <span class='ocrx_word' id='word_1_209' title='bbox 1661 4207 1678 4240; x_wconf 93' lang='lat'><strong>,</strong></span> <span class='ocrx_word' id='word_1_210' title='bbox 1741 4157 2017 4223; x_wconf 85' lang='lat' dir='ltr'><strong>Alflardi</strong></span> <span class='ocrx_word' id='word_1_211' title='bbox 2066 4158 2148 4224; x_wconf 88' lang='lat' dir='ltr'><strong>de</strong></span> <span class='ocrx_word' id='word_1_212' title='bbox 2195 4158 2624 4243; x_wconf 82' lang='lat' dir='ltr'><strong>Mondforde,</strong></span> <span class='ocrx_word' id='word_1_213' title='bbox 2690 4160 3058 4226; x_wconf 89' lang='lat' dir='ltr'><strong>Hermanni</strong></span> <span class='ocrx_word' id='word_1_214' title='bbox 3106 4159 3188 4225; x_wconf 88' lang='lat' dir='ltr'><strong>de</strong></span> <span class='ocrx_word' id='word_1_215' title='bbox 3235 4160 3529 4227; x_wconf 85' lang='lat' dir='ltr'><strong>Herwen</strong></span> <span class='ocrx_word' id='word_1_216' title='bbox 3576 4183 3652 4227; x_wconf 88' lang='lat' dir='ltr'><strong>ac</strong></span> <span class='ocrx_word' id='word_1_217' title='bbox 3698 4163 3908 4229; x_wconf 82' lang='lat' dir='ltr'><strong>Theo-</strong></span> 
     </span>
     <span class='ocr_line' id='line_1_27' title="bbox 828 4260 3900 4356; baseline 0.003 -31"><span class='ocrx_word' id='word_1_218' title='bbox 828 4260 1029 4326; x_wconf 87' lang='lat' dir='ltr'><strong>derici</strong></span> <span class='ocrx_word' id='word_1_219' title='bbox 1091 4261 1250 4326; x_wconf 88' lang='lat' dir='ltr'><strong>dicti</strong></span> <span class='ocrx_word' id='word_1_220' title='bbox 1311 4262 1530 4328; x_wconf 83' lang='lat' dir='ltr'><strong>Grunt</strong></span> <span class='ocrx_word' id='word_1_221' title='bbox 1587 4265 2056 4350; x_wconf 88' lang='lat' dir='ltr'><strong>armigerorum</strong></span> <span class='ocrx_word' id='word_1_222' title='bbox 2102 4265 2437 4353; x_wconf 82' lang='lat' dir='ltr'><strong>laycorum</strong></span> <span class='ocrx_word' id='word_1_223' title='bbox 2484 4273 2703 4333; x_wconf 84' lang='lat' dir='ltr'><strong>vestre</strong></span> <span class='ocrx_word' id='word_1_224' title='bbox 2752 4267 3108 4354; x_wconf 81' lang='lat' dir='ltr'><strong>dyoceseos</strong></span> <span class='ocrx_word' id='word_1_225' title='bbox 3154 4268 3345 4333; x_wconf 90' lang='lat' dir='ltr'><strong>nobis</strong></span> <span class='ocrx_word' id='word_1_226' title='bbox 3393 4268 3616 4335; x_wconf 85' lang='lat' dir='ltr'><strong>oblata</strong></span> <span class='ocrx_word' id='word_1_227' title='bbox 3659 4270 3900 4356; x_wconf 89' lang='lat' dir='ltr'><strong>peticio</strong></span> 
     </span>
     <span class='ocr_line' id='line_1_28' title="bbox 832 4368 3910 4462; baseline 0.003 -30"><span class='ocrx_word' id='word_1_228' title='bbox 832 4368 1244 4451; x_wconf 86' lang='lat' dir='ltr'><strong>continebat,</strong></span> <span class='ocrx_word' id='word_1_229' title='bbox 1293 4369 1469 4456; x_wconf 89' lang='lat' dir='ltr'><strong>quod</strong></span> <span class='ocrx_word' id='word_1_230' title='bbox 1519 4370 1672 4437; x_wconf 92' lang='lat' dir='ltr'><strong>olim</strong></span> <span class='ocrx_word' id='word_1_231' title='bbox 1720 4372 1847 4458; x_wconf 91' lang='lat' dir='ltr'><strong>ipsi</strong></span> <span class='ocrx_word' id='word_1_232' title='bbox 1892 4371 2223 4459; x_wconf 87' lang='lat' dir='ltr'><strong>quendam</strong></span> <span class='ocrx_word' id='word_1_233' title='bbox 2270 4373 2577 4438; x_wconf 91' lang='lat' dir='ltr'><strong>clericum</strong></span> <span class='ocrx_word' id='word_1_234' title='bbox 2621 4375 3080 4460; x_wconf 86' lang='lat' dir='ltr'><strong>conjugatum,</strong></span> <span class='ocrx_word' id='word_1_235' title='bbox 3127 4395 3324 4461; x_wconf 91' lang='lat' dir='ltr'><strong>quem</strong></span> <span class='ocrx_word' id='word_1_236' title='bbox 3357 4374 3605 4462; x_wconf 88' lang='lat' dir='ltr'><strong>absque</strong></span> <span class='ocrx_word' id='word_1_237' title='bbox 3642 4381 3910 4441; x_wconf 84' lang='lat' dir='ltr'><strong>tonsura</strong></span> 
     </span>
     <span class='ocr_line' id='line_1_29' title="bbox 826 4474 3925 4568; baseline 0.003 -30"><span class='ocrx_word' id='word_1_238' title='bbox 826 4474 1201 4541; x_wconf 85' lang='lat' dir='ltr'><strong>invenerint</strong></span> <span class='ocrx_word' id='word_1_239' title='bbox 1247 4476 1558 4560; x_wconf 90' lang='lat' dir='ltr'><strong>clericali,</strong></span> <span class='ocrx_word' id='word_1_240' title='bbox 1609 4482 1876 4565; x_wconf 88' lang='lat' dir='ltr'><strong>propter</strong></span> <span class='ocrx_word' id='word_1_241' title='bbox 1924 4478 2166 4544; x_wconf 88' lang='lat' dir='ltr'><strong>delicta</strong></span> <span class='ocrx_word' id='word_1_242' title='bbox 2211 4479 2429 4545; x_wconf 90' lang='lat' dir='ltr'><strong>clerici</strong></span> <span class='ocrx_word' id='word_1_243' title='bbox 2476 4481 2682 4567; x_wconf 90' lang='lat' dir='ltr'><strong>ipsius</strong></span> <span class='ocrx_word' id='word_1_244' title='bbox 2728 4480 3108 4568; x_wconf 89' lang='lat' dir='ltr'><strong>sepeliendo</strong></span> <span class='ocrx_word' id='word_1_245' title='bbox 3156 4482 3561 4547; x_wconf 85' lang='lat' dir='ltr'><strong>suffocarunt</strong></span> <span class='ocrx_word' id='word_1_246' title='bbox 3600 4488 3670 4548; x_wconf 89' lang='lat' dir='ltr'><strong>et</strong></span> <span class='ocrx_word' id='word_1_247' title='bbox 3709 4482 3925 4548; x_wconf 61' lang='lat' dir='ltr'><strong>inter-</strong></span> 
     </span>
     <span class='ocr_line' id='line_1_30' title="bbox 828 4581 3905 4675; baseline 0.002 -29"><span class='ocrx_word' id='word_1_248' title='bbox 828 4581 1160 4667; x_wconf 83' lang='lat' dir='ltr'><strong>fecerunt3</strong></span> <span class='ocrx_word' id='word_1_249' title='bbox 1209 4604 1405 4670; x_wconf 88' lang='lat' dir='ltr'><strong>super</strong></span> <span class='ocrx_word' id='word_1_250' title='bbox 1452 4584 1690 4672; x_wconf 90' lang='lat' dir='ltr'><strong>quibus</strong></span> <span class='ocrx_word' id='word_1_251' title='bbox 1737 4584 1820 4650; x_wconf 89' lang='lat' dir='ltr'><strong>ad</strong></span> <span class='ocrx_word' id='word_1_252' title='bbox 1870 4607 1984 4650; x_wconf 88' lang='lat' dir='ltr'><strong>ora</strong></span> <span class='ocrx_word' id='word_1_253' title='bbox 2032 4586 2539 4673; x_wconf 89' lang='lat' dir='ltr'><strong>obloquencium</strong></span> <span class='ocrx_word' id='word_1_254' title='bbox 2589 4587 2952 4652; x_wconf 90' lang='lat' dir='ltr'><strong>emulorum</strong></span> <span class='ocrx_word' id='word_1_255' title='bbox 3001 4609 3269 4653; x_wconf 90' lang='lat' dir='ltr'><strong>suorum</strong></span> <span class='ocrx_word' id='word_1_256' title='bbox 3315 4587 3718 4654; x_wconf 89' lang='lat' dir='ltr'><strong>obstruenda</strong></span> <span class='ocrx_word' id='word_1_257' title='bbox 3755 4609 3905 4675; x_wconf 93' lang='lat' dir='ltr'><strong>sup-</strong></span> 
     </span>
     <span class='ocr_line' id='line_1_31' title="bbox 828 4687 3906 4781; baseline 0.002 -29"><span class='ocrx_word' id='word_1_258' title='bbox 828 4687 1055 4775; x_wconf 90' lang='lat' dir='ltr'><strong>plicari</strong></span> <span class='ocrx_word' id='word_1_259' title='bbox 1126 4688 1422 4754; x_wconf 88' lang='lat' dir='ltr'><strong>fecerunt</strong></span> <span class='ocrx_word' id='word_1_260' title='bbox 1492 4690 1829 4756; x_wconf 88' lang='lat' dir='ltr'><strong>humiliter</strong></span> <span class='ocrx_word' id='word_1_261' title='bbox 1899 4691 2055 4757; x_wconf 88' lang='lat' dir='ltr'><strong>dicti</strong></span> <span class='ocrx_word' id='word_1_262' title='bbox 2131 4692 2375 4757; x_wconf 85' lang='lat' dir='ltr'><strong>milites</strong></span> <span class='ocrx_word' id='word_1_263' title='bbox 2440 4697 2509 4758; x_wconf 95' lang='lat' dir='ltr'><strong>et</strong></span> <span class='ocrx_word' id='word_1_264' title='bbox 2553 4694 2860 4779; x_wconf 82' lang='lat' dir='ltr'><strong>armigeri</strong></span> <span class='ocrx_word' id='word_1_265' title='bbox 2909 4695 3003 4758; x_wconf 90' lang='lat' dir='ltr'><strong>eis</strong></span> <span class='ocrx_word' id='word_1_266' title='bbox 3048 4714 3167 4781; x_wconf 90' lang='lat' dir='ltr'><strong>per</strong></span> <span class='ocrx_word' id='word_1_267' title='bbox 3213 4692 3437 4760; x_wconf 89' lang='lat' dir='ltr'><strong>sedem</strong></span> <span class='ocrx_word' id='word_1_268' title='bbox 3484 4695 3906 4781; x_wconf 89' lang='lat' dir='ltr'><strong>apostolicam</strong></span> 
     </span>
     <span class='ocr_line' id='line_1_32' title="bbox 830 4795 3901 4889; baseline 0.002 -29"><span class='ocrx_word' id='word_1_269' title='bbox 830 4795 1339 4862; x_wconf 87' lang='lat' dir='ltr'><strong>misericorditer</strong></span> <span class='ocrx_word' id='word_1_270' title='bbox 1383 4797 1735 4883; x_wconf 83' lang='lat' dir='ltr'><strong>provideri.</strong></span> <span class='ocrx_word' id='word_1_271' title='bbox 1794 4798 1931 4864; x_wconf 87' lang='lat' dir='ltr'><strong>Nos</strong></span> <span class='ocrx_word' id='word_1_272' title='bbox 1977 4800 2179 4885; x_wconf 87' lang='lat' dir='ltr'><strong>igitur</strong></span> <span class='ocrx_word' id='word_1_273' title='bbox 2225 4800 2618 4866; x_wconf 88' lang='lat' dir='ltr'><strong>auctoritate</strong></span> <span class='ocrx_word' id='word_1_274' title='bbox 2667 4799 2912 4866; x_wconf 89' lang='lat' dir='ltr'><strong>domini</strong></span> <span class='ocrx_word' id='word_1_275' title='bbox 2955 4822 3157 4888; x_wconf 88' lang='lat' dir='ltr'><strong>pape,</strong></span> <span class='ocrx_word' id='word_1_276' title='bbox 3206 4802 3393 4888; x_wconf 90' lang='lat' dir='ltr'><strong>cujus</strong></span> <span class='ocrx_word' id='word_1_277' title='bbox 3433 4802 3901 4889; x_wconf 88' lang='lat' dir='ltr'><strong>penitenciarie</strong></span> 
     </span>
     <span class='ocr_line' id='line_1_33' title="bbox 831 4902 3986 4995; baseline 0.002 -27"><span class='ocrx_word' id='word_1_278' title='bbox 831 4923 1052 4968; x_wconf 88' lang='lat' dir='ltr'><strong>curam</strong></span> <span class='ocrx_word' id='word_1_279' title='bbox 1100 4902 1184 4968; x_wconf 89' lang='lat' dir='ltr'><strong>ad</strong></span> <span class='ocrx_word' id='word_1_280' title='bbox 1228 4924 1499 4990; x_wconf 87' lang='lat' dir='ltr'><strong>presens</strong></span> <span class='ocrx_word' id='word_1_281' title='bbox 1535 4905 1852 4990; x_wconf 85' lang='lat' dir='ltr'><strong>regimus,</strong></span> <span class='ocrx_word' id='word_1_282' title='bbox 1901 4906 2468 4993; x_wconf 86' lang='lat' dir='ltr'><strong>circumspectioni</strong></span> <span class='ocrx_word' id='word_1_283' title='bbox 2507 4911 2723 4972; x_wconf 79' lang='lat' dir='ltr'><strong>vestre</strong></span> <span class='ocrx_word' id='word_1_284' title='bbox 2764 4908 3261 4990; x_wconf 86' lang='lat' dir='ltr'><strong>committimus,</strong></span> <span class='ocrx_word' id='word_1_285' title='bbox 3303 4908 3359 4972; x_wconf 90' lang='lat' dir='ltr'><strong>si</strong></span> <span class='ocrx_word' id='word_1_286' title='bbox 3403 4913 3506 4973; x_wconf 90' lang='lat' dir='ltr'><strong>est</strong></span> <span class='ocrx_word' id='word_1_287' title='bbox 3544 4907 3668 4991; x_wconf 87' lang='lat' dir='ltr'><strong>ita,</strong></span> <span class='ocrx_word' id='word_1_288' title='bbox 3710 4928 3904 4995; x_wconf 91' lang='lat' dir='ltr'><strong>super</strong></span> <span class='ocrx_word' id='word_1_289' title='bbox 3981 4947 3986 4950; x_wconf 98' lang='lat'>-</span> 
     </span>
     <span class='ocr_line' id='line_1_34' title="bbox 832 5010 3905 5101; baseline 0.002 -27"><span class='ocrx_word' id='word_1_290' title='bbox 832 5010 1070 5098; x_wconf 91' lang='lat' dir='ltr'><strong>quibus</strong></span> <span class='ocrx_word' id='word_1_291' title='bbox 1116 5016 1400 5076; x_wconf 84' lang='lat' dir='ltr'><strong>vestram</strong></span> <span class='ocrx_word' id='word_1_292' title='bbox 1445 5011 1918 5077; x_wconf 90' lang='lat' dir='ltr'><strong>conscienciam</strong></span> <span class='ocrx_word' id='word_1_293' title='bbox 1959 5033 2335 5098; x_wconf 88' lang='lat' dir='ltr'><strong>oneramus,</strong></span> <span class='ocrx_word' id='word_1_294' title='bbox 2385 5012 2716 5079; x_wconf 88' lang='lat' dir='ltr'><strong>declareas</strong></span> <span class='ocrx_word' id='word_1_295' title='bbox 2754 5014 2935 5098; x_wconf 88' lang='lat' dir='ltr'><strong>(sic),</strong></span> <span class='ocrx_word' id='word_1_296' title='bbox 2968 5014 3144 5100; x_wconf 90' lang='lat' dir='ltr'><strong>ipsos</strong></span> <span class='ocrx_word' id='word_1_297' title='bbox 3176 5015 3419 5080; x_wconf 88' lang='lat' dir='ltr'><strong>milites</strong></span> <span class='ocrx_word' id='word_1_298' title='bbox 3454 5021 3522 5079; x_wconf 88' lang='lat' dir='ltr'><strong>et</strong></span> <span class='ocrx_word' id='word_1_299' title='bbox 3554 5015 3905 5101; x_wconf 86' lang='lat' dir='ltr'><strong>armigeros</strong></span> 
     </span>
     <span class='ocr_line' id='line_1_35' title="bbox 831 5117 3903 5204; baseline 0.002 -23"><span class='ocrx_word' id='word_1_300' title='bbox 831 5117 1079 5182; x_wconf 90' lang='lat' dir='ltr'><strong>nullam</strong></span> <span class='ocrx_word' id='word_1_301' title='bbox 1142 5119 1604 5204; x_wconf 90' lang='lat' dir='ltr'><strong>premissorum</strong></span> <span class='ocrx_word' id='word_1_302' title='bbox 1669 5120 2008 5186; x_wconf 89' lang='lat' dir='ltr'><strong>occasione</strong></span> <span class='ocrx_word' id='word_1_303' title='bbox 2073 5120 2780 5187; x_wconf 85' lang='lat' dir='ltr'><strong>excommunicacionis</strong></span> <span class='ocrx_word' id='word_1_304' title='bbox 2834 5121 3241 5186; x_wconf 87' lang='lat' dir='ltr'><strong>sentenciam</strong></span> <span class='ocrx_word' id='word_1_305' title='bbox 3287 5122 3657 5186; x_wconf 89' lang='lat' dir='ltr'><strong>incurrisse.</strong></span> <span class='ocrx_word' id='word_1_306' title='bbox 3748 5122 3903 5187; x_wconf 85' lang='lat' dir='ltr'><strong>Dat.</strong></span> 
     </span>
    </p>
   </div>
   <div class='ocr_carea' id='block_1_13' title="bbox 830 5222 3906 5396">
    <p class='ocr_par' dir='ltr' id='par_1_14' title="bbox 830 5222 3906 5396">
     <span class='ocr_line' id='line_1_36' title="bbox 830 5222 3906 5315; baseline 0.002 -28"><span class='ocrx_word' id='word_1_307' title='bbox 830 5222 1046 5288; x_wconf 85' lang='lat' dir='ltr'><strong>Rome</strong></span> <span class='ocrx_word' id='word_1_308' title='bbox 1109 5224 1284 5311; x_wconf 88' lang='lat' dir='ltr'><strong>apud</strong></span> <span class='ocrx_word' id='word_1_309' title='bbox 1348 5224 1664 5291; x_wconf 84' lang='lat' dir='ltr'><strong>Sanctum</strong></span> <span class='ocrx_word' id='word_1_310' title='bbox 1710 5226 2023 5312; x_wconf 85' lang='lat' dir='ltr'><strong>Petrum,</strong></span> <span class='ocrx_word' id='word_1_311' title='bbox 2069 5227 2135 5294; x_wconf 90' lang='lat' dir='ltr'><strong>V</strong></span> <span class='ocrx_word' id='word_1_312' title='bbox 2180 5226 2280 5291; x_wconf 89' lang='lat' dir='ltr'><strong>Id.</strong></span> <span class='ocrx_word' id='word_1_313' title='bbox 2328 5227 2619 5314; x_wconf 89' lang='lat' dir='ltr'><strong>Aprilis,</strong></span> <span class='ocrx_word' id='word_1_314' title='bbox 2667 5227 3096 5315; x_wconf 85' lang='lat' dir='ltr'><strong>pontificatus</strong></span> <span class='ocrx_word' id='word_1_315' title='bbox 3145 5226 3392 5293; x_wconf 89' lang='lat' dir='ltr'><strong>domini</strong></span> <span class='ocrx_word' id='word_1_316' title='bbox 3438 5228 3692 5294; x_wconf 90' lang='lat' dir='ltr'><strong>Urbani</strong></span> <span class='ocrx_word' id='word_1_317' title='bbox 3737 5249 3906 5315; x_wconf 89' lang='lat' dir='ltr'><strong>pape</strong></span> 
     </span>
     <span class='ocr_line' id='line_1_37' title="bbox 831 5328 1376 5396; baseline 0.004 -3"><span class='ocrx_word' id='word_1_318' title='bbox 831 5328 895 5394; x_wconf 89' lang='lat' dir='ltr'><strong>V</strong></span> <span class='ocrx_word' id='word_1_319' title='bbox 943 5349 1116 5394; x_wconf 91' lang='lat' dir='ltr'><strong>anno</strong></span> <span class='ocrx_word' id='word_1_320' title='bbox 1165 5335 1376 5396; x_wconf 82' lang='lat' dir='ltr'><strong>sexto.</strong></span> 
     </span>
    </p>
   </div>
   <div class='ocr_carea' id='block_1_14' title="bbox 1185 5448 3922 5599">
    <p class='ocr_par' dir='ltr' id='par_1_15' title="bbox 1185 5448 3922 5599">
     <span class='ocr_line' id='line_1_38' title="bbox 1253 5448 3922 5517; baseline 0.003 -22"><span class='ocrx_word' id='word_1_321' title='bbox 1253 5448 1640 5514; x_wconf 69' lang='lat' dir='ltr'><strong>Autoyraphum</strong></span> <span class='ocrx_word' id='word_1_322' title='bbox 1671 5465 1779 5499; x_wconf 73' lang='lat' dir='ltr'><strong>cum</strong></span> <span class='ocrx_word' id='word_1_323' title='bbox 1810 5449 1983 5514; x_wconf 60' lang='lat' dir='ltr'><strong>sigillo</strong></span> <span class='ocrx_word' id='word_1_324' title='bbox 2015 5465 2153 5500; x_wconf 76' lang='lat' dir='ltr'><strong>cereo</strong></span> <span class='ocrx_word' id='word_1_325' title='bbox 2187 5449 2244 5499; x_wconf 77' lang='lat' dir='ltr'><strong>in</strong></span> <span class='ocrx_word' id='word_1_326' title='bbox 2277 5449 2482 5500; x_wconf 72' lang='lat' dir='ltr'><strong>archivo</strong></span> <span class='ocrx_word' id='word_1_327' title='bbox 2504 5466 2655 5515; x_wconf 78' lang='lat' dir='ltr'><strong>prov.</strong></span> <span class='ocrx_word' id='word_1_328' title='bbox 2690 5451 2879 5517; x_wconf 70' lang='lat' dir='ltr'><strong>Ultrcy‘.</strong></span> <span class='ocrx_word' id='word_1_329' title='bbox 2894 5474 2916 5511; x_wconf 80' lang='grc'><strong>,-</strong></span> <span class='ocrx_word' id='word_1_330' title='bbox 2951 5452 3057 5517; x_wconf 75' lang='lat' dir='ltr'><strong>cfr.</strong></span> <span class='ocrx_word' id='word_1_331' title='bbox 3084 5452 3151 5503; x_wconf 78' lang='lat' dir='ltr'><strong>R.</strong></span> <span class='ocrx_word' id='word_1_332' title='bbox 3176 5451 3344 5502; x_wconf 63' lang='lat' dir='ltr'><strong>stain</strong></span> <span class='ocrx_word' id='word_1_333' title='bbox 3376 5451 3466 5502; x_wconf 62' lang='lat'><strong>172.</strong></span> <span class='ocrx_word' id='word_1_334' title='bbox 3489 5453 3585 5502; x_wconf 68' lang='lat' dir='ltr'><strong>An.</strong></span> <span class='ocrx_word' id='word_1_335' title='bbox 3631 5451 3922 5503; x_wconf 63' lang='lat' dir='ltr'><strong>Inventor—ie</strong></span> 
     </span>
     <span class='ocr_line' id='line_1_39' title="bbox 1185 5531 2741 5599; baseline 0.005 -21"><span class='ocrx_word' id='word_1_336' title='bbox 1185 5545 1284 5579; x_wconf 80' lang='lat' dir='ltr'><strong>van</strong></span> <span class='ocrx_word' id='word_1_337' title='bbox 1317 5531 1403 5580; x_wconf 68' lang='lat' dir='ltr'><strong>het</strong></span> <span class='ocrx_word' id='word_1_338' title='bbox 1437 5532 1649 5594; x_wconf 57' lang='grc' dir='ltr'><strong>πολὺ]</strong></span> <span class='ocrx_word' id='word_1_339' title='bbox 1676 5533 1766 5582; x_wconf 75' lang='lat' dir='ltr'><strong>dor</strong></span> <span class='ocrx_word' id='word_1_340' title='bbox 1799 5533 2000 5584; x_wconf 71' lang='lat' dir='ltr'><strong>Hecu-en</strong></span> <span class='ocrx_word' id='word_1_341' title='bbox 2034 5549 2133 5583; x_wconf 76' lang='lat' dir='ltr'><strong>van</strong></span> <span class='ocrx_word' id='word_1_342' title='bbox 2169 5533 2475 5599; x_wconf 76' lang='lat' dir='ltr'><strong>Montsoort</strong></span> <span class='ocrx_word' id='word_1_343' title='bbox 2509 5533 2567 5582; x_wconf 66' lang='grc' dir='ltr'><strong>κ’</strong></span> <span class='ocrx_word' id='word_1_344' title='bbox 2599 5534 2741 5586; x_wconf 68' lang='grc'><strong>122*.</strong></span> 
     </span>
    </p>
   </div>
   <div class='ocr_carea' id='block_1_15' title="bbox 2158 5701 2360 5707">
    <p class='ocr_par' dir='ltr' id='par_1_16' title="bbox 2158 5701 2360 5707">
     <span class='ocr_line' id='line_1_40' title="bbox 2158 5701 2360 5707; baseline 0 0"><span class='ocrx_word' id='word_1_345' title='bbox 2158 5701 2360 5707; x_wconf 95' lang='lat' dir='ltr'><strong> </strong></span> 
     </span>
    </p>
   </div>
   <div class='ocr_carea' id='block_1_16' title="bbox 4402 1567 4407 2604">
    <p class='ocr_par' dir='ltr' id='par_1_17' title="bbox 4402 1567 4407 2604">
     <span class='ocr_line' id='line_1_41' title="bbox 4402 1567 4407 2604; baseline 0 0"><span class='ocrx_word' id='word_1_346' title='bbox 4402 1567 4407 2604; x_wconf 95' lang='lat' dir='ltr'><strong> </strong></span> 
     </span>
    </p>
   </div>
  </div>
 </body>
</html>
