4450 6684
732 537 904 585 nxrv
2020 522 2511 589 Inaonucrm.

962 736 1173 803 Simili
1233 758 1505 804 munere
1565 738 1865 824 insigniti
1925 737 2166 805 deinde
2233 747 2583 807 occurrunt
2644 762 2749 807 an.
2803 743 3249 807 1248-1249
3296 741 3476 808 Hido
3523 742 3786 830 provin·

731 842 916 907 cialis
975 842 1250 908 fratrum
1296 842 1870 928 Praedicatornm,
1933 844 2111 932 prior
2153 864 2383 910 eorum
2428 844 2704 910 fratrum
2750 850 2821 911 et
2866 851 3087 911 custos
3132 845 3406 912 fratrum
3451 846 3783 912 Minor-um

733 948 1291 1034 TraJ‘ectensium,
1353 947 1734 1014 Lubbertus
1795 948 1999 1013 abbas
2062 947 2549 1034 Egmundensis
2610 951 2884 1034 (numm.
2935 952 3063 1015 207
3114 957 3183 1016 et
3229 952 3430 1035 211);
3490 950 3560 1016 a⁰
3613 951 3784 1015 1264

733 1050 1063 1117 Henricus
1125 1051 1207 1118 de
1269 1051 1577 1118 Vianden
1640 1054 1986 1139 episcopus
2033 1053 2514 1138 TraJectensis,
2573 1054 2679 1118 cui
2725 1055 2795 1120 in
2843 1075 2963 1119 sua
3010 1060 3078 1119 et
3123 1054 3480 1121 Leodiensi
3528 1055 3786 1121 dioece-

729 1155 913 1220 sibus
975 1154 1057 1220 ad
1120 1155 1630 1223 succurrendum
1691 1156 2087 1245 principatui
2148 1157 2462 1243 Acbayae
2524 1157 2925 1245 praedicatio
2988 1157 3218 1225 Crucis
3278 1158 3625 1225 commissa
3683 1164 3786 1224 est

731 1261 938 1343 (num.
1002 1262 1200 1345 298);
1260 1262 1501 1327 iterum
1563 1262 1635 1327 a0
1705 1262 1876 1326 1274
1922 1261 2101 1349 prior
2146 1261 2563 1347 provincialis
2609 1262 2885 1327 fratrum
2931 1261 3471 1328 Praedicatorum
3517 1262 3590 1327 in
3638 1283 3785 1348 pro-

730 1363 947 1429 vincia
993 1363 1369 1430 Coloniensi
1415 1368 1622 1450 (num.
1673 1366 1852 1449 331).

957 1470 1269 1544 Quamvis
1341 1469 1423 1536 de
1494 1468 1726 1553 modo,
1799 1490 1928 1557 qno
1996 1467 2250 1533 laudati
2321 1468 2549 1535 Crucis
2609 1468 3095 1557 praedicatores
3152 1471 3253 1535 sui
3301 1470 3496 1536 officii
3545 1491 3781 1536 munus

730 1574 1197 1661 persolverint,
1255 1595 1485 1660 parum
1532 1579 1649 1639 aut
1695 1573 1859 1638 nihil
1905 1572 2304 1638 documenta
2349 1579 2577 1638 nostra
2622 1572 2923 1657 tradant,
2973 1594 3087 1639 eos
3135 1579 3356 1640 tamen
3406 1575 3783 1640 auctoritati

730 1678 951 1764 papali
1019 1677 1452 1743 stabiliendae
1522 1684 1590 1743 et
1657 1676 2120 1764 propagandae
2181 1676 2461 1741 multum
2525 1677 2919 1744 conduxisse
2984 1699 3115 1743 non
3174 1677 3447 1744 dubium
3497 1677 3779 1744 videtur.

730 1780 939 1846 Erant
1008 1782 1182 1847 enim
1251 1782 1334 1846 ab
1401 1782 1544 1869 ipso
1614 1782 1917 1847 Romano
1989 1779 2316 1846 Pontifice
2384 1781 2467 1845 ad
2530 1780 3035 1868 praedicandam
3100 1781 3378 1847 Crucem
3442 1781 3779 1868 deputati,

728 1907 862 1974 qua
940 1886 1022 1952 de
1100 1887 1408 1951 missione
1486 1891 1694 1951 totam
1771 1907 1956 1951 suam
2031 1885 2322 1971 ipsorum
2391 1887 2851 1950 auctoritatem
2923 1893 2990 1952 et
3061 1885 3452 1972 dignitatem
3524 1892 3785 1952 mutua·

727 1991 1003 2074 bantur,
1073 1992 1169 2056 ita
1235 1996 1311 2056 ut
1378 1991 1641 2056 nonnisi
1709 1989 2131 2077 Apostolicae
2195 1988 2386 2054 Sedis
2447 1994 2844 2075 potestatem
2909 1989 3204 2076 urgendo
3268 1995 3337 2055 et
3403 1989 3783 2057 extollendo

728 2116 850 2161 sua
915 2097 1180 2184 propria
1248 2115 1507 2182 quoque
1577 2095 1674 2159 nti
1745 2094 2063 2159 valerent.
2157 2092 2364 2157 Porro
2433 2094 2862 2159 multifarium
2931 2094 3160 2162 Crucis
3225 2093 3787 2182 praedicatoribus

729 2201 1153 2266 incumbebat
1199 2200 1504 2265 officium.
1538 2200 1585 2283 ¹)
1665 2198 2074 2273 Quibusnam
2120 2196 2546 2261 facultatibus
2593 2202 2977 2280 uterentur,
3027 2198 3208 2263 varia
3252 2199 3532 2264 Bullarii
3578 2199 3786 2262 nostri

728 2303 1089 2390 diplomata
1157 2304 1472 2369 edocent:
1545 2307 1851 2389 poterant
1920 2301 2617 2366 excommunicationis
2687 2308 2756 2367 et
2818 2301 3152 2368 interdicti
3216 2303 3579 2369 sententias
3643 2307 3785 2367 tum

727 2408 981 2474 solvere
1042 2429 1191 2473 cum
1253 2408 1551 2494 infligere
1616 2409 1891 2492 (numm.
1959 2406 2084 2486 94,
2149 2405 2271 2485 96,
2326 2406 2516 2488 110);
2580 2426 2699 2492 per
2745 2427 3086 2472 censuram
3135 2407 3681 2488 ecclesiasticam,
3729 2406 3783 2470 si

728 2532 997 2577 necesse
1043 2512 1243 2595 foret,
1293 2511 1375 2576 ad
1424 2510 1868 2599 arripiendum
1915 2510 2043 2574 iter
2090 2529 2347 2572 sacrum
2388 2510 2781 2596 compellere
2814 2513 3020 2596 (num.
3056 2512 3248 2595 207);
3296 2516 3525 2575 votum
3558 2509 3784 2575 Crucis

728 2614 1025 2681 relaxare
1081 2622 1149 2682 et
1195 2622 1597 2682 commutare
1645 2617 1918 2697 (numm.
1972 2614 2100 2678 112
2149 2617 2217 2677 et
2272 2613 2463 2695 197);
2524 2634 2710 2678 suam
2756 2613 3178 2679 audientibus
3226 2615 3783 2701 praedicationem

727 2716 1175 2804 indulgentias
1244 2721 1563 2807 impertiri
1632 2720 1905 2802 (numm.
1980 2718 2106 2782 221
2181 2721 2251 2780 et
2320 2718 2518 2799 331);
2580 2718 2926 2803 pecuniam
2989 2719 3059 2782 in
3125 2718 3493 2783 subsidium
3540 2719 3782 2783 Terrae

729 2820 1011 2888 Sanctae
1076 2825 1362 2910 legatam
1425 2825 1531 2889 vel
1591 2824 1752 2889 alias
1817 2821 2200 2909 deputatam
2264 2820 2572 2905 colligere
2621 2827 2691 2886 et
2737 2842 2998 2887 servare
3045 2822 3325 2904 (numm.
3381 2823 3781 2904 llo—111).

726 2925 924 2991 Unde
987 2927 1331 2993 facillimus
1394 2927 1586 2992 nobis
1651 2926 1727 2990 fit
1787 2925 2004 2991 aditus
2051 2924 2134 2991 ad
2184 2924 2362 2989 aliud
2411 2925 2734 3009 officium,
2785 2926 2961 3012 quod
3010 2947 3157 2991 cum
3207 2948 3478 2993 munere
3525 2925 3785 3013 praedi·

727 3029 975 3095 candae
1024 3031 1250 3097 Crucis
1297 3052 1494 3118 saepe
1542 3050 1914 3096 connexum
1938 3030 1992 3112 2)
2042 3050 2350 3094 exercere
2398 3030 2737 3096 solebant:

370 3149 680 3198 Decimum
955 3136 1028 3200 C.
1126 3136 1498 3201 Collectores
1554 3137 1841 3221 papales.
1935 3133 2412 3219 Expeditiones
2474 3153 2734 3216 sacrae,
2800 3156 2962 3221 quas
3024 3140 3163 3199 tum
3229 3134 3312 3199 ad
3377 3133 3785 3200 liberandam

367 3216 678 3333 ‘'fiffltffiqoe
727 3239 997 3304 Terram
1069 3241 1379 3305 Sanctam
1448 3261 1596 3304 cum
1668 3240 1867 3304 ctiam
1935 3236 2019 3302 ad
2081 3237 2448 3302 haereticos
2511 3237 3034 3324 comprimendos
3089 3238 3196 3303 vel
3242 3239 3404 3303 alios
3450 3238 3783 3303 Ecclesiae

726 3342 949 3408 hostes
995 3342 1478 3432 impugnandos
1525 3343 1607 3408 ab
1657 3347 1946 3407 exeunte
1995 3361 2161 3405 saec.
2212 3341 2316 3405 XI
2361 3339 2724 3406 identidem
2772 3349 3215 3429 provocarunt
3264 3342 3514 3407 Summi
3555 3342 3784 3407 Ponti-

726 3446 919 3531 fices,
984 3448 1284 3533 ingentia
1346 3447 1707 3512 afferebant
1767 3445 2102 3531 impendia
2166 3465 2373 3529 eaque
2419 3445 2681 3532 publice
2731 3446 3041 3510 sustineri
3088 3447 3185 3511 fas
3233 3453 3396 3512 erat.
3489 3443 3780 3511 Proinde

727 3552 797 3615 in
848 3553 1210 3617 subsidium
1258 3553 1501 3616 Terrae
1550 3550 1832 3615 Sanctae
1880 3549 2014 3613 suis
2064 3569 2103 3612 a
2149 3548 2428 3613 subditis
2477 3550 2759 3636 speciale
2809 3550 3130 3614 tributum
3180 3551 3448 3635 exigere
3496 3549 3779 3635 primum

729 3657 800 3722 a0
871 3659 1040 3721 1147
1115 3654 1333 3743 coepit
1401 3652 1776 3719 Ludovicus
1843 3673 1963 3718 rex
2031 3651 2166 3717 VII
2236 3652 2509 3717 Galliae.
2604 3652 2810 3738 Cujus
2881 3654 3257 3740 exemplum
3322 3673 3443 3718 sua
3504 3652 3779 3739 quisque

725 3763 981 3827 ratione
1047 3759 1287 3825 imitati
1348 3758 1549 3823 fuisse
1600 3756 1951 3822 traduntur
1994 3756 2066 3821 in
2112 3755 2358 3840 Anglia
2405 3756 2732 3821 Henricus
2778 3777 2896 3821 rex
2945 3757 3051 3840 II,
3101 3759 3171 3821 in
3222 3757 3576 3823 Germania
3623 3777 3778 3821 vero

725 3865 1072 3952 Philippus
1143 3864 1420 3930 Suevus.
1512 3863 1671 3927 Mox
1743 3859 2025 3927 eundem
2097 3858 2338 3945 agendi
2400 3860 2696 3944 modum,
2768 3860 2958 3925 initio
3019 3880 3153 3925 non
3199 3861 3341 3926 sine
3387 3867 3582 3926 cauta
3627 3881 3780 3948 pru·

727 3970 989 4053 dentia,
1053 3967 1377 4055 gradatim
1439 3972 1662 4032 autem
1721 3987 1959 4052 magna
2005 3985 2153 4029 cum
2199 3964 2557 4047 industria,
2608 3964 3055 4029 abhibendum
3105 3970 3507 4051 putaverunt
3550 3965 3780 4029 Ponti·

722 4074 879 4140 fices
941 4074 1260 4156 Romani,
1325 4072 1438 4158 qui
1484 4072 1553 4135 in
1601 4071 1790 4135 bellis
1839 4070 2038 4133 sacris
2086 4088 2201 4152 pro
2249 4067 2642 4133 liberatione
2689 4069 2932 4133 Terrae
2982 4069 3266 4133 Sanctae
3315 4069 3513 4134 toties
3575 4069 3778 4154 gestis

720 4178 959 4244 summi
1003 4176 1203 4242 duces
1250 4181 1449 4262 atque
1496 4175 1918 4238 instinctores
1964 4177 2152 4237 erant
2199 4170 2466 4235 assidui.
2548 4172 2806 4237 Aerarii
2854 4173 3174 4258 angustiis
3222 4194 3536 4259 oppressa
3579 4193 3780 4259 expe·

722 4282 1006 4347 ditiones
1078 4300 1293 4347 sacras
1362 4298 1747 4364 promovere
1807 4296 1941 4340 non
2001 4279 2262 4361 poterat
2322 4276 2707 4361 Apostolica
2768 4275 3011 4360 Sedes,
3081 4277 3209 4341 nisi
3268 4299 3308 4341 a
3354 4277 3606 4342 clericis
3653 4277 3777 4341 sibi

721 4388 1001 4454 subditis
1065 4402 1541 4469 nonnunquam
1604 4380 1915 4467 specialia
1959 4379 2258 4465 exigeret
2304 4378 2654 4464 stipendia.
2746 4379 3171 4446 Pedetentim
3218 4380 3446 4468 itaque
3492 4401 3634 4445 mos
3679 4381 3781 4444 in-

721 4491 960 4573 valuit,
1006 4487 1270 4553 levandi
1322 4483 1682 4567 „decimam
1729 4489 2165 4570 proventuum
2214 4482 2878 4565 ecclesiasticorum,’'
2929 4505 3125 4570 quam
3166 4485 3364 4549 etiam
3419 4484 3779 4566 „decimam

725 4590 1094 4660 cruciatae’'
1163 4590 1266 4654 vel
1336 4589 1618 4669 „Terrae
1683 4586 2009 4653 Sanctae”
2070 4585 2270 4671 vulgo
2318 4586 2761 4672 appellabant.
2789 4587 2844 4672 3)
2938 4587 3144 4652 Porro
3193 4588 3615 4671 collectores,
3664 4588 3778 4675 qui

723 4694 1102 4783 hujusmodi
1164 4693 1481 4759 decimam
1543 4691 1649 4757 vel
1696 4692 1825 4756 alia
1870 4691 2119 4756 tributa
2165 4689 2402 4754 Curiae
2448 4691 2663 4777 papali
2712 4689 3029 4756 solvenda
3076 4692 3320 4777 ubique
3371 4693 3777 4779 reciperent,

721 4801 1292 4879 administrarent,
1339 4802 1633 4881 tempore
1682 4801 1750 4860 et
1793 4794 1938 4859 loco
1978 4793 2217 4860 debitis
2263 4793 2686 4876 exhiberent,
2735 4796 3036 4860 consulto
3077 4794 3395 4883 deputare
3429 4795 3777 4882 variasque

718 4908 795 4971 in
863 4903 1165 4989 regiones
1232 4899 1496 4964 mittere
1565 4898 1846 4985 primum
1916 4899 2133 4985 coepit
2202 4919 2337 4963 non
2412 4903 2545 4962 tam
2605 4897 3037 4964 Innocentius
3098 4920 3269 4987 papa
3330 4899 3515 4983 111⁴)
3579 4921 3775 4987 quam

722 5009 1061 5098 proximus
1124 5006 1266 5092 ejus
1328 5022 1662 5068 successor
1727 5002 2063 5068 Honorius
2121 5001 2250 5068 111.
2345 5001 2569 5068 Antea
2614 5002 2790 5067 enim
2836 5003 2995 5089 ipsis
3044 5004 3361 5090 cujusque
3409 5004 3595 5090 regni
3643 5005 3778 5090 epi-

724 5113 939 5201 scopis
981 5112 1108 5176 hoc
1155 5108 1441 5175 officium
1489 5106 1810 5182 committi
1855 5107 2129 5172 solebat.
2157 5108 2212 5191 5)

887 5419 948 5563 12}
980 5412 1707 5560 ggoaffignultssiuizuseegfficii
1731 5511 1872 5548 nexu
1897 5497 1991 5547 cfr.
2015 5497 2076 5546 Α.
2100 5493 2312 5547 Gottlob
2348 5493 2446 5543 Die
2470 5493 2793 5559 pt'ipstlichen
2819 5491 3344 5559 Kreuzzuqs-Steuern
3366 5498 3453 5548 dee
3477 5495 3560 5548 13.
3586 5498 3773 5551 Jahrla.

717 5580 1137 5646 (Heiligenstadt
1177 5576 1327 5641 1892)
1360 5575 1461 5626 193
1496 5591 1551 5627 se
1591 5591 1642 5640 q.
1975 5576 2030 5641 3)
2066 5575 2275 5627 Gottlob
2312 5575 2383 5625 1.1.
2417 5573 2602 5625 2-17,

895 5661 952 5725 4)
988 5659 1076 5711 Sic
1111 5659 1299 5710 asserit
1333 5656 1502 5707 Fabre
1588 5660 1705 5708 tude
1736 5673 1827 5710 sur
1861 5660 1908 5709 10
1939 5658 2094 5709 Liber
2127 5672 2357 5707 censuum
2390 5654 2488 5707 160
2521 5669 2631 5720 seq.
2854 5656 2912 5721 5)
2947 5656 3157 5709 Gottlob
3197 5659 3271 5711 1.1.
3306 5657 3369 5709 47
3404 5665 3459 5710 et
3492 5657 3773 5712 167-184.
