<?xml version="1.0" encoding="UTF-8"?>
<!DOCTYPE html PUBLIC "-//W3C//DTD XHTML 1.0 Transitional//EN"
    "http://www.w3.org/TR/xhtml1/DTD/xhtml1-transitional.dtd">
<html xmlns="http://www.w3.org/1999/xhtml" xml:lang="en" lang="en">
 <head>
  <title>
</title>
<meta http-equiv="Content-Type" content="text/html;charset=utf-8" />
  <meta name='ocr-system' content='tesseract 3.04.00' />
  <meta name='ocr-capabilities' content='ocr_page ocr_carea ocr_par ocr_line ocrx_word'/>
</head>
<body>
  <div class='ocr_page' id='page_1' title='image "./bullariumtrajec00nethgoog/bullariumtrajec00nethgoog_0289.png"; bbox 0 0 4450 6684; ppageno 0'>
   <div class='ocr_carea' id='block_1_1' title="bbox 1757 556 3572 623">
    <p class='ocr_par' dir='ltr' id='par_1_1' title="bbox 1757 556 3572 623">
     <span class='ocr_line' id='line_1_1' title="bbox 1757 556 3572 623; baseline -0.001 -1"><span class='ocrx_word' id='word_1_1' title='bbox 1757 556 2160 623; x_wconf 73' lang='lat' dir='ltr'><strong><em>Gnnconms</em></strong></span> <span class='ocrx_word' id='word_1_2' title='bbox 2204 556 2327 622; x_wconf 88' lang='lat' dir='ltr'><strong><em>XI.</em></strong></span> <span class='ocrx_word' id='word_1_3' title='bbox 3451 558 3572 621; x_wconf 80' lang='lat'><strong><em>191</em></strong></span> 
     </span>
    </p>
   </div>
   <div class='ocr_carea' id='block_1_2' title="bbox 512 771 2556 861">
    <p class='ocr_par' dir='ltr' id='par_1_2' title="bbox 512 771 2556 861">
     <span class='ocr_line' id='line_1_2' title="bbox 512 771 2556 861; baseline 0.001 -22"><span class='ocrx_word' id='word_1_4' title='bbox 512 771 969 842; x_wconf 76' lang='lat'><strong><em>1980—1981.</em></strong></span> <span class='ocrx_word' id='word_1_5' title='bbox 1536 777 1747 858; x_wconf 85' lang='lat'><strong><em>1371,</em></strong></span> <span class='ocrx_word' id='word_1_6' title='bbox 1793 776 2031 844; x_wconf 84' lang='lat' dir='ltr'><strong><em>Martii</em></strong></span> <span class='ocrx_word' id='word_1_7' title='bbox 2073 782 2147 861; x_wconf 88' lang='lat'><strong><em>6,</em></strong></span> <span class='ocrx_word' id='word_1_8' title='bbox 2193 779 2556 843; x_wconf 85' lang='lat' dir='ltr'><strong><em>Avenionis.</em></strong></span> 
     </span>
    </p>
   </div>
   <div class='ocr_carea' id='block_1_3' title="bbox 739 929 3602 1982">
    <p class='ocr_par' dir='ltr' id='par_1_3' title="bbox 739 929 3596 1659">
     <span class='ocr_line' id='line_1_3' title="bbox 826 929 3579 1018; baseline 0 -24"><span class='ocrx_word' id='word_1_9' title='bbox 826 929 910 995; x_wconf 81' lang='lat' dir='ltr'><strong><em>A.</em></strong></span> <span class='ocrx_word' id='word_1_10' title='bbox 1018 929 1351 997; x_wconf 83' lang='lat' dir='ltr'><strong><em>Willermo</em></strong></span> <span class='ocrx_word' id='word_1_11' title='bbox 1396 931 1473 996; x_wconf 87' lang='lat' dir='ltr'><strong><em>de</em></strong></span> <span class='ocrx_word' id='word_1_12' title='bbox 1527 932 1685 1018; x_wconf 80' lang='lat' dir='ltr'><strong><em>Wyc</em></strong></span> <span class='ocrx_word' id='word_1_13' title='bbox 1730 935 1801 996; x_wconf 87' lang='lat' dir='ltr'><strong><em>in</em></strong></span> <span class='ocrx_word' id='word_1_14' title='bbox 1847 932 2094 997; x_wconf 87' lang='lat' dir='ltr'><strong><em>artibus</em></strong></span> <span class='ocrx_word' id='word_1_15' title='bbox 2139 931 2477 1018; x_wconf 76' lang='lat' dir='ltr'><strong><em>maqistro,</em></strong></span> <span class='ocrx_word' id='word_1_16' title='bbox 2512 934 2652 1018; x_wconf 82' lang='lat' dir='ltr'><strong><em>qui,</em></strong></span> <span class='ocrx_word' id='word_1_17' title='bbox 2686 951 2826 997; x_wconf 86' lang='lat' dir='ltr'><strong><em>cum</em></strong></span> <span class='ocrx_word' id='word_1_18' title='bbox 2864 929 3103 995; x_wconf 87' lang='lat' dir='ltr'><strong><em>Petrus</em></strong></span> <span class='ocrx_word' id='word_1_19' title='bbox 3142 930 3396 996; x_wconf 78' lang='lat' dir='ltr'><strong><em>Rochus</em></strong></span> <span class='ocrx_word' id='word_1_20' title='bbox 3428 930 3579 995; x_wconf 87' lang='lat' dir='ltr'><strong><em>olim</em></strong></span> 
     </span>
     <span class='ocr_line' id='line_1_4' title="bbox 740 1036 3585 1125; baseline -0 -23"><span class='ocrx_word' id='word_1_21' title='bbox 740 1039 1075 1103; x_wconf 87' lang='lat' dir='ltr'><strong><em>canonicus</em></strong></span> <span class='ocrx_word' id='word_1_22' title='bbox 1120 1041 1597 1104; x_wconf 79' lang='lat' dir='ltr'><strong><em>matrimonium</em></strong></span> <span class='ocrx_word' id='word_1_23' title='bbox 1642 1043 2087 1123; x_wconf 76' lang='lat' dir='ltr'><strong><em>contraxisset,</em></strong></span> <span class='ocrx_word' id='word_1_24' title='bbox 2140 1042 2578 1105; x_wconf 89' lang='lat' dir='ltr'><strong><em>canonicatum</em></strong></span> <span class='ocrx_word' id='word_1_25' title='bbox 2623 1047 2682 1104; x_wconf 89' lang='lat' dir='ltr'><strong><em>et</em></strong></span> <span class='ocrx_word' id='word_1_26' title='bbox 2723 1039 3146 1125; x_wconf 88' lang='lat' dir='ltr'><strong><em>praebendam</em></strong></span> <span class='ocrx_word' id='word_1_27' title='bbox 3191 1040 3477 1103; x_wconf 86' lang='lat' dir='ltr'><strong><em>ecclesiae</em></strong></span> <span class='ocrx_word' id='word_1_28' title='bbox 3515 1036 3585 1101; x_wconf 82' lang='lat' dir='ltr'><strong><em>S.</em></strong></span> 
     </span>
     <span class='ocr_line' id='line_1_5' title="bbox 741 1143 3590 1232; baseline 0 -24"><span class='ocrx_word' id='word_1_29' title='bbox 741 1143 1064 1210; x_wconf 79' lang='lat' dir='ltr'><strong><em>Johannis</em></strong></span> <span class='ocrx_word' id='word_1_30' title='bbox 1118 1145 1298 1231; x_wconf 85' lang='lat' dir='ltr'><strong><em>Traj.</em></strong></span> <span class='ocrx_word' id='word_1_31' title='bbox 1348 1146 1619 1211; x_wconf 77' lang='lat' dir='ltr'><strong><em>obtinuit</em></strong></span> <span class='ocrx_word' id='word_1_32' title='bbox 1663 1154 1755 1230; x_wconf 89' lang='lat' dir='ltr'><strong><em>et,</em></strong></span> <span class='ocrx_word' id='word_1_33' title='bbox 1793 1156 2141 1232; x_wconf 77' lang='lat' dir='ltr'><strong><em>postquam</em></strong></span> <span class='ocrx_word' id='word_1_34' title='bbox 2172 1147 2414 1212; x_wconf 87' lang='lat' dir='ltr'><strong><em>Petrus</em></strong></span> <span class='ocrx_word' id='word_1_35' title='bbox 2445 1146 2674 1211; x_wconf 90' lang='lat' dir='ltr'><strong><em>Jacobi</em></strong></span> <span class='ocrx_word' id='word_1_36' title='bbox 2701 1145 2778 1210; x_wconf 87' lang='lat' dir='ltr'><strong><em>de</em></strong></span> <span class='ocrx_word' id='word_1_37' title='bbox 2812 1145 3235 1231; x_wconf 82' lang='lat' dir='ltr'><strong><em>Campostella</em></strong></span> <span class='ocrx_word' id='word_1_38' title='bbox 3257 1144 3590 1230; x_wconf 76' lang='lat' dir='ltr'><strong><em>presbyter</em></strong></span> 
     </span>
     <span class='ocr_line' id='line_1_6' title="bbox 752 1250 3593 1339; baseline -0 -24"><span class='ocrx_word' id='word_1_39' title='bbox 752 1250 933 1335; x_wconf 85' lang='lat' dir='ltr'><strong><em>Traj.</em></strong></span> <span class='ocrx_word' id='word_1_40' title='bbox 994 1253 1182 1317; x_wconf 89' lang='lat' dir='ltr'><strong><em>dioec.</em></strong></span> <span class='ocrx_word' id='word_1_41' title='bbox 1203 1302 1220 1336; x_wconf 91' lang='lat'><strong><em>,</em></strong></span> <span class='ocrx_word' id='word_1_42' title='bbox 1283 1255 1399 1339; x_wconf 83' lang='lat' dir='ltr'><strong><em>qui</em></strong></span> <span class='ocrx_word' id='word_1_43' title='bbox 1446 1262 1795 1339; x_wconf 87' lang='lat' dir='ltr'><strong><em>propterea</em></strong></span> <span class='ocrx_word' id='word_1_44' title='bbox 1855 1256 1926 1319; x_wconf 90' lang='lat' dir='ltr'><strong><em>in</em></strong></span> <span class='ocrx_word' id='word_1_45' title='bbox 1992 1257 2176 1318; x_wconf 85' lang='lat' dir='ltr'><strong><em>curia</em></strong></span> <span class='ocrx_word' id='word_1_46' title='bbox 2224 1255 2339 1318; x_wconf 89' lang='lat' dir='ltr'><strong><em>diu</em></strong></span> <span class='ocrx_word' id='word_1_47' title='bbox 2390 1256 2696 1339; x_wconf 74' lang='lat' dir='ltr'><strong><em>litiyavit,</em></strong></span> <span class='ocrx_word' id='word_1_48' title='bbox 2757 1252 3077 1339; x_wconf 78' lang='lat' dir='ltr'><strong><em>quodlibet</em></strong></span> <span class='ocrx_word' id='word_1_49' title='bbox 3102 1254 3225 1336; x_wconf 80' lang='lat' dir='ltr'><strong><em>jus</em></strong></span> <span class='ocrx_word' id='word_1_50' title='bbox 3269 1250 3389 1315; x_wconf 85' lang='lat' dir='ltr'><strong><em>sibi</em></strong></span> <span class='ocrx_word' id='word_1_51' title='bbox 3432 1271 3593 1315; x_wconf 89' lang='lat' dir='ltr'><strong><em>com-</em></strong></span> 
     </span>
     <span class='ocr_line' id='line_1_7' title="bbox 739 1357 3596 1447; baseline -0 -24"><span class='ocrx_word' id='word_1_52' title='bbox 739 1367 960 1446; x_wconf 89' lang='lat' dir='ltr'><strong><em>petens</em></strong></span> <span class='ocrx_word' id='word_1_53' title='bbox 1019 1362 1456 1445; x_wconf 74' lang='lat' dir='ltr'><strong><em>resiynaverat</em></strong></span> <span class='ocrx_word' id='word_1_54' title='bbox 1478 1410 1496 1444; x_wconf 93' lang='lat'><strong><em>,</em></strong></span> <span class='ocrx_word' id='word_1_55' title='bbox 1546 1361 1818 1447; x_wconf 83' lang='lat' dir='ltr'><strong><em>pacifice</em></strong></span> <span class='ocrx_word' id='word_1_56' title='bbox 1878 1362 2090 1427; x_wconf 89' lang='lat' dir='ltr'><strong><em>eadem</em></strong></span> <span class='ocrx_word' id='word_1_57' title='bbox 2134 1362 2422 1447; x_wconf 79' lang='lat' dir='ltr'><strong><em>possidet</em></strong></span> <span class='ocrx_word' id='word_1_58' title='bbox 2468 1360 2796 1444; x_wconf 87' lang='lat' dir='ltr'><strong><em>beneficia,</em></strong></span> <span class='ocrx_word' id='word_1_59' title='bbox 2847 1360 2996 1424; x_wconf 80' lang='lat' dir='ltr'><strong><em>haec</em></strong></span> <span class='ocrx_word' id='word_1_60' title='bbox 3041 1358 3118 1423; x_wconf 86' lang='lat' dir='ltr'><strong><em>de</em></strong></span> <span class='ocrx_word' id='word_1_61' title='bbox 3162 1379 3317 1423; x_wconf 84' lang='lat' dir='ltr'><strong><em>novo</em></strong></span> <span class='ocrx_word' id='word_1_62' title='bbox 3363 1357 3596 1440; x_wconf 83' lang='lat' dir='ltr'><strong><em>confir-</em></strong></span> 
     </span>
     <span class='ocr_line' id='line_1_8' title="bbox 747 1465 3595 1553; baseline 0.001 -24"><span class='ocrx_word' id='word_1_63' title='bbox 747 1474 1039 1550; x_wconf 87' lang='lat' dir='ltr'><strong><em>mantur,</em></strong></span> <span class='ocrx_word' id='word_1_64' title='bbox 1088 1468 1359 1553; x_wconf 82' lang='lat' dir='ltr'><strong><em>perinde</em></strong></span> <span class='ocrx_word' id='word_1_65' title='bbox 1404 1489 1479 1533; x_wconf 93' lang='lat' dir='ltr'><strong><em>ac</em></strong></span> <span class='ocrx_word' id='word_1_66' title='bbox 1525 1469 1765 1534; x_wconf 88' lang='lat' dir='ltr'><strong><em>Petrus</em></strong></span> <span class='ocrx_word' id='word_1_67' title='bbox 1811 1470 1886 1534; x_wconf 88' lang='lat' dir='ltr'><strong><em>de</em></strong></span> <span class='ocrx_word' id='word_1_68' title='bbox 1934 1468 2165 1534; x_wconf 86' lang='lat' dir='ltr'><strong><em>Sancto</em></strong></span> <span class='ocrx_word' id='word_1_69' title='bbox 2211 1468 2559 1550; x_wconf 84' lang='lat' dir='ltr'><strong><em>Michaele,</em></strong></span> <span class='ocrx_word' id='word_1_70' title='bbox 2608 1468 2881 1550; x_wconf 82' lang='lat' dir='ltr'><strong><em>ejusdem</em></strong></span> <span class='ocrx_word' id='word_1_71' title='bbox 2929 1466 3118 1531; x_wconf 88' lang='lat' dir='ltr'><strong><em>Petri</em></strong></span> <span class='ocrx_word' id='word_1_72' title='bbox 3162 1465 3366 1530; x_wconf 82' lang='lat' dir='ltr'><strong><em>Rochi</em></strong></span> <span class='ocrx_word' id='word_1_73' title='bbox 3397 1486 3595 1551; x_wconf 90' lang='lat' dir='ltr'><strong><em>prae-</em></strong></span> 
     </span>
     <span class='ocr_line' id='line_1_9' title="bbox 748 1572 2627 1659; baseline 0.002 -23"><span class='ocrx_word' id='word_1_74' title='bbox 748 1572 1043 1655; x_wconf 87' lang='lat' dir='ltr'><strong><em>decessor,</em></strong></span> <span class='ocrx_word' id='word_1_75' title='bbox 1093 1576 1474 1659; x_wconf 86' lang='lat' dir='ltr'><strong><em>apostolicae</em></strong></span> <span class='ocrx_word' id='word_1_76' title='bbox 1517 1575 1682 1639; x_wconf 85' lang='lat' dir='ltr'><strong><em>sedis</em></strong></span> <span class='ocrx_word' id='word_1_77' title='bbox 1726 1577 2081 1659; x_wconf 83' lang='lat' dir='ltr'><strong><em>familiaris</em></strong></span> <span class='ocrx_word' id='word_1_78' title='bbox 2126 1597 2250 1641; x_wconf 88' lang='lat' dir='ltr'><strong><em>non</em></strong></span> <span class='ocrx_word' id='word_1_79' title='bbox 2297 1575 2547 1657; x_wconf 81' lang='lat' dir='ltr'><strong><em>fuisset.</em></strong></span> <span class='ocrx_word' id='word_1_80' title='bbox 2577 1575 2627 1658; x_wconf 92' lang='lat' dir='ltr'><strong><em>l)</em></strong></span> 
     </span>
    </p>

    <p class='ocr_par' dir='ltr' id='par_1_4' title="bbox 751 1681 3602 1982">
     <span class='ocr_line' id='line_1_10' title="bbox 835 1681 3597 1766; baseline 0.001 -23"><span class='ocrx_word' id='word_1_81' title='bbox 835 1681 914 1744; x_wconf 94' lang='lat' dir='ltr'><strong><em>B.</em></strong></span> <span class='ocrx_word' id='word_1_82' title='bbox 1027 1681 1300 1747; x_wconf 78' lang='lat' dir='ltr'><strong><em>Volkero</em></strong></span> <span class='ocrx_word' id='word_1_83' title='bbox 1366 1683 1533 1747; x_wconf 90' lang='lat' dir='ltr'><strong><em>dicto</em></strong></span> <span class='ocrx_word' id='word_1_84' title='bbox 1611 1683 1675 1746; x_wconf 88' lang='lat' dir='ltr'><strong><em>Y</em></strong></span> <span class='ocrx_word' id='word_1_85' title='bbox 1670 1703 1847 1748; x_wconf 86' lang='lat' dir='ltr'><strong><em>seren</em></strong></span> <span class='ocrx_word' id='word_1_86' title='bbox 1906 1685 1976 1747; x_wconf 85' lang='lat' dir='ltr'><strong><em>in</em></strong></span> <span class='ocrx_word' id='word_1_87' title='bbox 2020 1683 2284 1748; x_wconf 83' lang='lat' dir='ltr'><strong><em>decretis</em></strong></span> <span class='ocrx_word' id='word_1_88' title='bbox 2329 1683 2737 1747; x_wconf 85' lang='lat' dir='ltr'><strong><em>baccalaureo</em></strong></span> <span class='ocrx_word' id='word_1_89' title='bbox 2783 1689 2841 1746; x_wconf 89' lang='lat' dir='ltr'><strong><em>et</em></strong></span> <span class='ocrx_word' id='word_1_90' title='bbox 2887 1684 2952 1745; x_wconf 90' lang='lat' dir='ltr'><strong><em>in</em></strong></span> <span class='ocrx_word' id='word_1_91' title='bbox 3001 1681 3248 1746; x_wconf 85' lang='lat' dir='ltr'><strong><em>artibus</em></strong></span> <span class='ocrx_word' id='word_1_92' title='bbox 3292 1683 3597 1766; x_wconf 73' lang='lat' dir='ltr'><strong><em>mayistro</em></strong></span> 
     </span>
     <span class='ocr_line' id='line_1_11' title="bbox 756 1788 3602 1875; baseline 0 -24"><span class='ocrx_word' id='word_1_93' title='bbox 756 1788 1085 1870; x_wconf 79' lang='lat' dir='ltr'><strong><em>confertur</em></strong></span> <span class='ocrx_word' id='word_1_94' title='bbox 1146 1792 1554 1855; x_wconf 84' lang='lat' dir='ltr'><strong><em>canonicatus</em></strong></span> <span class='ocrx_word' id='word_1_95' title='bbox 1614 1799 1674 1855; x_wconf 89' lang='lat' dir='ltr'><strong><em>et</em></strong></span> <span class='ocrx_word' id='word_1_96' title='bbox 1730 1799 2138 1856; x_wconf 82' lang='lat' dir='ltr'><strong><em>reservantur</em></strong></span> <span class='ocrx_word' id='word_1_97' title='bbox 2172 1790 2541 1875; x_wconf 89' lang='lat' dir='ltr'><strong><em>praebenda</em></strong></span> <span class='ocrx_word' id='word_1_98' title='bbox 2585 1810 2822 1854; x_wconf 88' lang='lat' dir='ltr'><strong><em>necnon</em></strong></span> <span class='ocrx_word' id='word_1_99' title='bbox 2866 1790 3177 1874; x_wconf 74' lang='lat' dir='ltr'><strong><em>diynitas,</em></strong></span> <span class='ocrx_word' id='word_1_100' title='bbox 3215 1795 3602 1874; x_wconf 85' lang='lat' dir='ltr'><strong><em>personatus</em></strong></span> 
     </span>
     <span class='ocr_line' id='line_1_12' title="bbox 751 1895 2861 1982; baseline 0.001 -24"><span class='ocrx_word' id='word_1_101' title='bbox 751 1914 858 1958; x_wconf 89' lang='lat' dir='ltr'><strong><em>seu</em></strong></span> <span class='ocrx_word' id='word_1_102' title='bbox 903 1895 1189 1979; x_wconf 77' lang='lat' dir='ltr'><strong><em>officium</em></strong></span> <span class='ocrx_word' id='word_1_103' title='bbox 1236 1899 1303 1961; x_wconf 84' lang='lat' dir='ltr'><strong><em>in</em></strong></span> <span class='ocrx_word' id='word_1_104' title='bbox 1353 1900 1608 1962; x_wconf 75' lang='lat' dir='ltr'><strong><em>ecclesia</em></strong></span> <span class='ocrx_word' id='word_1_105' title='bbox 1663 1897 1845 1980; x_wconf 88' lang='lat' dir='ltr'><strong><em>Traj.</em></strong></span> <span class='ocrx_word' id='word_1_106' title='bbox 1897 1932 1981 1947; x_wconf 89' lang='lat'>—</span> <span class='ocrx_word' id='word_1_107' title='bbox 2030 1898 2447 1982; x_wconf 89' lang='lat' dir='ltr'><strong><em>Deputantur</em></strong></span> <span class='ocrx_word' id='word_1_108' title='bbox 2492 1904 2861 1961; x_wconf 79' lang='lat' dir='ltr'><strong><em>executores.</em></strong></span> 
     </span>
    </p>
   </div>
   <div class='ocr_carea' id='block_1_4' title="bbox 756 2078 3420 2264">
    <p class='ocr_par' dir='ltr' id='par_1_5' title="bbox 756 2078 3420 2264">
     <span class='ocr_line' id='line_1_13' title="bbox 756 2078 3420 2168; baseline 0.002 -26"><span class='ocrx_word' id='word_1_109' title='bbox 756 2078 1156 2144; x_wconf 80' lang='lat' dir='ltr'><strong><em>Litterarum</em></strong></span> <span class='ocrx_word' id='word_1_110' title='bbox 1205 2081 1499 2146; x_wconf 88' lang='lat' dir='ltr'><strong><em>scientia.</em></strong></span> <span class='ocrx_word' id='word_1_111' title='bbox 1526 2129 1542 2146; x_wconf 96' lang='lat'><strong><em>.</em></strong></span> <span class='ocrx_word' id='word_1_112' title='bbox 1579 2131 1594 2146; x_wconf 96' lang='lat'><strong><em>.</em></strong></span> <span class='ocrx_word' id='word_1_113' title='bbox 1626 2130 1641 2146; x_wconf 95' lang='lat'><strong><em>.</em></strong></span> <span class='ocrx_word' id='word_1_114' title='bbox 1700 2082 1853 2147; x_wconf 89' lang='lat' dir='ltr'><strong><em>Dat.</em></strong></span> <span class='ocrx_word' id='word_1_115' title='bbox 1903 2082 2273 2164; x_wconf 81' lang='lat' dir='ltr'><strong><em>Avinione,</em></strong></span> <span class='ocrx_word' id='word_1_116' title='bbox 2321 2081 2391 2146; x_wconf 93' lang='lat' dir='ltr'><strong><em>II</em></strong></span> <span class='ocrx_word' id='word_1_117' title='bbox 2438 2081 2609 2147; x_wconf 86' lang='lat' dir='ltr'><strong><em>Non.</em></strong></span> <span class='ocrx_word' id='word_1_118' title='bbox 2658 2082 2921 2166; x_wconf 85' lang='lat' dir='ltr'><strong><em>Marcii,</em></strong></span> <span class='ocrx_word' id='word_1_119' title='bbox 2969 2103 3142 2148; x_wconf 91' lang='lat' dir='ltr'><strong><em>anno</em></strong></span> <span class='ocrx_word' id='word_1_120' title='bbox 3191 2082 3420 2168; x_wconf 83' lang='lat' dir='ltr'><strong><em>prime.</em></strong></span> 
     </span>
     <span class='ocr_line' id='line_1_14' title="bbox 947 2197 2256 2264; baseline 0.002 -19"><span class='ocrx_word' id='word_1_121' title='bbox 947 2197 1073 2260; x_wconf 67' lang='lat' dir='ltr'><strong><em>Rea.</em></strong></span> <span class='ocrx_word' id='word_1_122' title='bbox 1111 2198 1211 2247; x_wconf 74' lang='lat' dir='ltr'><strong><em>Ac.</em></strong></span> <span class='ocrx_word' id='word_1_123' title='bbox 1249 2198 1291 2247; x_wconf 78' lang='lat' dir='ltr'>A</span> <span class='ocrx_word' id='word_1_124' title='bbox 1337 2200 1391 2249; x_wconf 85' lang='lat' dir='ltr'><strong><em>T.</em></strong></span> <span class='ocrx_word' id='word_1_125' title='bbox 1426 2197 1757 2264; x_wconf 74' lang='lat' dir='ltr'><strong><em>1,s.501v;</em></strong></span> <span class='ocrx_word' id='word_1_126' title='bbox 1795 2199 1836 2249; x_wconf 91' lang='lat' dir='ltr'>B</span> <span class='ocrx_word' id='word_1_127' title='bbox 1881 2201 1933 2247; x_wconf 86' lang='grc' dir='ltr'><strong><em>Τ.</em></strong></span> <span class='ocrx_word' id='word_1_128' title='bbox 1969 2197 2105 2264; x_wconf 82' lang='lat' dir='ltr'><strong><em>3‚s.</em></strong></span> <span class='ocrx_word' id='word_1_129' title='bbox 2140 2197 2256 2249; x_wconf 84' lang='lat'><strong><em>558.</em></strong></span> 
     </span>
    </p>
   </div>
   <div class='ocr_carea' id='block_1_5' title="bbox 683 2320 1895 2392">
    <p class='ocr_par' dir='ltr' id='par_1_6' title="bbox 683 2320 1895 2392">
     <span class='ocr_line' id='line_1_15' title="bbox 683 2320 1895 2392; baseline 0.004 -20"><span class='ocrx_word' id='word_1_130' title='bbox 683 2321 740 2387; x_wconf 85' lang='lat'><strong><em>1&gt;</em></strong></span> <span class='ocrx_word' id='word_1_131' title='bbox 777 2320 884 2375; x_wconf 83' lang='lat' dir='ltr'><strong><em>cfr.</em></strong></span> <span class='ocrx_word' id='word_1_132' title='bbox 917 2339 1081 2389; x_wconf 83' lang='lat' dir='ltr'><strong><em>supra</em></strong></span> <span class='ocrx_word' id='word_1_133' title='bbox 1115 2340 1324 2377; x_wconf 85' lang='lat' dir='ltr'><strong><em>numm.</em></strong></span> <span class='ocrx_word' id='word_1_134' title='bbox 1357 2325 1514 2391; x_wconf 75' lang='lat'><strong><em>1702,</em></strong></span> <span class='ocrx_word' id='word_1_135' title='bbox 1554 2324 1709 2392; x_wconf 84' lang='lat'>1817,</span> <span class='ocrx_word' id='word_1_136' title='bbox 1748 2325 1895 2377; x_wconf 72' lang='lat'><strong><em>1822.</em></strong></span> 
     </span>
    </p>
   </div>
   <div class='ocr_carea' id='block_1_6' title="bbox 530 2743 2586 2837">
    <p class='ocr_par' dir='ltr' id='par_1_7' title="bbox 530 2743 2586 2837">
     <span class='ocr_line' id='line_1_16' title="bbox 530 2743 2586 2837; baseline 0.003 -25"><span class='ocrx_word' id='word_1_137' title='bbox 530 2743 734 2813; x_wconf 78' lang='lat'><strong><em>1982.</em></strong></span> <span class='ocrx_word' id='word_1_138' title='bbox 1546 2752 1764 2834; x_wconf 85' lang='lat'><strong><em>1371,</em></strong></span> <span class='ocrx_word' id='word_1_139' title='bbox 1813 2752 2051 2817; x_wconf 67' lang='lat' dir='ltr'><strong><em>Martii</em></strong></span> <span class='ocrx_word' id='word_1_140' title='bbox 2096 2755 2174 2837; x_wconf 89' lang='lat'><strong><em>9,</em></strong></span> <span class='ocrx_word' id='word_1_141' title='bbox 2223 2755 2586 2818; x_wconf 77' lang='lat' dir='ltr'><strong><em>Avenionis.</em></strong></span> 
     </span>
    </p>
   </div>
   <div class='ocr_carea' id='block_1_7' title="bbox 788 2901 3606 3097">
    <p class='ocr_par' dir='ltr' id='par_1_8' title="bbox 788 2901 3606 3097">
     <span class='ocr_line' id='line_1_17' title="bbox 857 2901 3606 2991; baseline -0.001 -24"><span class='ocrx_word' id='word_1_142' title='bbox 857 2901 1153 2968; x_wconf 80' lang='lat' dir='ltr'><strong><em>Johanni</em></strong></span> <span class='ocrx_word' id='word_1_143' title='bbox 1196 2903 1272 2968; x_wconf 89' lang='lat' dir='ltr'><strong><em>de</em></strong></span> <span class='ocrx_word' id='word_1_144' title='bbox 1318 2904 1528 2971; x_wconf 89' lang='lat' dir='ltr'><strong><em>Blesis</em></strong></span> <span class='ocrx_word' id='word_1_145' title='bbox 1573 2905 1827 2972; x_wconf 88' lang='lat' dir='ltr'><strong><em>domino</em></strong></span> <span class='ocrx_word' id='word_1_146' title='bbox 1877 2908 1995 2972; x_wconf 86' lang='lat' dir='ltr'><strong><em>loci</em></strong></span> <span class='ocrx_word' id='word_1_147' title='bbox 2039 2908 2115 2972; x_wconf 91' lang='lat' dir='ltr'><strong><em>de</em></strong></span> <span class='ocrx_word' id='word_1_148' title='bbox 2162 2906 2508 2972; x_wconf 78' lang='lat' dir='ltr'><strong><em>Scoenhove</em></strong></span> <span class='ocrx_word' id='word_1_149' title='bbox 2562 2906 2743 2991; x_wconf 79' lang='lat' dir='ltr'><strong><em>Traj.</em></strong></span> <span class='ocrx_word' id='word_1_150' title='bbox 2783 2906 2969 2970; x_wconf 84' lang='lat' dir='ltr'><strong><em>dioec.</em></strong></span> <span class='ocrx_word' id='word_1_151' title='bbox 3011 2904 3371 2970; x_wconf 86' lang='lat' dir='ltr'><strong><em>conceditur</em></strong></span> <span class='ocrx_word' id='word_1_152' title='bbox 3396 2903 3606 2988; x_wconf 83' lang='lat' dir='ltr'><strong><em>privi-</em></strong></span> 
     </span>
     <span class='ocr_line' id='line_1_18' title="bbox 788 3000 2972 3097; baseline 0.001 -24"><span class='ocrx_word' id='word_1_153' title='bbox 788 3009 1013 3094; x_wconf 74' lang='lat' dir='ltr'><strong><em>leyium</em></strong></span> <span class='ocrx_word' id='word_1_154' title='bbox 1049 3012 1389 3095; x_wconf 82' lang='lat' dir='ltr'><strong><em>plenariae</em></strong></span> <span class='ocrx_word' id='word_1_155' title='bbox 1419 3020 1826 3097; x_wconf 87' lang='lat' dir='ltr'><strong><em>peccatorum</em></strong></span> <span class='ocrx_word' id='word_1_156' title='bbox 1870 3015 2255 3078; x_wconf 82' lang='lat' dir='ltr'><strong><em>remissionis</em></strong></span> <span class='ocrx_word' id='word_1_157' title='bbox 2299 3016 2368 3078; x_wconf 89' lang='lat' dir='ltr'><strong><em>in</em></strong></span> <span class='ocrx_word' id='word_1_158' title='bbox 2414 3000 2688 3078; x_wconf 78' lang='lat' dir='ltr'><strong><em>articulo</em></strong></span> <span class='ocrx_word' id='word_1_159' title='bbox 2731 3013 2972 3079; x_wconf 87' lang='lat' dir='ltr'><strong><em>mortis.</em></strong></span> 
     </span>
    </p>
   </div>
   <div class='ocr_carea' id='block_1_8' title="bbox 764 3192 3138 3379">
    <p class='ocr_par' dir='ltr' id='par_1_9' title="bbox 764 3192 3138 3379">
     <span class='ocr_line' id='line_1_19' title="bbox 764 3192 3138 3282; baseline 0 -25"><span class='ocrx_word' id='word_1_160' title='bbox 764 3192 1082 3259; x_wconf 78' lang='lat' dir='ltr'><strong><em>Provenit</em></strong></span> <span class='ocrx_word' id='word_1_161' title='bbox 1129 3215 1234 3260; x_wconf 80' lang='lat' dir='ltr'><strong><em>ex.</em></strong></span> <span class='ocrx_word' id='word_1_162' title='bbox 1263 3243 1279 3261; x_wconf 94' lang='lat'><strong><em>.</em></strong></span> <span class='ocrx_word' id='word_1_163' title='bbox 1313 3243 1328 3260; x_wconf 93' lang='lat'><strong><em>.</em></strong></span> <span class='ocrx_word' id='word_1_164' title='bbox 1362 3244 1378 3262; x_wconf 92' lang='lat'><strong><em>.</em></strong></span> <span class='ocrx_word' id='word_1_165' title='bbox 1427 3197 1579 3262; x_wconf 92' lang='lat' dir='ltr'><strong><em>Dat.</em></strong></span> <span class='ocrx_word' id='word_1_166' title='bbox 1629 3198 1997 3282; x_wconf 83' lang='lat' dir='ltr'><strong><em>Avinione‚</em></strong></span> <span class='ocrx_word' id='word_1_167' title='bbox 2044 3196 2181 3263; x_wconf 83' lang='lat' dir='ltr'><strong><em>VII</em></strong></span> <span class='ocrx_word' id='word_1_168' title='bbox 2227 3195 2327 3261; x_wconf 85' lang='lat' dir='ltr'><strong><em>Id.</em></strong></span> <span class='ocrx_word' id='word_1_169' title='bbox 2377 3195 2638 3279; x_wconf 85' lang='lat' dir='ltr'><strong><em>Martii,</em></strong></span> <span class='ocrx_word' id='word_1_170' title='bbox 2686 3215 2861 3260; x_wconf 88' lang='lat' dir='ltr'><strong><em>anno</em></strong></span> <span class='ocrx_word' id='word_1_171' title='bbox 2907 3193 3138 3281; x_wconf 87' lang='lat' dir='ltr'><strong><em>primo.</em></strong></span> 
     </span>
     <span class='ocr_line' id='line_1_20' title="bbox 955 3311 1665 3379; baseline 0.008 -19"><span class='ocrx_word' id='word_1_172' title='bbox 955 3311 1082 3376; x_wconf 63' lang='grc' dir='ltr'><strong><em>Περ.</em></strong></span> <span class='ocrx_word' id='word_1_173' title='bbox 1114 3313 1214 3363; x_wconf 74' lang='lat' dir='ltr'><strong><em>Ac.</em></strong></span> <span class='ocrx_word' id='word_1_174' title='bbox 1257 3315 1310 3364; x_wconf 91' lang='lat' dir='ltr'><strong><em>T.</em></strong></span> <span class='ocrx_word' id='word_1_175' title='bbox 1345 3312 1405 3377; x_wconf 87' lang='lat'><strong><em>8,</em></strong></span> <span class='ocrx_word' id='word_1_176' title='bbox 1430 3316 1488 3379; x_wconf 83' lang='lat' dir='ltr'><strong><em>s.</em></strong></span> <span class='ocrx_word' id='word_1_177' title='bbox 1525 3313 1665 3366; x_wconf 71' lang='lat' dir='ltr'><strong><em>228v.</em></strong></span> 
     </span>
    </p>
   </div>
   <div class='ocr_carea' id='block_1_9' title="bbox 540 3725 2612 3822">
    <p class='ocr_par' dir='ltr' id='par_1_10' title="bbox 540 3725 2612 3822">
     <span class='ocr_line' id='line_1_21' title="bbox 540 3725 2612 3822; baseline 0.003 -28"><span class='ocrx_word' id='word_1_178' title='bbox 540 3725 736 3796; x_wconf 73' lang='lat'><strong><em>1983.</em></strong></span> <span class='ocrx_word' id='word_1_179' title='bbox 1529 3738 1703 3801; x_wconf 87' lang='lat'><strong><em>1371</em></strong></span> <span class='ocrx_word' id='word_1_180' title='bbox 1725 3787 1744 3821; x_wconf 88' lang='lat'>‚</span> <span class='ocrx_word' id='word_1_181' title='bbox 1791 3736 2030 3802; x_wconf 79' lang='lat' dir='ltr'><strong><em>Martii</em></strong></span> <span class='ocrx_word' id='word_1_182' title='bbox 2074 3741 2197 3822; x_wconf 87' lang='lat'><strong><em>15,</em></strong></span> <span class='ocrx_word' id='word_1_183' title='bbox 2247 3740 2612 3803; x_wconf 80' lang='lat' dir='ltr'><strong><em>Avenionis.</em></strong></span> 
     </span>
    </p>
   </div>
   <div class='ocr_carea' id='block_1_10' title="bbox 768 3887 3615 4299">
    <p class='ocr_par' dir='ltr' id='par_1_11' title="bbox 768 3887 3615 4299">
     <span class='ocr_line' id='line_1_22' title="bbox 864 3887 3615 3981; baseline 0.001 -30"><span class='ocrx_word' id='word_1_184' title='bbox 864 3887 1158 3955; x_wconf 76' lang='lat' dir='ltr'><strong><em>Gerardo</em></strong></span> <span class='ocrx_word' id='word_1_185' title='bbox 1203 3891 1279 3955; x_wconf 91' lang='lat' dir='ltr'><strong><em>de</em></strong></span> <span class='ocrx_word' id='word_1_186' title='bbox 1330 3890 1527 3976; x_wconf 86' lang='lat' dir='ltr'><strong><em>Veno,</em></strong></span> <span class='ocrx_word' id='word_1_187' title='bbox 1562 3898 1667 3958; x_wconf 88' lang='lat' dir='ltr'><strong><em>cui</em></strong></span> <span class='ocrx_word' id='word_1_188' title='bbox 1716 3894 2012 3960; x_wconf 88' lang='lat' dir='ltr'><strong><em>Urbanus</em></strong></span> <span class='ocrx_word' id='word_1_189' title='bbox 2031 3916 2216 3981; x_wconf 91' lang='lat' dir='ltr'><strong><em>papa</em></strong></span> <span class='ocrx_word' id='word_1_190' title='bbox 2260 3895 2323 3960; x_wconf 84' lang='lat' dir='ltr'><strong><em>V</em></strong></span> <span class='ocrx_word' id='word_1_191' title='bbox 2347 3896 2424 3960; x_wconf 85' lang='lat' dir='ltr'><strong><em>de</em></strong></span> <span class='ocrx_word' id='word_1_192' title='bbox 2452 3897 2853 3978; x_wconf 88' lang='lat' dir='ltr'><strong><em>canonicatu,</em></strong></span> <span class='ocrx_word' id='word_1_193' title='bbox 2876 3891 3244 3978; x_wconf 84' lang='lat' dir='ltr'><strong><em>praebenda</em></strong></span> <span class='ocrx_word' id='word_1_194' title='bbox 3273 3897 3333 3955; x_wconf 88' lang='lat' dir='ltr'><strong><em>et</em></strong></span> <span class='ocrx_word' id='word_1_195' title='bbox 3365 3890 3615 3955; x_wconf 79' lang='lat' dir='ltr'><strong><em>thesau-</em></strong></span> 
     </span>
     <span class='ocr_line' id='line_1_23' title="bbox 772 3995 3611 4087; baseline 0.001 -29"><span class='ocrx_word' id='word_1_196' title='bbox 772 3995 957 4060; x_wconf 82' lang='lat' dir='ltr'><strong><em>raria</em></strong></span> <span class='ocrx_word' id='word_1_197' title='bbox 1017 3999 1303 4063; x_wconf 84' lang='lat' dir='ltr'><strong><em>ecclesiae</em></strong></span> <span class='ocrx_word' id='word_1_198' title='bbox 1348 3999 1402 4064; x_wconf 88' lang='lat' dir='ltr'><strong><em>b.</em></strong></span> <span class='ocrx_word' id='word_1_199' title='bbox 1458 3999 1709 4066; x_wconf 85' lang='lat' dir='ltr'><strong><em>Mariae</em></strong></span> <span class='ocrx_word' id='word_1_200' title='bbox 1763 4001 1943 4084; x_wconf 84' lang='lat' dir='ltr'><strong><em>Traj.</em></strong></span> <span class='ocrx_word' id='word_1_201' title='bbox 1983 4005 2264 4087; x_wconf 83' lang='lat' dir='ltr'><strong><em>provisit</em></strong></span> <span class='ocrx_word' id='word_1_202' title='bbox 2285 4003 2377 4086; x_wconf 88' lang='lat'><strong><em>1),</em></strong></span> <span class='ocrx_word' id='word_1_203' title='bbox 2438 4003 2795 4068; x_wconf 86' lang='lat' dir='ltr'><strong><em>conceditur</em></strong></span> <span class='ocrx_word' id='word_1_204' title='bbox 2839 4003 3025 4065; x_wconf 86' lang='lat' dir='ltr'><strong><em>etiam</em></strong></span> <span class='ocrx_word' id='word_1_205' title='bbox 3071 3999 3611 4084; x_wconf 79' lang='lat' dir='ltr'><strong><em>supplementum,</em></strong></span> 
     </span>
     <span class='ocr_line' id='line_1_24' title="bbox 768 4100 3606 4193; baseline 0.001 -28"><span class='ocrx_word' id='word_1_206' title='bbox 768 4100 845 4165; x_wconf 87' lang='lat' dir='ltr'><strong><em>de</em></strong></span> <span class='ocrx_word' id='word_1_207' title='bbox 891 4124 1016 4188; x_wconf 83' lang='lat' dir='ltr'><strong><em>quo</em></strong></span> <span class='ocrx_word' id='word_1_208' title='bbox 1049 4106 1377 4189; x_wconf 83' lang='lat' dir='ltr'><strong><em>praefatis</em></strong></span> <span class='ocrx_word' id='word_1_209' title='bbox 1421 4109 1489 4170; x_wconf 91' lang='lat' dir='ltr'><strong><em>in</em></strong></span> <span class='ocrx_word' id='word_1_210' title='bbox 1539 4109 1740 4172; x_wconf 84' lang='lat' dir='ltr'><strong><em>literis</em></strong></span> <span class='ocrx_word' id='word_1_211' title='bbox 1774 4130 1901 4193; x_wconf 88' lang='lat' dir='ltr'><strong><em>per</em></strong></span> <span class='ocrx_word' id='word_1_212' title='bbox 1938 4109 2468 4174; x_wconf 86' lang='lat' dir='ltr'><strong><em>inadvertentiam</em></strong></span> <span class='ocrx_word' id='word_1_213' title='bbox 2507 4110 2695 4173; x_wconf 84' lang='lat' dir='ltr'><strong><em>nulla</em></strong></span> <span class='ocrx_word' id='word_1_214' title='bbox 2732 4114 2872 4172; x_wconf 89' lang='lat' dir='ltr'><strong><em>erat</em></strong></span> <span class='ocrx_word' id='word_1_215' title='bbox 2907 4109 3138 4171; x_wconf 89' lang='lat' dir='ltr'><strong><em>mentio</em></strong></span> <span class='ocrx_word' id='word_1_216' title='bbox 3176 4106 3388 4188; x_wconf 57' lang='grc' dir='ltr'><strong><em>ἴασαι,-</em></strong></span> <span class='ocrx_word' id='word_1_217' title='bbox 3435 4104 3606 4190; x_wconf 83' lang='lat' dir='ltr'><strong><em>quod</em></strong></span> 
     </span>
     <span class='ocr_line' id='line_1_25' title="bbox 775 4211 3417 4299; baseline 0.002 -28"><span class='ocrx_word' id='word_1_218' title='bbox 775 4214 981 4272; x_wconf 88' lang='lat' dir='ltr'><strong><em>tamen</em></strong></span> <span class='ocrx_word' id='word_1_219' title='bbox 1026 4230 1167 4274; x_wconf 89' lang='lat' dir='ltr'><strong><em>cum</em></strong></span> <span class='ocrx_word' id='word_1_220' title='bbox 1211 4211 1582 4297; x_wconf 83' lang='lat' dir='ltr'><strong><em>obtinuerit,</em></strong></span> <span class='ocrx_word' id='word_1_221' title='bbox 1619 4219 2143 4299; x_wconf 84' lang='lat' dir='ltr'><strong><em>praeposituram</em></strong></span> <span class='ocrx_word' id='word_1_222' title='bbox 2190 4215 2682 4279; x_wconf 80' lang='lat' dir='ltr'><strong><em>Arnhemensem</em></strong></span> <span class='ocrx_word' id='word_1_223' title='bbox 2731 4213 3045 4277; x_wconf 88' lang='lat' dir='ltr'><strong><em>dimittere</em></strong></span> <span class='ocrx_word' id='word_1_224' title='bbox 3092 4211 3417 4277; x_wconf 88' lang='lat' dir='ltr'><strong><em>tenebitur.</em></strong></span> 
     </span>
    </p>
   </div>
   <div class='ocr_carea' id='block_1_11' title="bbox 765 4385 3141 4577">
    <p class='ocr_par' dir='ltr' id='par_1_12' title="bbox 765 4385 3141 4577">
     <span class='ocr_line' id='line_1_26' title="bbox 765 4385 3141 4485; baseline 0.002 -29"><span class='ocrx_word' id='word_1_225' title='bbox 765 4385 1095 4458; x_wconf 80' lang='lat' dir='ltr'><strong><em>Nobilitas</em></strong></span> <span class='ocrx_word' id='word_1_226' title='bbox 1141 4395 1421 4479; x_wconf 86' lang='lat' dir='ltr'><strong><em>generis.</em></strong></span> <span class='ocrx_word' id='word_1_227' title='bbox 1455 4443 1471 4460; x_wconf 96' lang='lat'><strong><em>.</em></strong></span> <span class='ocrx_word' id='word_1_228' title='bbox 1500 4444 1515 4460; x_wconf 91' lang='lat'><strong><em>.</em></strong></span> <span class='ocrx_word' id='word_1_229' title='bbox 1541 4443 1560 4461; x_wconf 94' lang='lat'><strong><em>.</em></strong></span> <span class='ocrx_word' id='word_1_230' title='bbox 1610 4396 1765 4463; x_wconf 90' lang='lat' dir='ltr'><strong><em>Dat.</em></strong></span> <span class='ocrx_word' id='word_1_231' title='bbox 1814 4398 2143 4465; x_wconf 78' lang='lat' dir='ltr'><strong><em>Avinione</em></strong></span> <span class='ocrx_word' id='word_1_232' title='bbox 2163 4448 2180 4483; x_wconf 91' lang='lat'><strong><em>,</em></strong></span> <span class='ocrx_word' id='word_1_233' title='bbox 2228 4399 2328 4463; x_wconf 88' lang='lat' dir='ltr'><strong><em>Id.</em></strong></span> <span class='ocrx_word' id='word_1_234' title='bbox 2376 4398 2641 4481; x_wconf 80' lang='lat' dir='ltr'><strong><em>Marcii,</em></strong></span> <span class='ocrx_word' id='word_1_235' title='bbox 2692 4418 2865 4464; x_wconf 89' lang='lat' dir='ltr'><strong><em>anno</em></strong></span> <span class='ocrx_word' id='word_1_236' title='bbox 2912 4397 3141 4485; x_wconf 82' lang='lat' dir='ltr'><strong><em>prime.</em></strong></span> 
     </span>
     <span class='ocr_line' id='line_1_27' title="bbox 963 4511 1650 4577; baseline 0.006 -17"><span class='ocrx_word' id='word_1_237' title='bbox 963 4511 1089 4575; x_wconf 61' lang='grc' dir='ltr'><strong><em>περ.</em></strong></span> <span class='ocrx_word' id='word_1_238' title='bbox 1123 4512 1222 4564; x_wconf 67' lang='grc' dir='ltr'><strong><em>Αο.</em></strong></span> <span class='ocrx_word' id='word_1_239' title='bbox 1266 4514 1321 4562; x_wconf 84' lang='lat' dir='ltr'><strong><em>T.</em></strong></span> <span class='ocrx_word' id='word_1_240' title='bbox 1355 4511 1412 4575; x_wconf 64' lang='grc' dir='ltr'><strong><em>ε,</em></strong></span> <span class='ocrx_word' id='word_1_241' title='bbox 1438 4514 1498 4577; x_wconf 81' lang='lat' dir='ltr'><strong><em>s.</em></strong></span> <span class='ocrx_word' id='word_1_242' title='bbox 1533 4512 1650 4565; x_wconf 73' lang='lat'><strong><em>422.</em></strong></span> 
     </span>
    </p>
   </div>
   <div class='ocr_carea' id='block_1_12' title="bbox 693 4633 1454 4702">
    <p class='ocr_par' dir='ltr' id='par_1_13' title="bbox 693 4633 1454 4702">
     <span class='ocr_line' id='line_1_28' title="bbox 693 4633 1454 4702; baseline 0.009 -16"><span class='ocrx_word' id='word_1_243' title='bbox 693 4633 752 4700; x_wconf 82' lang='lat'><strong><em>1)</em></strong></span> <span class='ocrx_word' id='word_1_244' title='bbox 787 4634 894 4688; x_wconf 76' lang='lat' dir='ltr'><strong><em>Cfr.</em></strong></span> <span class='ocrx_word' id='word_1_245' title='bbox 925 4651 1087 4702; x_wconf 83' lang='lat' dir='ltr'><strong><em>supra</em></strong></span> <span class='ocrx_word' id='word_1_246' title='bbox 1122 4654 1272 4691; x_wconf 85' lang='lat' dir='ltr'><strong><em>num.</em></strong></span> <span class='ocrx_word' id='word_1_247' title='bbox 1302 4639 1454 4693; x_wconf 78' lang='lat'><strong><em>1883.</em></strong></span> 
     </span>
    </p>
   </div>
   <div class='ocr_carea' id='block_1_13' title="bbox 542 5020 2211 5129">
    <p class='ocr_par' dir='ltr' id='par_1_14' title="bbox 542 5020 2211 5129">
     <span class='ocr_line' id='line_1_29' title="bbox 542 5020 2211 5129; baseline 0.002 -45"><span class='ocrx_word' id='word_1_248' title='bbox 542 5056 738 5129; x_wconf 44' lang='lat'>1934,</span> <span class='ocrx_word' id='word_1_249' title='bbox 1760 5020 1818 5084; x_wconf 90' lang='lat' dir='ltr'><em>J</em></span> <span class='ocrx_word' id='word_1_250' title='bbox 1814 5022 2079 5085; x_wconf 90' lang='lat' dir='ltr'><strong><em>anuarii</em></strong></span> <span class='ocrx_word' id='word_1_251' title='bbox 2122 5023 2211 5086; x_wconf 84' lang='lat'><strong><em>29</em></strong></span> 
     </span>
    </p>
   </div>
   <div class='ocr_carea' id='block_1_14' title="bbox 1499 5072 2660 5189">
    <p class='ocr_par' dir='ltr' id='par_1_15' title="bbox 1499 5072 2660 5189">
     <span class='ocr_line' id='line_1_30' title="bbox 1499 5072 2660 5189; baseline 0.001 -54"><span class='ocrx_word' id='word_1_252' title='bbox 1499 5072 1714 5155; x_wconf 85' lang='lat'><strong><em>1371,</em></strong></span> <span class='ocrx_word' id='word_1_253' title='bbox 1800 5121 2039 5188; x_wconf 79' lang='lat' dir='ltr'><strong><em>Martii</em></strong></span> <span class='ocrx_word' id='word_1_254' title='bbox 2082 5125 2172 5189; x_wconf 70' lang='lat'><strong><em>16</em></strong></span> <span class='ocrx_word' id='word_1_255' title='bbox 2230 5121 2249 5156; x_wconf 89' lang='lat'><strong><em>,</em></strong></span> <span class='ocrx_word' id='word_1_256' title='bbox 2294 5073 2660 5138; x_wconf 78' lang='lat' dir='ltr'><strong><em>Avenionis.</em></strong></span> 
     </span>
    </p>
   </div>
   <div class='ocr_carea' id='block_1_15' title="bbox 1755 5107 2214 5120">
    <p class='ocr_par' dir='ltr' id='par_1_16' title="bbox 1755 5107 2214 5120">
     <span class='ocr_line' id='line_1_31' title="bbox 1755 5107 2214 5120; baseline 0 1564"><span class='ocrx_word' id='word_1_257' title='bbox 1755 5107 2214 5120; x_wconf 95' lang='lat' dir='ltr'><strong><em> </em></strong></span> 
     </span>
    </p>
   </div>
   <div class='ocr_carea' id='block_1_16' title="bbox 774 5271 3621 5581">
    <p class='ocr_par' dir='ltr' id='par_1_17' title="bbox 774 5271 3621 5581">
     <span class='ocr_line' id='line_1_32' title="bbox 886 5271 3620 5365; baseline 0.001 -29"><span class='ocrx_word' id='word_1_258' title='bbox 886 5271 1178 5340; x_wconf 82' lang='lat' dir='ltr'><strong><em>Gerardo</em></strong></span> <span class='ocrx_word' id='word_1_259' title='bbox 1236 5276 1313 5340; x_wconf 86' lang='lat' dir='ltr'><strong><em>de</em></strong></span> <span class='ocrx_word' id='word_1_260' title='bbox 1371 5275 1558 5363; x_wconf 85' lang='lat' dir='ltr'><strong><em>Rupe</em></strong></span> <span class='ocrx_word' id='word_1_261' title='bbox 1616 5280 1685 5343; x_wconf 90' lang='lat' dir='ltr'><strong><em>in</em></strong></span> <span class='ocrx_word' id='word_1_262' title='bbox 1750 5280 1984 5365; x_wconf 74' lang='lat' dir='ltr'><strong><em>leyibus</em></strong></span> <span class='ocrx_word' id='word_1_263' title='bbox 2041 5279 2449 5345; x_wconf 86' lang='lat' dir='ltr'><strong><em>baccalaureo</em></strong></span> <span class='ocrx_word' id='word_1_264' title='bbox 2495 5279 2914 5363; x_wconf 79' lang='lat' dir='ltr'><strong><em>conferuntur</em></strong></span> <span class='ocrx_word' id='word_1_265' title='bbox 2955 5279 3392 5358; x_wconf 88' lang='lat' dir='ltr'><strong><em>canonicatus,</em></strong></span> <span class='ocrx_word' id='word_1_266' title='bbox 3422 5293 3620 5359; x_wconf 87' lang='lat' dir='ltr'><strong><em>prae·</em></strong></span> 
     </span>
     <span class='ocr_line' id='line_1_33' title="bbox 794 5377 3621 5470; baseline 0.001 -27"><span class='ocrx_word' id='word_1_267' title='bbox 794 5377 992 5444; x_wconf 87' lang='lat' dir='ltr'><strong><em>benda</em></strong></span> <span class='ocrx_word' id='word_1_268' title='bbox 1053 5390 1113 5447; x_wconf 86' lang='lat' dir='ltr'><strong><em>et</em></strong></span> <span class='ocrx_word' id='word_1_269' title='bbox 1160 5388 1619 5470; x_wconf 83' lang='lat' dir='ltr'><strong><em>praepositura</em></strong></span> <span class='ocrx_word' id='word_1_270' title='bbox 1674 5389 1961 5452; x_wconf 88' lang='lat' dir='ltr'><strong><em>ecclesiae</em></strong></span> <span class='ocrx_word' id='word_1_271' title='bbox 2005 5387 2074 5452; x_wconf 80' lang='lat' dir='ltr'><strong><em>S.</em></strong></span> <span class='ocrx_word' id='word_1_272' title='bbox 2122 5387 2481 5452; x_wconf 83' lang='lat' dir='ltr'><strong><em>Salvatoris</em></strong></span> <span class='ocrx_word' id='word_1_273' title='bbox 2534 5386 2753 5469; x_wconf 83' lang='lat' dir='ltr'><strong><em>Traj.‚</em></strong></span> <span class='ocrx_word' id='word_1_274' title='bbox 2822 5404 3022 5470; x_wconf 85' lang='lat' dir='ltr'><strong><em>„quas</em></strong></span> <span class='ocrx_word' id='word_1_275' title='bbox 3068 5403 3153 5447; x_wconf 84' lang='lat' dir='ltr'><strong><em>ex</em></strong></span> <span class='ocrx_word' id='word_1_276' title='bbox 3199 5381 3621 5447; x_wconf 77' lang='lat' dir='ltr'><strong><em>concessione</em></strong></span> 
     </span>
     <span class='ocr_line' id='line_1_34' title="bbox 774 5484 3612 5581; baseline 0 -32"><span class='ocrx_word' id='word_1_277' title='bbox 774 5490 843 5549; x_wconf 86' lang='lat' dir='ltr'><strong><em>et</em></strong></span> <span class='ocrx_word' id='word_1_278' title='bbox 888 5484 1377 5575; x_wconf 82' lang='lat' dir='ltr'><strong><em>dispensatione</em></strong></span> <span class='ocrx_word' id='word_1_279' title='bbox 1425 5492 1598 5557; x_wconf 85' lang='lat' dir='ltr'><strong><em>sedis</em></strong></span> <span class='ocrx_word' id='word_1_280' title='bbox 1633 5495 1990 5580; x_wconf 85' lang='lat' dir='ltr'><strong><em>apostolice</em></strong></span> <span class='ocrx_word' id='word_1_281' title='bbox 2023 5499 2349 5581; x_wconf 87' lang='lat' dir='ltr'><strong><em>tempore,</em></strong></span> <span class='ocrx_word' id='word_1_282' title='bbox 2400 5514 2528 5580; x_wconf 91' lang='lat' dir='ltr'><strong><em>quo</em></strong></span> <span class='ocrx_word' id='word_1_283' title='bbox 2562 5492 2785 5557; x_wconf 85' lang='lat' dir='ltr'><strong><em>divina</em></strong></span> <span class='ocrx_word' id='word_1_284' title='bbox 2814 5490 3096 5556; x_wconf 84' lang='lat' dir='ltr'><strong><em>faciente</em></strong></span> <span class='ocrx_word' id='word_1_285' title='bbox 3129 5489 3341 5574; x_wconf 85' lang='lat' dir='ltr'><strong><em>gratia</em></strong></span> <span class='ocrx_word' id='word_1_286' title='bbox 3369 5487 3612 5552; x_wconf 83' lang='lat' dir='ltr'><strong><em>fuimus</em></strong></span> 
     </span>
    </p>
   </div>
   <div class='ocr_carea' id='block_1_17' title="bbox 764 5590 3613 5767">
    <p class='ocr_par' dir='ltr' id='par_1_18' title="bbox 764 5590 3613 5767">
     <span class='ocr_line' id='line_1_35' title="bbox 770 5590 3613 5687; baseline 0 -31"><span class='ocrx_word' id='word_1_287' title='bbox 770 5590 853 5656; x_wconf 88' lang='lat' dir='ltr'><strong><em>ad</em></strong></span> <span class='ocrx_word' id='word_1_288' title='bbox 899 5594 1152 5680; x_wconf 84' lang='lat' dir='ltr'><strong><em>apicem</em></strong></span> <span class='ocrx_word' id='word_1_289' title='bbox 1199 5617 1521 5663; x_wconf 87' lang='lat' dir='ltr'><strong><em>summum</em></strong></span> <span class='ocrx_word' id='word_1_290' title='bbox 1567 5601 1976 5687; x_wconf 84' lang='lat' dir='ltr'><strong><em>apostolatus</em></strong></span> <span class='ocrx_word' id='word_1_291' title='bbox 2021 5601 2361 5687; x_wconf 86' lang='lat' dir='ltr'><strong><em>assumpti,</em></strong></span> <span class='ocrx_word' id='word_1_292' title='bbox 2408 5594 2909 5665; x_wconf 85' lang='lat' dir='ltr'><strong><em>obtinebamus”</em></strong></span> <span class='ocrx_word' id='word_1_293' title='bbox 2938 5598 3013 5678; x_wconf 90' lang='lat'><strong><em>1).</em></strong></span> <span class='ocrx_word' id='word_1_294' title='bbox 3066 5632 3149 5643; x_wconf 93' lang='lat'><strong>—</strong></span> <span class='ocrx_word' id='word_1_295' title='bbox 3197 5594 3613 5679; x_wconf 88' lang='lat' dir='ltr'><strong><em>Deputantur</em></strong></span> 
     </span>
     <span class='ocr_line' id='line_1_36' title="bbox 764 5708 1134 5767; baseline 0.011 -4"><span class='ocrx_word' id='word_1_296' title='bbox 764 5708 1134 5767; x_wconf 78' lang='lat' dir='ltr'><strong><em>executores.</em></strong></span> 
     </span>
    </p>
   </div>
  </div>
 </body>
</html>
