4450 6684
816 537 902 602 84
2032 535 2491 599 Innocnn‘rms
2534 534 2655 599 VI.

1036 754 1351 818 Provenit
1397 774 1501 818 ex.
1531 801 1545 816 .
1582 800 1597 815 .
1626 801 1642 817 .
1691 754 1844 818 Dat.
1894 753 2225 819 Avinione
2246 802 2263 836 ‚
2310 753 2374 817 V
2421 752 2534 818 Kl.
2580 751 2962 834 Februarii,
3009 771 3182 817 anno
3230 751 3483 838 quinto.

1233 888 1358 950 περ.
1392 890 1490 937 Aa.
1534 884 1594 937 T.
1629 886 1718 951 15,
1743 889 1806 951 s.
1839 886 1953 938 336.

815 1355 1003 1424 1576.
1818 1359 2034 1441 1357,
2080 1359 2344 1443 Aprilis
2391 1360 2432 1421 4
2455 1406 2474 1440 ,
2517 1357 2884 1421 Avenionis.

1129 1507 1485 1593 (Johanni)
1530 1508 1744 1573 abbati
1787 1512 2159 1574 monasterii
2205 1509 2472 1575 Insulae
2517 1510 2584 1574 S.
2632 1509 2890 1573 Mariae
2931 1510 3367 1592 committitur,
3416 1516 3490 1572 ut
3526 1507 3886 1574 consulibus

1041 1623 1100 1680 et
1161 1615 1432 1679 scabinis
1493 1615 2033 1680 Arnhemensibus
2100 1618 2417 1681 licentiam
2484 1616 2806 1701 larqiatur
2820 1663 2838 1698 ,
2898 1614 3228 1698 fundandi
3271 1622 3331 1679 et
3375 1613 3645 1679 dotandi
3689 1634 3887 1678 unum

1043 1720 1493 1784 monasterium
1573 1721 2022 1784 canonicarum
2098 1722 2498 1809 reqularium
2575 1719 2713 1784 ord.
2795 1718 2863 1783 S.
2935 1718 3290 1804 Anquctini
3356 1720 3426 1783 in
3495 1718 3743 1803 capella
3811 1716 3880 1782 S.

1048 1824 1474 1907 Catharinae,
1522 1846 1685 1910 quae
1731 1828 1798 1889 in
1846 1846 2000 1890 area
2049 1826 2387 1911 hospitalis
2422 1846 2790 1911 pauperum
2834 1829 2964 1890 sita
3008 1833 3118 1890 est.

1043 2004 1303 2071 Dilecto
1350 2005 1486 2070 filio
1536 2050 1553 2069 .
1581 2051 1597 2069 .
1648 2005 1874 2070 abbati
1919 2006 2301 2073 monasterii
2345 2007 2571 2072 Insule
2619 2012 2844 2072 sancte
2873 2006 3082 2072 Marie
3112 2005 3556 2090 Trajectensis
3601 2002 3875 2069 diocesis

820 2108 1102 2175 salutem
1149 2118 1259 2176 etc.

1043 2214 1362 2281 Exhibita
1424 2217 1613 2282 nobis
1669 2238 1786 2302 pro
1834 2223 2023 2304 parte
2071 2216 2461 2282 dilectorum
2508 2216 2790 2282 filiorum
2838 2216 3181 2281 consulum
3229 2222 3298 2281 et
3347 2216 3767 2281 scabinorum
3812 2236 3888 2279 ac

821 2321 1270 2388 universitatis
1342 2323 1520 2410 opidi
1590 2323 2030 2393 Arnhementi
2101 2324 2252 2408 (sic)
2322 2325 2764 2409 Trajectensis
2828 2322 3106 2388 diocesis
3169 2322 3412 2408 peticio
3472 2320 3890 2401 continebat,

822 2427 997 2514 quod
1043 2429 1171 2517 ipsi
1218 2429 1301 2495 ad
1350 2430 1557 2495 divini
1603 2430 1819 2494 cultus
1870 2450 2183 2516 sacreque
2232 2429 2567 2515 religionis
2615 2434 3048 2515 augmentum
3098 2427 3477 2494 desiderant
3523 2427 3593 2492 in
3642 2426 3893 2513 capella

820 2541 1049 2600 sancte
1109 2536 1419 2601 Caterine
1483 2536 1591 2600 siti
1653 2536 1723 2600 in
1768 2556 1922 2602 area
1968 2535 2310 2622 hospitalis
2358 2557 2719 2622 pauperum
2768 2534 2851 2600 de
2899 2534 3076 2600 dicto
3125 2535 3359 2622 opido,
3423 2555 3542 2621 per
3587 2532 3890 2598 scabinos

825 2640 986 2707 dicti
1032 2642 1247 2728 opidi,
1297 2642 1409 2728 qui
1454 2649 1611 2707 sunt
1656 2664 1775 2729 pro
1824 2648 2154 2728 tempore,
2200 2642 2377 2707 soliti
2423 2642 2777 2727 gubernari
2825 2643 2996 2706 etin
3028 2641 3359 2707 territorio
3394 2639 3608 2706 eidem
3640 2638 3887 2726 capelle

821 2747 1135 2832 contiguo
1196 2747 1472 2813 fundare
1536 2754 1606 2813 et
1670 2748 2069 2813 sufficienter
2129 2749 2359 2813 dotare
2408 2747 2492 2814 de
2539 2748 2730 2813 bonis
2776 2749 2871 2813 eis
2918 2769 2959 2812 a
3003 2746 3147 2812 Deo
3196 2746 3450 2812 collatis
3497 2766 3704 2810 unum
3751 2764 3885 2809 mo·

829 2853 1190 2919 nasterium
1253 2854 1713 2919 canonicarum
1776 2853 2176 2939 regularium
2240 2853 2485 2919 ordinis
2550 2855 2759 2918 sancti
2806 2853 3166 2939 Augustini
3185 2903 3202 2936 ‚
3267 2872 3395 2940 que
3444 2853 3565 2917 sub
3616 2871 3773 2917 cura
3820 2855 3890 2916 et

831 2958 1191 3023 secundum
1238 2960 1544 3023 instituta
1589 2959 1862 3024 fratrum
1913 2959 2159 3025 ordinis
2190 2959 2688 3025 Predicatorum
2731 2960 2952 3025 vivere
2985 2958 3304 3042 debeant,
3347 2958 3545 3046 idque
3578 2979 3648 3024 se
3680 2957 3890 3024 facere

826 3070 1204 3150 proponunt
1253 3064 1394 3129 sine
1439 3064 1804 3151 prejudicio
1850 3064 2196 3151 hospitalis
2244 3072 2313 3131 et
2358 3086 2723 3152 pauperum
2768 3065 3231 3151 predictorum.
3299 3066 3517 3140 Quare
3551 3085 3666 3151 pro
3703 3068 3888 3151 parte

827 3168 1150 3235 dictorum
1198 3171 1540 3235 consulum
1589 3176 1658 3237 et
1705 3171 2120 3237 scabinorum
2168 3193 2243 3236 ac
2292 3172 2739 3238 universitatis
2787 3170 3230 3258 predictorum
3277 3171 3404 3235 fuit
3450 3170 3640 3237 nobis
3680 3171 3893 3235 humi-

830 3275 985 3341 liter
1047 3276 1522 3367 supplicatum,
1587 3282 1665 3342 ut
1727 3278 1822 3343 eis
1882 3276 2202 3342 fundandi
2258 3284 2326 3343 et
2372 3277 2795 3343 construendi
2841 3278 2911 3343 in
2960 3278 3214 3365 capella
3259 3284 3328 3344 et
3377 3277 3705 3343 territorio
3752 3297 3895 3363 pre-

833 3381 1026 3447 dictis
1087 3384 1555 3448 monasterium
1619 3382 1994 3469 hujusmodi
2043 3404 2191 3449 cum
2239 3384 2593 3467 cimiterio,
2642 3384 3029 3469 campanili,
3078 3405 3433 3471 campana,
3480 3383 3782 3448 domibus
3827 3387 3896 3448 et

836 3488 981 3552 aliis
1026 3489 1464 3554 canonicabus
1513 3494 1582 3555 et
1629 3508 1854 3554 earum
1902 3489 2384 3555 confessoribus
2430 3496 2499 3554 et
2544 3490 2840 3576 personis
2889 3491 2984 3554 eis
3031 3489 3469 3554 servientibus
3511 3487 3892 3554 necessariis

833 3594 1059 3658 officiis
1104 3595 1445 3659 licenciam
1494 3593 1853 3660 concedere
1901 3595 2340 3680 dignaremur.
2435 3596 2572 3659 Nos
2619 3596 2841 3679 igitur,
2892 3597 3005 3680 qui
3053 3594 3377 3659 dictorum
3425 3593 3631 3658 divini
3681 3593 3895 3658 cultus

825 3704 894 3763 et
941 3699 1275 3785 religionis
1323 3706 1754 3786 augmentum
1801 3699 2133 3764 ferventer
2179 3701 2550 3786 appetimus
2574 3749 2591 3783 ,
2649 3699 3022 3786 hujusmodi
3076 3699 3664 3785 supplicationibus
3711 3697 3894 3762 incli-

826 3805 996 3886 nati,
1044 3804 1429 3870 discrecioni
1479 3811 1591 3871 tue
1639 3826 1756 3892 per
1804 3805 2162 3892 apostolica
2207 3807 2451 3891 scripta
2497 3806 2961 3871 committimus
3002 3810 3071 3871 et
3112 3804 3498 3870 mandamus
3518 3852 3536 3887 ,
3585 3802 3891 3890 quatinus

830 3907 912 3973 de
974 3911 1308 3995 premissis
1372 3911 1678 3976 omnibus
1737 3918 1805 3976 et
1851 3911 2125 3995 singulis
2174 3917 2243 3976 et
2289 3932 2516 3975 eorum
2563 3911 3079 3975 circumstanciis
3126 3911 3453 3975 universis
3503 3909 3894 3974 auctoritate

833 4019 1058 4079 nostra
1103 4015 1493 4101 diligencius
1543 4022 1609 4082 te
1656 4015 2049 4098 informans,
2099 4018 2153 4080 si
2201 4038 2320 4102 per
2365 4015 2900 4081 informacionem
2949 4014 3327 4101 hujusmodi
3373 4015 3692 4102 premissa
3736 4032 3894 4078 vera

830 4121 1007 4204 fore,
1072 4127 1141 4186 et
1198 4121 1375 4208 quod
1422 4122 1677 4208 capella
1725 4127 1794 4187 et
1841 4123 2222 4206 contiguum
2272 4123 2673 4187 territorium
2719 4122 3134 4207 hujusmodi,
3184 4122 3242 4186 si
3287 4120 3451 4186 illud
3497 4119 3582 4187 ad
3628 4120 3754 4185 hoc
3801 4117 3896 4183 eis

825 4225 1157 4309 fidelium,
1232 4226 1315 4292 ad
1384 4248 1547 4314 quos
1618 4228 1937 4313 pertinet,
2009 4227 2363 4312 largicione
2428 4225 2727 4293 tradatur
2786 4228 2893 4291 vel
2939 4227 3100 4291 alias
3147 4247 3266 4312 per
3313 4247 3427 4291 eos
3465 4227 3650 4311 justo
3699 4222 3893 4289 titulo

831 4335 1243 4420 acquiratur,
1317 4335 1400 4400 ad
1470 4335 1852 4422 hujusmodi
1921 4333 2331 4400 fundandum
2399 4335 2870 4401 monasterium
2933 4335 3067 4399 sint
3132 4355 3423 4421 congrua
3468 4340 3537 4400 et
3581 4335 3896 4411 honesta,

826 4441 1146 4526 repereris
1166 4490 1183 4524 ,
1245 4441 1620 4526 hujusmodi
1686 4443 1779 4506 sic
1845 4442 2120 4528 petitam
2168 4441 2417 4507 eisdem
2463 4440 2983 4527 supplicantibus
3003 4489 3021 4523 ,
3071 4439 3226 4505 dote
3275 4446 3497 4506 tamen
3545 4436 3895 4504 sufficienti

828 4566 946 4631 per
1008 4566 1121 4612 eos
1182 4568 1300 4633 pro
1348 4546 1696 4612 duodecim
1744 4547 2220 4628 canonicabus,
2279 4547 2349 4611 in
2398 4567 2671 4631 quarum
2719 4566 2992 4611 numero
3042 4546 3377 4611 abbatissa
3425 4566 3542 4610 seu
3588 4543 3895 4631 priorissa

828 4656 1276 4737 computetur,
1324 4656 1394 4714 et
1441 4671 1666 4716 earum
1714 4651 2194 4715 confessoribus
2244 4656 2313 4715 et
2359 4651 2655 4737 personis
2689 4649 3127 4716 servientibus
3161 4648 3552 4736 supradietis
3583 4647 3884 4734 primitus

830 4755 1190 4840 assignata,
1246 4757 1398 4840 jure
1460 4755 1805 4841 hospitalis
1867 4754 2145 4841 predicti
2192 4776 2269 4819 ac
2315 4756 2738 4842 parrochialis
2785 4756 3059 4820 ecclesie
3110 4763 3178 4820 et
3225 4754 3579 4841 cujuslibet
3623 4753 3893 4819 alterius

832 4860 901 4923 in
950 4859 1254 4924 omnibus
1301 4880 1561 4946 semper
1607 4860 1821 4943 salvo,
1869 4859 2099 4926 eadem
2146 4861 2536 4926 auctoritate
2573 4861 2913 4925 licenciam
2945 4860 3261 4946 largiaris.
3309 4860 3635 4925 Volumus
3666 4864 3885 4924 autem

831 4969 902 5027 et
949 4983 1215 5029 exnunc
1262 4964 1785 5051 supplicantibus
1830 4965 1990 5051 ipsis
2037 4965 2485 5048 concedimus,
2536 4965 2712 5051 quod
2758 4967 2827 5029 in
2874 4966 3016 5052 ipso
3064 4966 3490 5048 monasterio,
3539 4970 3883 5050 postquam

829 5073 1278 5133 constructum
1351 5075 1421 5134 et
1491 5069 1790 5134 dotatum
1860 5070 2094 5153 fuerit,
2160 5077 2236 5133 ut
2296 5070 2657 5163 prefertur,
2722 5071 3034 5135 canonice
3100 5076 3169 5135 et
3215 5090 3469 5135 sorores
3515 5068 3599 5134 ad
3647 5067 3893 5133 dictum

828 5193 1175 5238 numerum
1233 5173 1357 5238 hac
1414 5174 1559 5240 vice
1607 5175 1915 5261 primaria
1960 5173 2042 5238 ad
2091 5175 2616 5239 nominacionem
2662 5175 3004 5239 consulum
3052 5180 3121 5239 et
3168 5175 3583 5240 scabinorum
3631 5194 3706 5238 ac
3753 5171 3896 5236 uni-

831 5279 1160 5344 versitatis
1208 5279 1654 5366 predictorum
1702 5280 1858 5365 poni
1906 5285 1974 5344 et
2020 5279 2222 5364 recipi
2270 5278 2558 5344 debeant
2603 5286 2672 5345 et
2720 5279 2898 5366 quod
2946 5300 3079 5343 una
3125 5300 3212 5345 ex
3258 5280 3354 5344 eis
3392 5280 3462 5343 in
3494 5279 3891 5343 abbatissam

832 5405 949 5450 seu
1010 5387 1388 5472 priorissam
1450 5385 1748 5471 ejusdem
1812 5385 2192 5450 monasterii
2239 5385 2550 5450 canonice
2596 5384 2823 5472 prefici
2871 5383 3151 5467 debeat,
3207 5390 3405 5471 prout
3450 5385 3519 5449 in
3565 5384 3709 5449 aliis
3756 5402 3891 5447 mo·

833 5492 1139 5558 nasteriis
1190 5491 1651 5557 canonicarum
1699 5492 1790 5557 sic
1836 5491 2208 5556 vivencium
2254 5496 2357 5556 est
2402 5491 2667 5561 solitum
2713 5490 3075 5575 observari3
3124 5496 3193 5556 et
3222 5489 3397 5580 quod
3429 5489 3660 5557 eedem
3692 5491 3890 5556 abba-

831 5596 992 5661 tissa
1050 5617 1168 5663 seu
1228 5596 1537 5683 priorissa
1598 5615 1747 5661 cum
1793 5596 2089 5681 personis
2136 5595 2263 5660 sibi
2309 5595 2746 5662 servientibus
2793 5593 3129 5682 gaudeant
3176 5595 3481 5663 omnibus
3527 5596 3888 5684 privilegiis
