4450 6684
1846 516 2250 582 Ganoonms
2294 514 2417 581 XI.
3535 512 3666 578 283

601 760 685 805 ex
750 738 1079 803 canonicis
1144 736 1440 822 ejusdem
1506 735 1816 818 ecclesie,
1880 737 2117 822 quibus
2180 736 2540 801 secundum
2593 735 2623 820 ΙΙ
2676 735 3075 802 laudabilem
3121 734 3666 800 consuetudinem

619 844 792 909 dicte
854 844 1125 909 ecclesie
1188 843 1627 908 administrari
1694 842 1974 926 debent,
2039 849 2108 907 et
2172 843 2333 908 alias
2396 842 2943 907 administrandos
3004 841 3160 907 dare
3217 849 3287 909 et
3333 843 3670 928 assignare

613 951 800 1016 annis
847 950 1118 1036 singulis
1170 955 1494 1033 teneatur,
1544 949 1916 1037 singulique
1966 950 2262 1015 canonici
2309 949 2711 1034 hujusmodi,
2763 951 2874 1036 qui
2921 948 3281 1014 secundum
3322 957 3671 1015 consuetu-

610 1058 829 1123 dinem
876 1058 1082 1144 ipsam
1130 1056 1377 1122 fructus
1425 1056 1908 1143 prebendarum
1957 1078 2219 1121 suarum
2268 1056 2603 1143 percipere
2646 1061 2923 1141 possunt
2961 1064 3028 1120 et
3066 1055 3343 1139 debent,
3390 1057 3668 1142 singulis

608 1170 887 1250 quatuor
944 1184 1298 1245 annorum,
1346 1169 1692 1249 postquam
1740 1162 2115 1247 hujusmodi
2163 1162 2530 1249 prebendas
2576 1162 2846 1249 pacifice
2893 1163 3174 1227 assecuti
3223 1162 3504 1244 fuerint,
3553 1162 3673 1227 im-

604 1270 890 1335 mediate
961 1270 1378 1355 sequentium
1448 1269 1869 1335 medietatem
1931 1268 2309 1354 hujusmodi
2381 1290 2610 1334 novem
2679 1269 2912 1351 tritici,
2979 1289 3212 1333 novem
3276 1269 3551 1353 siliginis
3598 1275 3667 1333 et

605 1378 874 1463 triginta
943 1396 1150 1441 avene
1220 1375 1615 1458 modiorum,
1692 1375 1944 1461 reliqua
2004 1375 2362 1441 medietate
2424 1377 2568 1440 aliis
2631 1375 2857 1440 usibus
2919 1375 3341 1461 applicanda,
3390 1377 3664 1462 singulis

602 1505 756 1549 vero
804 1484 948 1548 aliis
997 1484 1184 1547 annis
1232 1483 1785 1569 subsequentibus
1818 1482 2028 1547 dictos
2060 1481 2314 1547 modios
2347 1483 2604 1568 integre
2637 1482 2971 1569 percipere
3004 1482 3291 1547 debeant
3323 1489 3391 1547 et
3421 1484 3669 1549 habere

606 1589 804 1676 idque
852 1590 1052 1656 fuerit
1097 1591 1167 1654 in
1217 1590 1448 1656 eadem
1496 1588 1771 1655 ecclesia
1818 1588 2238 1653 observatum
2285 1611 2323 1653 a
2372 1595 2700 1675 tempore,
2765 1592 2953 1674 cujus
3001 1590 3309 1655 contrarii
3356 1593 3667 1656 memoria

605 1717 737 1760 non
800 1697 1063 1779 existit,
1128 1717 1201 1760 ac
1266 1697 1505 1762 Petrus
1569 1695 1650 1760 de
1713 1694 1927 1761 Velde
1994 1696 2366 1782 prepositus
2430 1695 2604 1759 dicte
2668 1696 2941 1761 ecclesie
2998 1696 3376 1781 hujusmodi
3433 1719 3671 1764 novem

604 1803 804 1866 tritici
866 1809 934 1868 et
996 1822 1231 1867 novem
1294 1801 1573 1886 siliginis
1632 1808 1701 1865 et
1747 1800 2019 1886 triginta
2067 1820 2274 1864 avene
2322 1800 2576 1864 modios
2622 1823 2740 1887 pro
2788 1801 3121 1888 prebenda
3168 1803 3373 1889 ipsius
3421 1804 3668 1888 Ulrici,

604 1931 799 1996 quam
860 1914 1016 1973 tunc
1080 1907 1255 1974 idem
1319 1908 1579 1972 Ulricus
1628 1909 1886 1972 noviter
1932 1907 2227 1971 indicta
2274 1908 2552 1971 ecclesia
2596 1907 2907 1972 canonice
2955 1916 3292 1974 assecutus
3339 1910 3553 1974 fuerat
3600 1916 3670 1976 et

606 2023 764 2082 tunc
823 2016 1092 2104 pacifice
1140 2015 1553 2102 possidebat,
1618 2036 1736 2101 pro
1785 2014 2073 2080 secundo
2123 2035 2297 2078 anno
2346 2015 2824 2078 assecutionem
2871 2014 3244 2098 hujusmodi
3292 2016 3674 2082 immediate

605 2130 921 2211 sequente
984 2122 1231 2187 eisdem
1290 2122 1577 2208 capitulo
1626 2121 1916 2187 dedisset
1963 2128 2032 2185 et
2080 2121 2281 2186 etiam
2330 2122 2727 2206 assignasset
2776 2143 2850 2186 ac
2898 2121 3073 2186 idem
3125 2123 3383 2188 Ulricus
3428 2123 3678 2189 medie-

604 2238 807 2297 tatem
853 2229 1232 2315 hujusmodi
1277 2229 1621 2294 bladorum
1667 2250 1784 2316 pro
1833 2228 2008 2292 dicto
2058 2248 2232 2293 anno
2282 2228 2405 2292 sibi
2460 2227 2749 2293 debitam
2791 2230 3191 2315 percepisset
3224 2236 3291 2295 et
3322 2231 3664 2295 habuisset

603 2340 869 2427 pacifice
917 2344 987 2403 et
1032 2338 1288 2422 quiete,
1338 2342 1560 2401 tamen
1606 2335 2023 2421 postmodum
2072 2334 2365 2420 prefatus
2416 2335 2654 2399 Petrus
2704 2334 2898 2399 blada
2940 2335 3083 2422 ipsa
3129 2357 3245 2421 pro
3291 2357 3465 2401 anno
3509 2343 3666 2401 tunc

601 2443 978 2510 immediate
1042 2448 1358 2528 sequente
1406 2444 1654 2527 absque
1701 2441 2072 2505 rationabili
2123 2461 2321 2504 causa
2369 2439 2582 2505 eidem
2629 2440 2853 2505 Ulrico
2901 2441 3230 2505 subtraxit
3278 2448 3346 2506 et
3392 2442 3666 2507 retinuit

609 2572 683 2615 ac
745 2570 825 2614 ea
885 2549 1075 2614 dictis
1140 2550 1425 2636 capitulo
1489 2570 1606 2636 pro
1667 2547 2045 2633 hujusmodi
2093 2546 2430 2633 prebenda
2479 2547 2684 2634 ipsius
2736 2548 2972 2630 Ulrici,
3037 2550 3148 2633 qui
3197 2549 3447 2614 fructus
3496 2547 3670 2614 dicte

602 2677 718 2721 sue
765 2655 1100 2742 prebenda
1145 2655 1504 2721 secundum
1552 2653 2093 2720 consuetudinem
2139 2653 2502 2740 predictam
2549 2656 2884 2740 percipere
2932 2661 3192 2740 poterat
3239 2661 3307 2720 et
3356 2655 3670 2738 debebat,

606 2763 863 2829 tradere
911 2770 978 2828 et
1027 2763 1355 2848 assignare
1403 2762 1798 2848 denegavit,¹
1837 2766 2107 2846 ortaque
2155 2766 2505 2847 propterea
2545 2762 2718 2825 inter
2763 2760 3056 2825 Ulricum
3101 2767 3169 2825 et
3208 2762 3482 2827 Petrum
3524 2782 3673 2848 pre—

610 2869 817 2934 dictos
849 2891 1045 2957 super
1076 2871 1404 2956 premissis
1438 2875 1506 2934 et
1537 2891 1760 2934 eorum
1794 2869 2135 2933 occasione
2169 2868 2444 2932 materia
2479 2868 2839 2954 questionis
2865 2869 2940 2951 l).
2962 2917 2976 2931 .
2999 2916 3015 2932 .
3037 2916 3053 2933 .
3117 2868 3270 2935 Dat.
3307 2869 3664 2952 Avinione,

608 2978 672 3042 V
718 2976 828 3042 Kl.
876 2976 1254 3060 Februarii,
1301 2976 1723 3063 pontificatus
1772 2976 1976 3040 nostri
2025 2995 2198 3039 anno
2248 2979 2461 3039 sexto.

1021 3112 1408 3175 Autoqrapham
1449 3110 1504 3159 in
1549 3109 1753 3159 archivo
1786 3124 1933 3174 prov.
1992 3109 2186 3174 Ultraj.
2234 3108 2289 3158 J.
2324 3106 2449 3170 193,
2502 3125 2609 3158 cum
2641 3109 2811 3172 siyillo
2837 3110 3066 3173 plumbeo
3099 3109 3357 3160 chordulis
3389 3110 3684 3160 cannabinis

2387 3200 2443 3255 Χ

956 3337 1206 3385 appetam
1253 3320 1416 3369 latore
1462 3319 1673 3368 sinistro
1720 3318 2049 3382 sabscn'ptum
2083 3323 2190 3368 est.-
2383 3263 2443 3381 ἐξ
2622 3338 2635 3384 ;
2670 3335 2820 3383 super
2846 3320 2991 3384 plica
3024 3320 3270 3384 inferiori
3305 3323 3375 3370 ad
3409 3322 3571 3372 denna.-
3607 3322 3686 3373 JO.

2222 3449 2278 3498 P.
2317 3389 2607 3501 Ga>15aldini

955 3513 1155 3575 Wilde3
1193 3529 1228 3561 a
1262 3517 1430 3573 ter-90.-
1468 3510 1762 3562 Everardus
1798 3511 1861 3561 de
1898 3512 2050 3577 Reys.

756 3641 819 3707 1)
855 3641 1109 3706 Sequitur
1142 3641 1253 3690 litis
1288 3641 1345 3690 in
1380 3640 1529 3690 curia
1563 3640 1792 3705 agitatae
1826 3645 2064 3690 tortuosa
2101 3645 2152 3688 et
2187 3639 2391 3703 prolixa
2422 3639 2681 3703 narrati03
2720 3638 2863 3689 Petri
2890 3642 3254 3701 procuratores
3279 3643 3434 3688 erant
3457 3639 3691 3690 vicissim
3795 3658 3802 3666 ·

594 3723 913 3775 wilhelmus
949 3725 1012 3774 de
1046 3723 1402 3774 Amerssordia
1436 3729 1489 3772 et
1525 3723 1779 3787 magister
1814 3722 2119 3772 Bernardus
2154 3723 2218 3772 de
2255 3723 2523 3788 Bugneto‚
2565 3721 2731 3772 Ulrici
2766 3726 2948 3771 autem
2984 3721 3235 3786 magister
3265 3719 3604 3771 Hei-mannus
3626 3722 3696 3771 de

594 3809 798 3860 vreden
852 3813 905 3858 et
956 3807 1211 3873 magister
1261 3805 1619 3856 Theodericus
1668 3807 1732 3855 de
1783 3805 1937 3871 Reys.
2008 3803 2071 3855 ln
2121 3807 2279 3856 tertia
2325 3807 2615 3869 instantia,
2664 3820 2788 3855 cum
2833 3819 2929 3869 pro
2963 3809 3113 3868 parte
3149 3803 3293 3853 Petri
3330 3805 3493 3854 semel
3528 3809 3692 3869 atque

591 3895 787 3944 iterum
822 3891 1146 3955 appellatum
1180 3895 1344 3954 esset,
1381 3891 1598 3940 tandem
1633 3888 1903 3940 definitiva
1939 3895 2018 3939 est
2055 3890 2257 3953 prolata
2291 3891 2575 3939 sententia.

611 4393 807 4461 2245.
1573 4397 1780 4479 1376,
1829 4396 2144 4460 «Ianuarii
2190 4398 2308 4478 28,
2356 4396 2716 4460 Aveniom'o.

920 4550 1221 4615 Arnaldo
1283 4549 1489 4634 Snoye
1549 4549 1626 4612 de
1684 4550 1958 4613 militari
2012 4569 2235 4634 yenere
2286 4555 2625 4633 procreato
2687 4546 3108 4629 conferuntur
3152 4547 3557 4608 canonicatus
3605 4566 3673 4607 m

843 4653 1229 4738 Trajectensi
1282 4663 1342 4719 et
1386 4654 1938 4720 archidiaconatus
1986 4658 2052 4718 in
2101 4654 2558 4718 Aldenzalensi
2603 4654 2871 4718 ecclesiis
2915 4659 3204 4716 vacantes
3241 4673 3364 4735 per
3415 4650 3674 4714 liberam

833 4763 1311 4846 resiqnationem
1361 4762 1705 4826 Guillermi
1747 4761 1824 4825 de
1870 4761 2081 4844 Lacu,
2132 4768 2279 4824 tunc
2319 4762 2699 4845 apostolicae
2736 4762 2898 4825 sedis
2941 4760 3187 4841 nuncii,
3235 4761 3339 4822 cui
3379 4758 3454 4821 de
3490 4756 3676 4820 dictae's

834 4866 1138 4949 beneficiis
1188 4889 1312 4952 per
1372 4868 1608 4933 obitum
1666 4867 1985 4933 Florentii
2043 4868 2119 4931 de
2181 4867 2446 4949 Jutfaes
2509 4869 2660 4932 olim
2714 4866 3080 4931 vacantibus
3138 4865 3430 4930 dominus
3474 4862 3670 4948 Papa

825 4973 1154 5056 provideri
1196 4975 1367 5055 fecit.
1398 4975 1448 5058 ¹)
1499 5011 1579 5021 —
1638 4973 2041 5058 Deputantur
2087 4980 2454 5037 executores.

833 5154 1159 5220 Nobilitas
1205 5156 1483 5240 generis.
1513 5203 1528 5219 .
1557 5204 1572 5218 .
1603 5203 1617 5219 .
1666 5155 1818 5221 Dat.
1868 5156 2235 5238 Avinione,
2283 5156 2347 5220 V
2393 5154 2504 5219 Kl.
2555 5154 2930 5235 Februarii,
2979 5172 3151 5217 anno
3199 5158 3417 5217 sexto.

1034 5289 1156 5353 Rey.
1203 5291 1369 5340 Vatic.
1411 5292 1465 5341 T.
1503 5290 1625 5352 290,
1647 5292 1705 5355 s.
1742 5289 1856 5342 165.

769 5416 822 5479 1>
856 5415 961 5468 Csr.
999 5431 1160 5481 supra
1194 5433 1344 5468 num.
1380 5418 1526 5471 2044.
