4450 6684
754 450 886 514 386
1908 449 2131 513 Inna-x
2184 447 2675 513 Pnasonauu.

760 670 1132 731 Gerardus
1172 669 1328 730 dom.
1372 669 1446 729 de
1488 668 1855 738 Quakebeke
1897 670 2033 729 666.

767 814 836 825 -
881 780 955 840 de
996 780 1267 858 Reymen
1310 779 1614 857 (Reynen)
1655 797 1785 838 can.
1829 779 1982 839 Dav.
2026 780 2165 839 667.

766 924 839 935 -
885 889 959 949 de
1002 888 1201 948 Barke
1242 906 1374 948 can.
1419 887 1477 947 S.
1523 887 1692 947 Petri
1738 888 1904 966 Traj.
1947 889 2085 949 697.

766 1033 840 1044 -
904 1005 1086 1059 natus
1152 997 1452 1077 Alphardi
1524 998 1597 1057 de
1660 997 1999 1076 Sutphania
2061 999 2205 1059 cler.

841 1108 1035 1169 benef.
1079 1128 1116 1168 a
1154 1127 1286 1186 cap.
1331 1109 1493 1185 Traj.
1540 1110 1676 1167 730.

766 1251 839 1262 -
886 1218 960 1279 de
1000 1216 1289 1296 Elburgis
1330 1236 1462 1277 can.
1507 1217 1915 1277 Embricensis
1960 1218 2093 1277 779.

768 1361 841 1373 -
901 1328 975 1387 de
1036 1328 1308 1405 Antiquo
1369 1327 1534 1387 Feno
1595 1327 1670 1387 de
1733 1327 2017 1386 Embrica
2064 1327 2207 1386 cler.

844 1437 1040 1498 benef.
1083 1455 1121 1496 a
1150 1455 1353 1515 praep.
1382 1435 1781 1495 Arnhemensi
1809 1440 1871 1495 et
1899 1454 2028 1513 cap.
2060 1437 2211 1495 Dav.

851 1547 985 1605 782.

771 1687 846 1699 -
890 1655 964 1713 de
1005 1655 1210 1713 Buren
1252 1672 1382 1713 can.
1427 1652 1624 1712 Vallis
1667 1652 1725 1712 S.
1766 1652 1995 1711 Mariae
2039 1653 2175 1713 795.

769 1798 852 1810 -
892 1764 1106 1825 Jacobi
1135 1764 1401 1842 Hotmay
1438 1763 1512 1822 de
1548 1762 1830 1822 Embrica
1862 1763 2030 1822 bace.
2059 1762 2213 1839 jun,

852 1893 982 1934 can.
1028 1875 1165 1933 890.

776 2017 850 2028 -
908 1984 1108 2043 dictus
1147 1983 1343 2042 Albus
1388 1981 1631 2058 (witta)
1674 1982 1845 2057 cler.,
1890 1999 2018 2040 can.
2063 1982 2216 2041 Dav.

857 2101 919 2154 et
948 2096 1007 2155 b.
1036 2093 1262 2154 Mariae
1293 2093 1457 2170 Traj.
1474 2136 1490 2169 ‚
1518 2096 1718 2152 rector
1745 2093 1891 2151 eccl.
1921 2092 1996 2150 de
2024 2093 2221 2153 Donc-

855 2206 1199 2280 kersvoort‚
1243 2204 1359 2262 vic.
1394 2204 1453 2263 b.
1482 2202 1710 2261 Mariae
1740 2201 1902 2278 Traj.
1932 2207 1996 2261 et
2022 2207 2221 2262 rector

856 2315 1125 2393 capellae
1165 2315 1240 2373 de
1273 2313 1613 2373 Honthorst
1642 2313 1786 2388 914,
1822 2313 2002 2388 1783,
2031 2313 2221 2389 2124,

858 2425 1044 2500 2138,
1087 2424 1274 2499 2224,
1318 2423 1494 2480 2247.

778 2568 850 2578 -
899 2533 1082 2611 Stuyt
1123 2550 1254 2592 can.
1300 2531 1358 2590 S.
1406 2530 1567 2590 Salv.
1613 2529 1777 2606 Traj.
1823 2531 1960 2588 929.

780 2679 851 2689 —
898 2646 971 2704 de
1028 2644 1466 2719 Harmersteyn
1517 2639 1962 2699 commendator
2005 2638 2064 2698 S.
2107 2639 2224 2701 Oa·

854 2753 1135 2813 tharinae
1178 2752 1342 2827 Traj.
1387 2751 1524 2809 928.

777 2896 850 2907 -
893 2863 1090 2922 dictus
1134 2860 1361 2920 Gruter
1399 2859 1475 2918 de
1515 2858 1785 2917 Arnhem
1827 2859 1964 2917 959.

778 3008 850 3017 -
897 2972 1152 3033 Gerardi
1193 2969 1390 3030 dictus
1431 2969 1767 3045 Riperbant
1808 2968 1950 3027 cler.
1996 2968 2132 3026 960.

779 3119 850 3128 -
896 3084 969 3142 de
1010 3082 1221 3141 Renen
1263 3080 1555 3140 scholaris
1599 3079 1744 3154 961,
1792 3078 1965 3136 1164.

779 3227 852 3237 -
896 3192 1094 3252 dictus
1138 3190 1367 3250 Vreent
1411 3188 1484 3247 de
1527 3187 1683 3266 Wyc
1726 3187 1868 3247 cler.
1918 3187 2090 3245 1022.

779 3337 852 3348 -
895 3308 1077 3361 natus
1105 3299 1435 3359 Her-manni
1465 3296 1661 3373 Rode,
1692 3297 1886 3374 capell
1937 3296 1996 3355 S.
2029 3297 2219 3373 Salv„

859 3412 1075 3471 deinde
1131 3428 1259 3469 can.
1319 3409 1483 3484 Traj.
1538 3426 1770 3467 necnon
1819 3407 1947 3467 dec.
1998 3407 2221 3467 Olden-

854 3519 1110 3582 zalensis
1157 3520 1339 3595 1034,
1386 3519 1567 3593 1366,
1617 3518 2013 3593 1399,1555,
2048 3518 2220 3576 1714.

782 3667 853 3676 -
900 3631 973 3691 de
993 3630 1412 3713 Noviomagyo
1440 3646 1571 3687 can.
1603 3626 1663 3685 S.
1688 3626 1828 3686 Joh.
1854 3625 2016 3703 Traj.
2046 3627 2218 3686 1057.

776 3776 848 3785 -
894 3746 1074 3800 natus
1130 3738 1435 3798 Willermi
1492 3737 1638 3797 dicti
1691 3737 1906 3796 Vriese
1947 3736 2103 3795 dom.
2146 3735 2221 3795 de

853 3849 1144 3910 Oestinde
1194 3849 1379 3923 1070,
1422 3847 1544 3906 Int.
1589 3845 1900 3905 XXXIX.

778 3995 851 4005 -—
895 3960 1054 4019 Foec
1096 3960 1262 4018 bacc.
1306 3958 1371 4016 in
1413 3957 1683 4035 legibus,
1741 3976 1870 4016 can.
1916 3956 1973 4015 S.
2019 3957 2220 4034 Petri,

853 4068 1068 4129 deinde
1129 4068 1376 4144 MaJoris
1441 4085 1674 4126 necnon
1737 4067 1864 4126 dec.
1930 4066 1988 4126 S.
2054 4066 2220 4126 Salv.

806 4227 814 4233 .
853 4179 1049 4255 Traj.,
1107 4197 1235 4237 can.
1286 4188 1349 4236 et
1390 4176 1545 4235 thes.
1592 4175 1648 4234 S.
1693 4175 1940 4234 Martini
1982 4175 2219 4234 Embri-

851 4288 1046 4347 censis
1107 4288 1289 4361 1078,
1337 4286 1518 4361 1159,
1574 4287 1753 4361 1213,
1802 4286 1985 4360 1214,
2032 4285 2219 4361 1261,

855 4398 1040 4473 1359,
1088 4397 1271 4471 1360,
1318 4396 1501 4470 1598,
1545 4396 1722 4453 2239.

772 4538 846 4550 -
892 4506 966 4564 de
996 4504 1366 4582 Guimonyes
1405 4523 1566 4581 proc.
1599 4504 1662 4562 in
1691 4505 1860 4563 curia
1893 4505 2066 4581 1087,
2096 4503 2216 4563 Int.

850 4615 1109 4674 LXXV.

771 4759 853 4770 —
908 4725 983 4784 de
1029 4724 1417 4785 Florenwille
1459 4723 1694 4799 domic.,
1737 4742 1899 4801 proc.
1944 4723 2003 4781 in
2049 4723 2220 4783 curia

857 4836 1041 4911 1093,
1085 4835 1204 4893 Int.
1249 4833 1509 4892 LXXV.

772 4978 845 4989 —
889 4950 1071 5003 natus
1113 4942 1361 5003 Henrici
1404 4943 1691 5001 Vrenken
1733 4949 1931 5002 rector
1969 4943 2114 5002 eccl.
2145 4941 2221 5000 de

853 5053 1213 5130 Overschie,
1270 5071 1401 5113 can.
1452 5054 1507 5111 b.
1553 5053 1779 5111 Mariae
1824 5052 1986 5128 Traj.
2036 5053 2216 5128 1094,

857 5164 1031 5221 1372.

769 5305 851 5316 -
907 5271 965 5332 S.
1023 5270 1277 5330 Sabinae
1333 5272 1529 5348 presb.
1590 5271 1800 5347 Card.,
1862 5288 1990 5331 can.
2055 5271 2219 5347 Traj.

857 5383 1030 5441 1104.

776 5524 850 5534 -
906 5491 981 5550 de
1036 5489 1345 5549 Ysendike
1402 5508 1534 5550 can.
1580 5488 1980 5566 Susaciensis‚
2023 5495 2222 5550 rector

858 5600 915 5657 S.
962 5599 1173 5657 Jacobi
1222 5600 1382 5676 Traj.
1435 5602 1606 5658 1148.

2389 667 2761 729 Gerardus
2803 669 2878 728 de
2916 667 3320 727 Heemsteden
3367 667 3550 743 1169,
3599 668 3769 727 1322.

2394 812 2464 823 --
2510 778 2584 838 de
2626 779 2818 838 Velde
2858 777 3053 838 benef.
3095 797 3133 838 a
3175 795 3307 855 cap.
3352 776 3412 836 S.
3456 777 3627 836 Petri
3669 778 3838 855 Traj.

2474 890 2655 965 1175,
2703 889 2877 949 1567.

2393 1033 2465 1042 -
2524 999 2599 1057 de
2655 999 3014 1059 Bertehome
3066 999 3211 1058 cler.
3269 996 3462 1057 benef.
3521 998 3598 1057 ab
3639 1016 3730 1075 ep.
3773 1003 3834 1056 et

2471 1128 2602 1187 cap.
2646 1109 3219 1169 Monasteriensibus
3263 1109 3438 1167 1191.

2393 1252 2468 1262 -
2506 1217 2581 1277 de
2601 1218 2773 1279 Polle
2794 1236 2925 1277 can.
2947 1215 3382 1293 Embricensis,
3406 1215 3622 1276 deinde
3642 1221 3838 1275 rector

2473 1329 2620 1388 eccl.
2661 1327 2736 1386 de
2776 1329 3088 1387 Avenzaat
3133 1327 3307 1386 1205.

2398 1471 2471 1483 -
2515 1438 2590 1498 de
2617 1437 2870 1497 Vivario
2897 1454 3028 1496 can.
3058 1442 3120 1495 et
3149 1435 3338 1495 schol.
3368 1434 3427 1494 S.
3461 1433 3623 1494 Salv.
3648 1433 3835 1509 Traj.,

2478 1548 2693 1608 deinde
2735 1566 2940 1626 praep.
2984 1546 3045 1607 S.
3075 1546 3134 1607 S.
3177 1545 3605 1624 Apostolorum
3633 1543 3835 1604 Colon.

2478 1659 2623 1734 860,
2671 1658 2844 1716 1218.

2397 1801 2480 1813 -
2518 1768 2719 1827 dictus
2739 1768 3051 1845 Dymbont
3075 1767 3250 1842 cler.‚
3273 1768 3437 1825 baec.
3461 1765 3584 1842 jur.
3615 1763 3844 1838 civilis,

2478 1875 2673 1936 benef.
2718 1895 2755 1935 a
2796 1894 2927 1953 cap.
2970 1877 3027 1934 b.
3071 1875 3300 1935 Mariae
3343 1875 3507 1951 Traj.
3556 1874 3727 1932 1219.

2404 2020 2477 2031 -
2533 1986 2607 2044 de
2666 1985 2838 2045 Veno
2891 2003 3020 2044 can.
3079 1991 3141 2043 et
3196 1985 3332 2055 dec„
3381 1985 3445 2042 in
3497 1982 3842 2059 Steenwijk‚

2482 2114 2616 2155 can.
2644 2100 2706 2155 et
2734 2095 2853 2155 vic.
2884 2095 3186 2172 generalis
3216 2094 3379 2171 Traj.
3396 2137 3412 2170 ,
3455 2110 3662 2171 praep.
3689 2092 3843 2149 Arn-

2481 2205 2812 2280 hemensis,
2877 2223 3007 2265 can.
3074 2203 3134 2263 S.
3193 2204 3334 2263 Joh.
3392 2208 3454 2262 et
3506 2204 3565 2262 b.
3622 2200 3848 2260 Mariae

2485 2316 2677 2393 Traj.‚
2734 2315 2871 2375 coll.
2928 2313 3219 2390 decimae,
3274 2331 3530 2391 persona
3583 2313 3645 2370 in
3697 2309 3844 2369 Gro-

2481 2426 2709 2503 ningen
2754 2426 2935 2499 1221,
2988 2424 3169 2500 1565,
3217 2425 3392 2499 1627,
3439 2423 3624 2497 1721,
3667 2422 3852 2495 1745,

2489 2537 2670 2607 1780,
2734 2536 2915 2611 1883,
2978 2535 3159 2610 1982,
3202 2534 3388 2607 2006,
3432 2533 3621 2607 2217,
3664 2532 3846 2606 2218,

2484 2645 2672 2720 2223,
2715 2645 2905 2720 2224,
2949 2644 3072 2702 Int.
3113 2642 3349 2702 LXIX.

2404 2786 2479 2797 —
2524 2753 2598 2812 de
2639 2754 3021 2831 Amerongen
3067 2771 3269 2830 praep.
3302 2751 3359 2811 S.
3393 2751 3555 2811 Salv.
3589 2752 3848 2827 Traj.(P)

2487 2864 2662 2921 1222.

2407 3005 2477 3015 -
2524 2972 2640 3049 Pyl
2685 2977 2884 3032 rector
2927 2990 3053 3050 par.
3098 2972 3244 3031 eccl.
3286 2971 3360 3030 de
3400 2971 3578 3046 Ema,
3638 2970 3852 3029 deinde

2484 3100 2615 3141 can.
2655 3083 2713 3142 b.
2758 3081 2983 3141 Mariae
3028 3081 3192 3158 Traj.
3241 3082 3413 3141 1242.

2405 3226 2477 3235 -
2523 3192 2597 3251 de
2638 3191 2986 3252 Herderwic
3029 3192 3172 3250 cler.
3223 3192 3394 3248 1244.

2403 3332 2479 3346 -—·
2541 3306 2722 3361 natus
2786 3300 3098 3380 Vopponis
3160 3300 3235 3359 de
3297 3300 3653 3360 Rotterdam
3710 3300 3847 3359 cler.

2481 3409 2677 3471 benef.
2723 3431 2760 3470 a
2801 3416 3103 3471 conventu
3148 3410 3207 3470 S.
3252 3409 3432 3470 Pauli
3475 3411 3639 3487 Traj.
3681 3411 3848 3469 1246.

2406 3553 2480 3565 -
2539 3521 2613 3580 de
2669 3521 2975 3581 Naldekin
3031 3522 3184 3598 tab.,
3240 3540 3371 3581 can.
3432 3520 3491 3580 S.
3552 3521 3745 3597 Salv„
3793 3521 3848 3579 S.

2483 3631 2655 3689 Petri
2711 3636 2774 3688 et
2831 3630 3102 3707 Maj0ris,
3142 3635 3341 3690 rector
3383 3631 3440 3690 b.
3485 3630 3714 3690 Mariae
3753 3631 3849 3691 Oi-

2484 3740 2659 3817 vilis‚
2710 3741 2826 3799 vic.
2870 3740 2928 3799 S.
2974 3738 3186 3799 Jacobi
3230 3740 3393 3816 Traj.
3447 3742 3622 3816 1281,
3670 3740 3848 3815 1289,

2489 3852 2671 3926 1292,
2734 3851 2920 3926 1351,
2975 3851 3161 3926 1398,
3210 3852 3390 3926 1411,
3439 3851 3625 3927 1535,
3667 3852 3852 3925 2021,

2484 3960 2606 4018 Int.
2649 3960 2894 4035 XLIX,
2939 3960 3175 4018 LVIII.

2404 4103 2477 4114 —
2521 4075 2701 4128 natus
2731 4069 3071 4129 Eremberti
3101 4070 3175 4128 de
3205 4069 3426 4129 Verart
3457 4070 3570 4129 vic.
3605 4068 3663 4128 S.
3689 4068 3848 4127 Salv.

2483 4180 2647 4255 Traj.
2695 4181 2867 4238 1315.

2401 4322 2476 4333 —
2532 4289 2866 4349 Bierwisch
2922 4307 3050 4348 can.
3112 4289 3172 4347 S.
3232 4288 3395 4348 Salv.
3455 4289 3619 4365 Traj.
3667 4289 3846 4363 1304,

2486 4400 2657 4458 1447.

2402 4541 2475 4552 -
2521 4508 2595 4566 de
2637 4508 2951 4585 Egmonda
2997 4508 3179 4583 1343,
3227 4508 3407 4567 1509.

2403 4651 2475 4661 -
2534 4617 2609 4676 de
2665 4617 2850 4677 Porta
2900 4635 3030 4676 can.
3074 4622 3137 4676 et
3179 4617 3368 4677 schol.
3411 4616 3848 4675 Arnhemensis

2485 4726 2667 4800 1349,
2717 4725 2892 4784 1892.

2404 4867 2476 4877 -—
2520 4834 2595 4892 de
2636 4835 2866 4894 Domen
2915 4834 3088 4892 1353.

2402 4976 2476 4986 —
2534 4942 2737 5001 Wilde
2793 4961 2950 5020 mag.
3009 4949 3152 5019 art„
3206 4942 3349 5002 cler.
3393 4942 3588 5002 benef.
3632 4962 3669 5001 a
3710 4961 3847 5002 con-

2482 5058 2667 5111 ventu
2714 5052 2770 5111 S.
2817 5053 2995 5112 Pauli
3039 5052 3203 5129 Traj.
3252 5052 3425 5111 1392.

2397 5196 2480 5206 —
2534 5162 2739 5239 Magni
2798 5162 3036 5239 (Grote‚
3093 5161 3339 5239 Groete)
3399 5163 3473 5221 de
3516 5161 3854 5221 Daventria

2481 5290 2638 5349 mag.
2682 5278 2826 5347 art„
2869 5272 3011 5331 cler.
3056 5272 3248 5332 benef.
3287 5290 3325 5331 a
3355 5290 3487 5349 cap.
3515 5269 3758 5349 Majoris
3786 5275 3848 5328 et

2484 5381 2542 5440 S.
2588 5380 2749 5440 Salv.
2796 5381 2991 5458 Traj.,
3033 5400 3163 5441 can.
3199 5382 3257 5440 b.
3292 5380 3516 5441 Mariae
3546 5381 3848 5459 Aquensis

2482 5495 2543 5550 et
2604 5491 2851 5567 Majoris
2919 5492 3079 5569 Traj.
3158 5493 3342 5568 1401,
3412 5493 3598 5566 1408,
3669 5492 3856 5566 1721,

2489 5602 2670 5676 1910,
2715 5601 2834 5659 Int.
2879 5602 3042 5661 LVI.
