<?xml version="1.0" encoding="UTF-8"?>
<!DOCTYPE html PUBLIC "-//W3C//DTD XHTML 1.0 Transitional//EN"
    "http://www.w3.org/TR/xhtml1/DTD/xhtml1-transitional.dtd">
<html xmlns="http://www.w3.org/1999/xhtml" xml:lang="en" lang="en">
 <head>
  <title>
</title>
<meta http-equiv="Content-Type" content="text/html;charset=utf-8" />
  <meta name='ocr-system' content='tesseract 3.04.00' />
  <meta name='ocr-capabilities' content='ocr_page ocr_carea ocr_par ocr_line ocrx_word'/>
</head>
<body>
  <div class='ocr_page' id='page_1' title='image "./bullariumtrajec00nethgoog_0401.png"; bbox 0 0 4450 6684; ppageno 0'>
   <div class='ocr_carea' id='block_1_1' title="bbox 1600 509 3624 576">
    <p class='ocr_par' dir='ltr' id='par_1_1' title="bbox 1600 509 3624 576">
     <span class='ocr_line' id='line_1_1' title="bbox 1600 509 3624 576; baseline -0.002 0"><span class='ocrx_word' id='word_1_1' title='bbox 1600 510 1944 576; x_wconf 70' lang='lat' dir='ltr'>Annsnm</span> <span class='ocrx_word' id='word_1_2' title='bbox 1990 528 2072 575; x_wconf 75' lang='lat' dir='ltr'>m·</span> <span class='ocrx_word' id='word_1_3' title='bbox 2119 509 2595 575; x_wconf 61' lang='lat' dir='ltr'>contusum.</span> <span class='ocrx_word' id='word_1_4' title='bbox 3490 510 3624 572; x_wconf 83' lang='lat'>299</span> 
     </span>
    </p>
   </div>
   <div class='ocr_carea' id='block_1_2' title="bbox 649 732 2758 909">
    <p class='ocr_par' dir='ltr' id='par_1_2' title="bbox 649 732 2758 909">
     <span class='ocr_line' id='line_1_2' title="bbox 649 732 2758 811; baseline -0.003 -15"><span class='ocrx_word' id='word_1_5' title='bbox 649 733 796 811; x_wconf 82' lang='grc'>(147</span> <span class='ocrx_word' id='word_1_6' title='bbox 842 738 905 794; x_wconf 85' lang='lat' dir='ltr'>et</span> <span class='ocrx_word' id='word_1_7' title='bbox 957 732 1094 811; x_wconf 81' lang='grc'>152)</span> <span class='ocrx_word' id='word_1_8' title='bbox 1137 746 1215 796; x_wconf 79' lang='lat' dir='ltr'>Ad</span> <span class='ocrx_word' id='word_1_9' title='bbox 1250 745 1386 796; x_wconf 58' lang='lat' dir='ltr'>obs:</span> <span class='ocrx_word' id='word_1_10' title='bbox 1434 743 1676 794; x_wconf 75' lang='lat' dir='ltr'>&#39;Wauters</span> <span class='ocrx_word' id='word_1_11' title='bbox 1718 742 1869 792; x_wconf 79' lang='lat' dir='ltr'>Table</span> <span class='ocrx_word' id='word_1_12' title='bbox 1901 742 2107 792; x_wconf 65' lang='lat' dir='ltr'>chronol</span> <span class='ocrx_word' id='word_1_13' title='bbox 2168 741 2303 792; x_wconf 77' lang='lat' dir='ltr'>VII.</span> <span class='ocrx_word' id='word_1_14' title='bbox 2336 738 2463 790; x_wconf 83' lang='grc'>681*</span> <span class='ocrx_word' id='word_1_15' title='bbox 2499 743 2549 790; x_wconf 87' lang='lat' dir='ltr'>et</span> <span class='ocrx_word' id='word_1_16' title='bbox 2579 737 2758 790; x_wconf 77' lang='lat'><strong><em>1378*.</em></strong></span> 
     </span>
     <span class='ocr_line' id='line_1_3' title="bbox 661 830 2443 909; baseline -0.003 -16"><span class='ocrx_word' id='word_1_17' title='bbox 661 830 798 909; x_wconf 84' lang='grc'>148)</span> <span class='ocrx_word' id='word_1_18' title='bbox 843 844 904 893; x_wconf 88' lang='lat' dir='ltr'>ln</span> <span class='ocrx_word' id='word_1_19' title='bbox 942 846 1185 907; x_wconf 80' lang='lat' dir='ltr'>excerpto</span> <span class='ocrx_word' id='word_1_20' title='bbox 1219 841 1316 891; x_wconf 86' lang='lat' dir='ltr'>lin.</span> <span class='ocrx_word' id='word_1_21' title='bbox 1350 841 1379 890; x_wconf 88' lang='lat'><strong>1</strong></span> <span class='ocrx_word' id='word_1_22' title='bbox 1419 855 1533 904; x_wconf 88' lang='lat' dir='ltr'>pro:</span> <span class='ocrx_word' id='word_1_23' title='bbox 1571 839 1873 903; x_wconf 73' lang='lat' dir='ltr'>scolastice,</span> <span class='ocrx_word' id='word_1_24' title='bbox 1908 838 2075 904; x_wconf 78' lang='lat' dir='ltr'>legas:</span> <span class='ocrx_word' id='word_1_25' title='bbox 2112 837 2443 889; x_wconf 78' lang='lat' dir='ltr'>scholastico,</span> 
     </span>
    </p>
   </div>
   <div class='ocr_carea' id='block_1_3' title="bbox 559 1293 3634 2444">
    <p class='ocr_par' dir='ltr' id='par_1_3' title="bbox 794 1293 3263 1382">
     <span class='ocr_line' id='line_1_4' title="bbox 794 1293 3263 1382; baseline 0 -23"><span class='ocrx_word' id='word_1_26' title='bbox 794 1296 972 1375; x_wconf 76' lang='lat'><strong>(159)</strong></span> <span class='ocrx_word' id='word_1_27' title='bbox 1019 1294 1350 1362; x_wconf 82' lang='lat' dir='ltr'>Everardo</span> <span class='ocrx_word' id='word_1_28' title='bbox 1399 1295 1730 1382; x_wconf 87' lang='lat' dir='ltr'>preposito</span> <span class='ocrx_word' id='word_1_29' title='bbox 1779 1295 2107 1360; x_wconf 84' lang='lat' dir='ltr'>Thilensis</span> <span class='ocrx_word' id='word_1_30' title='bbox 2155 1294 2430 1360; x_wconf 90' lang='lat' dir='ltr'>ecclesie</span> <span class='ocrx_word' id='word_1_31' title='bbox 2478 1294 2919 1381; x_wconf 84' lang='lat' dir='ltr'>Trajectensis</span> <span class='ocrx_word' id='word_1_32' title='bbox 2965 1293 3263 1360; x_wconf 91' lang='lat' dir='ltr'>diocesis.</span> 
     </span>
    </p>

    <p class='ocr_par' dir='ltr' id='par_1_4' title="bbox 559 1400 3634 2444">
     <span class='ocr_line' id='line_1_5' title="bbox 798 1400 3631 1489; baseline -0 -20"><span class='ocrx_word' id='word_1_33' title='bbox 798 1401 1112 1489; x_wconf 83' lang='lat' dir='ltr'>Specialis</span> <span class='ocrx_word' id='word_1_34' title='bbox 1180 1400 1353 1466; x_wconf 89' lang='lat' dir='ltr'>dono</span> <span class='ocrx_word' id='word_1_35' title='bbox 1424 1400 1632 1486; x_wconf 89' lang='lat' dir='ltr'>gratie</span> <span class='ocrx_word' id='word_1_36' title='bbox 1701 1401 1848 1464; x_wconf 91' lang='lat' dir='ltr'>illos</span> <span class='ocrx_word' id='word_1_37' title='bbox 1909 1400 2107 1486; x_wconf 90' lang='lat' dir='ltr'>digne</span> <span class='ocrx_word' id='word_1_38' title='bbox 2168 1402 2654 1488; x_wconf 80' lang='lat' dir='ltr'>prosequimur,</span> <span class='ocrx_word' id='word_1_39' title='bbox 2718 1420 2880 1486; x_wconf 89' lang='lat' dir='ltr'>quos</span> <span class='ocrx_word' id='word_1_40' title='bbox 2938 1420 3190 1465; x_wconf 88' lang='lat' dir='ltr'>morum</span> <span class='ocrx_word' id='word_1_41' title='bbox 3239 1407 3307 1466; x_wconf 93' lang='lat' dir='ltr'>et</span> <span class='ocrx_word' id='word_1_42' title='bbox 3355 1402 3631 1468; x_wconf 87' lang='lat' dir='ltr'>scientie</span> 
     </span>
     <span class='ocr_line' id='line_1_6' title="bbox 559 1504 3634 1595; baseline -0.001 -21"><span class='ocrx_word' id='word_1_43' title='bbox 559 1509 776 1595; x_wconf 83' lang='lat' dir='ltr'>juvari</span> <span class='ocrx_word' id='word_1_44' title='bbox 840 1507 1086 1573; x_wconf 88' lang='lat' dir='ltr'>meritis</span> <span class='ocrx_word' id='word_1_45' title='bbox 1143 1507 1512 1588; x_wconf 86' lang='lat' dir='ltr'>intuemur,</span> <span class='ocrx_word' id='word_1_46' title='bbox 1561 1507 1715 1592; x_wconf 92' lang='lat' dir='ltr'>quia</span> <span class='ocrx_word' id='word_1_47' title='bbox 1760 1507 1928 1570; x_wconf 91' lang='lat' dir='ltr'>solet</span> <span class='ocrx_word' id='word_1_48' title='bbox 1973 1507 2180 1570; x_wconf 80' lang='lat' dir='ltr'>virtus</span> <span class='ocrx_word' id='word_1_49' title='bbox 2226 1512 2386 1570; x_wconf 86' lang='lat' dir='ltr'>tunc</span> <span class='ocrx_word' id='word_1_50' title='bbox 2431 1506 2792 1593; x_wconf 81' lang='lat' dir='ltr'>promptior</span> <span class='ocrx_word' id='word_1_51' title='bbox 2836 1504 2920 1571; x_wconf 90' lang='lat' dir='ltr'>ad</span> <span class='ocrx_word' id='word_1_52' title='bbox 2968 1512 3321 1591; x_wconf 88' lang='lat' dir='ltr'>augmenta</span> <span class='ocrx_word' id='word_1_53' title='bbox 3366 1527 3634 1571; x_wconf 85' lang='lat' dir='ltr'>consur-</span> 
     </span>
     <span class='ocr_line' id='line_1_7' title="bbox 567 1612 3618 1702; baseline -0.001 -21"><span class='ocrx_word' id='word_1_54' title='bbox 567 1636 756 1702; x_wconf 83' lang='lat' dir='ltr'>gere,</span> <span class='ocrx_word' id='word_1_55' title='bbox 805 1636 954 1681; x_wconf 89' lang='lat' dir='ltr'>cum</span> <span class='ocrx_word' id='word_1_56' title='bbox 1002 1634 1071 1680; x_wconf 91' lang='lat' dir='ltr'>se</span> <span class='ocrx_word' id='word_1_57' title='bbox 1120 1613 1344 1680; x_wconf 88' lang='lat' dir='ltr'>debita</span> <span class='ocrx_word' id='word_1_58' title='bbox 1387 1613 1796 1700; x_wconf 83' lang='lat' dir='ltr'>perspexerit</span> <span class='ocrx_word' id='word_1_59' title='bbox 1843 1614 2223 1677; x_wconf 87' lang='lat' dir='ltr'>meritorum</span> <span class='ocrx_word' id='word_1_60' title='bbox 2271 1613 2519 1699; x_wconf 88' lang='lat' dir='ltr'>premia</span> <span class='ocrx_word' id='word_1_61' title='bbox 2561 1613 2951 1697; x_wconf 81' lang='lat' dir='ltr'>percepisse.</span> <span class='ocrx_word' id='word_1_62' title='bbox 3018 1612 3182 1678; x_wconf 82' lang='lat' dir='ltr'>Cum</span> <span class='ocrx_word' id='word_1_63' title='bbox 3229 1614 3452 1699; x_wconf 89' lang='lat' dir='ltr'>itaque</span> <span class='ocrx_word' id='word_1_64' title='bbox 3499 1632 3618 1699; x_wconf 90' lang='lat' dir='ltr'>pro</span> 
     </span>
     <span class='ocr_line' id='line_1_8' title="bbox 568 1716 3628 1810; baseline -0.001 -24"><span class='ocrx_word' id='word_1_65' title='bbox 568 1729 682 1786; x_wconf 90' lang='lat' dir='ltr'>tue</span> <span class='ocrx_word' id='word_1_66' title='bbox 730 1721 1075 1810; x_wconf 82' lang='lat' dir='ltr'>probitatis</span> <span class='ocrx_word' id='word_1_67' title='bbox 1121 1721 1369 1785; x_wconf 87' lang='lat' dir='ltr'>meritis</span> <span class='ocrx_word' id='word_1_68' title='bbox 1417 1718 1592 1806; x_wconf 88' lang='lat' dir='ltr'>apud</span> <span class='ocrx_word' id='word_1_69' title='bbox 1641 1740 1759 1784; x_wconf 92' lang='lat' dir='ltr'>nos</span> <span class='ocrx_word' id='word_1_70' title='bbox 1809 1718 2044 1804; x_wconf 90' lang='lat' dir='ltr'>dignus</span> <span class='ocrx_word' id='word_1_71' title='bbox 2089 1718 2311 1784; x_wconf 85' lang='lat' dir='ltr'>favore</span> <span class='ocrx_word' id='word_1_72' title='bbox 2359 1719 2668 1804; x_wconf 85' lang='lat' dir='ltr'>precipuo</span> <span class='ocrx_word' id='word_1_73' title='bbox 2715 1716 3026 1801; x_wconf 80' lang='lat' dir='ltr'>videaris,</span> <span class='ocrx_word' id='word_1_74' title='bbox 3088 1739 3208 1783; x_wconf 90' lang='lat' dir='ltr'>nos</span> <span class='ocrx_word' id='word_1_75' title='bbox 3258 1716 3628 1784; x_wconf 86' lang='lat' dir='ltr'>devotionis</span> 
     </span>
     <span class='ocr_line' id='line_1_9' title="bbox 568 1823 3628 1913; baseline -0.001 -20"><span class='ocrx_word' id='word_1_76' title='bbox 568 1835 680 1893; x_wconf 92' lang='lat' dir='ltr'>tue</span> <span class='ocrx_word' id='word_1_77' title='bbox 726 1827 1028 1913; x_wconf 84' lang='lat' dir='ltr'>precibus</span> <span class='ocrx_word' id='word_1_78' title='bbox 1073 1826 1402 1907; x_wconf 88' lang='lat' dir='ltr'>inclinati,</span> <span class='ocrx_word' id='word_1_79' title='bbox 1450 1830 1527 1890; x_wconf 84' lang='lat' dir='ltr'>ut</span> <span class='ocrx_word' id='word_1_80' title='bbox 1572 1846 1720 1889; x_wconf 89' lang='lat' dir='ltr'>cum</span> <span class='ocrx_word' id='word_1_81' title='bbox 1766 1825 2180 1911; x_wconf 83' lang='lat' dir='ltr'>prepositura</span> <span class='ocrx_word' id='word_1_82' title='bbox 2226 1824 2525 1889; x_wconf 83' lang='lat' dir='ltr'>Thilensi</span> <span class='ocrx_word' id='word_1_83' title='bbox 2572 1829 2640 1890; x_wconf 91' lang='lat' dir='ltr'>et</span> <span class='ocrx_word' id='word_1_84' title='bbox 2685 1823 3011 1889; x_wconf 86' lang='lat' dir='ltr'>decanatu</span> <span class='ocrx_word' id='word_1_85' title='bbox 3045 1825 3173 1888; x_wconf 88' lang='lat' dir='ltr'>tuis</span> <span class='ocrx_word' id='word_1_86' title='bbox 3206 1825 3414 1889; x_wconf 90' lang='lat' dir='ltr'>sancti</span> <span class='ocrx_word' id='word_1_87' title='bbox 3443 1826 3628 1890; x_wconf 89' lang='lat' dir='ltr'>Petri</span> 
     </span>
     <span class='ocr_line' id='line_1_10' title="bbox 565 1931 3634 2019; baseline -0 -20"><span class='ocrx_word' id='word_1_88' title='bbox 565 1934 1033 2019; x_wconf 84' lang='lat' dir='ltr'>Trajectensis,</span> <span class='ocrx_word' id='word_1_89' title='bbox 1086 1932 1485 1997; x_wconf 82' lang='lat' dir='ltr'>habentibus</span> <span class='ocrx_word' id='word_1_90' title='bbox 1533 1953 1754 1997; x_wconf 89' lang='lat' dir='ltr'>curam</span> <span class='ocrx_word' id='word_1_91' title='bbox 1795 1932 2155 1997; x_wconf 87' lang='lat' dir='ltr'>animarum</span> <span class='ocrx_word' id='word_1_92' title='bbox 2187 1951 2545 2014; x_wconf 82' lang='lat' dir='ltr'>annexam,</span> <span class='ocrx_word' id='word_1_93' title='bbox 2582 1937 2715 1996; x_wconf 88' lang='lat' dir='ltr'>tres</span> <span class='ocrx_word' id='word_1_94' title='bbox 2745 1931 3148 2018; x_wconf 85' lang='lat' dir='ltr'>prebendas,</span> <span class='ocrx_word' id='word_1_95' title='bbox 3179 1953 3340 2019; x_wconf 89' lang='lat' dir='ltr'>quas</span> <span class='ocrx_word' id='word_1_96' title='bbox 3375 1933 3634 1998; x_wconf 89' lang='lat' dir='ltr'>obtines</span> 
     </span>
     <span class='ocr_line' id='line_1_11' title="bbox 568 2037 3628 2124; baseline 0.001 -22"><span class='ocrx_word' id='word_1_97' title='bbox 568 2039 707 2103; x_wconf 91' lang='lat' dir='ltr'>sine</span> <span class='ocrx_word' id='word_1_98' title='bbox 777 2059 962 2121; x_wconf 89' lang='lat' dir='ltr'>cura,</span> <span class='ocrx_word' id='word_1_99' title='bbox 1030 2038 1210 2103; x_wconf 91' lang='lat' dir='ltr'>licite</span> <span class='ocrx_word' id='word_1_100' title='bbox 1278 2038 1562 2103; x_wconf 90' lang='lat' dir='ltr'>retinere</span> <span class='ocrx_word' id='word_1_101' title='bbox 1635 2039 1888 2120; x_wconf 84' lang='lat' dir='ltr'>valeas,</span> <span class='ocrx_word' id='word_1_102' title='bbox 1958 2058 2092 2103; x_wconf 89' lang='lat' dir='ltr'>non</span> <span class='ocrx_word' id='word_1_103' title='bbox 2161 2037 2468 2102; x_wconf 89' lang='lat' dir='ltr'>obstante</span> <span class='ocrx_word' id='word_1_104' title='bbox 2515 2038 2984 2103; x_wconf 87' lang='lat' dir='ltr'>constitutione</span> <span class='ocrx_word' id='word_1_105' title='bbox 3030 2039 3354 2124; x_wconf 88' lang='lat' dir='ltr'>generali,</span> <span class='ocrx_word' id='word_1_106' title='bbox 3411 2045 3628 2104; x_wconf 89' lang='lat' dir='ltr'>tecum</span> 
     </span>
     <span class='ocr_line' id='line_1_12' title="bbox 567 2142 3626 2232; baseline 0 -21"><span class='ocrx_word' id='word_1_107' title='bbox 567 2147 957 2211; x_wconf 88' lang='lat' dir='ltr'>auctoritate</span> <span class='ocrx_word' id='word_1_108' title='bbox 1005 2145 1363 2232; x_wconf 88' lang='lat' dir='ltr'>apostolica</span> <span class='ocrx_word' id='word_1_109' title='bbox 1408 2143 1892 2232; x_wconf 83' lang='lat' dir='ltr'>dispensamus3</span> <span class='ocrx_word' id='word_1_110' title='bbox 1939 2145 2033 2210; x_wconf 87' lang='lat' dir='ltr'>ita</span> <span class='ocrx_word' id='word_1_111' title='bbox 2080 2150 2301 2209; x_wconf 88' lang='lat' dir='ltr'>tamen</span> <span class='ocrx_word' id='word_1_112' title='bbox 2348 2142 2524 2230; x_wconf 92' lang='lat' dir='ltr'>quod</span> <span class='ocrx_word' id='word_1_113' title='bbox 2567 2145 2636 2209; x_wconf 92' lang='lat' dir='ltr'>in</span> <span class='ocrx_word' id='word_1_114' title='bbox 2670 2143 2993 2209; x_wconf 86' lang='lat' dir='ltr'>decanatu</span> <span class='ocrx_word' id='word_1_115' title='bbox 3023 2144 3165 2231; x_wconf 90' lang='lat' dir='ltr'>ipso</span> <span class='ocrx_word' id='word_1_116' title='bbox 3196 2147 3626 2231; x_wconf 85' lang='lat' dir='ltr'>personaliter</span> 
     </span>
     <span class='ocr_line' id='line_1_13' title="bbox 567 2250 3626 2339; baseline 0.001 -22"><span class='ocrx_word' id='word_1_117' title='bbox 567 2251 895 2317; x_wconf 81' lang='lat' dir='ltr'>deservias</span> <span class='ocrx_word' id='word_1_118' title='bbox 943 2258 1011 2317; x_wconf 88' lang='lat' dir='ltr'>et</span> <span class='ocrx_word' id='word_1_119' title='bbox 1054 2253 1124 2316; x_wconf 92' lang='lat' dir='ltr'>in</span> <span class='ocrx_word' id='word_1_120' title='bbox 1171 2252 1314 2316; x_wconf 89' lang='lat' dir='ltr'>aliis</span> <span class='ocrx_word' id='word_1_121' title='bbox 1359 2272 1477 2339; x_wconf 90' lang='lat' dir='ltr'>per</span> <span class='ocrx_word' id='word_1_122' title='bbox 1522 2253 1799 2318; x_wconf 82' lang='lat' dir='ltr'>vicarios</span> <span class='ocrx_word' id='word_1_123' title='bbox 1847 2250 2119 2317; x_wconf 89' lang='lat' dir='ltr'>idoneos</span> <span class='ocrx_word' id='word_1_124' title='bbox 2166 2251 2364 2316; x_wconf 86' lang='lat' dir='ltr'>facias</span> <span class='ocrx_word' id='word_1_125' title='bbox 2411 2250 2743 2317; x_wconf 83' lang='lat' dir='ltr'>deserviri.</span> <span class='ocrx_word' id='word_1_126' title='bbox 2806 2251 2987 2316; x_wconf 87' lang='lat' dir='ltr'>Nulli</span> <span class='ocrx_word' id='word_1_127' title='bbox 3036 2272 3190 2338; x_wconf 90' lang='lat' dir='ltr'>ergo</span> <span class='ocrx_word' id='word_1_128' title='bbox 3238 2259 3347 2316; x_wconf 85' lang='lat' dir='ltr'>etc.</span> <span class='ocrx_word' id='word_1_129' title='bbox 3398 2260 3626 2320; x_wconf 88' lang='lat' dir='ltr'>nostre</span> 
     </span>
     <span class='ocr_line' id='line_1_14' title="bbox 567 2356 3625 2444; baseline 0.001 -21"><span class='ocrx_word' id='word_1_130' title='bbox 567 2358 1005 2424; x_wconf 89' lang='lat' dir='ltr'>concessionis</span> <span class='ocrx_word' id='word_1_131' title='bbox 1052 2366 1162 2423; x_wconf 87' lang='lat' dir='ltr'>etc.</span> <span class='ocrx_word' id='word_1_132' title='bbox 1257 2358 1328 2423; x_wconf 86' lang='lat' dir='ltr'>Si</span> <span class='ocrx_word' id='word_1_133' title='bbox 1376 2359 1524 2443; x_wconf 84' lang='lat' dir='ltr'>quis</span> <span class='ocrx_word' id='word_1_134' title='bbox 1566 2366 1674 2423; x_wconf 87' lang='lat' dir='ltr'>etc.</span> <span class='ocrx_word' id='word_1_135' title='bbox 1769 2358 1920 2422; x_wconf 90' lang='lat' dir='ltr'>Dat.</span> <span class='ocrx_word' id='word_1_136' title='bbox 1970 2356 2317 2444; x_wconf 88' lang='lat' dir='ltr'>Lugduni,</span> <span class='ocrx_word' id='word_1_137' title='bbox 2379 2357 2589 2422; x_wconf 90' lang='lat' dir='ltr'>XIIII</span> <span class='ocrx_word' id='word_1_138' title='bbox 2633 2358 2744 2423; x_wconf 87' lang='lat' dir='ltr'>Kl.</span> <span class='ocrx_word' id='word_1_139' title='bbox 2793 2358 3048 2442; x_wconf 87' lang='lat' dir='ltr'>Martii,</span> <span class='ocrx_word' id='word_1_140' title='bbox 3098 2379 3270 2424; x_wconf 90' lang='lat' dir='ltr'>anno</span> <span class='ocrx_word' id='word_1_141' title='bbox 3318 2359 3625 2426; x_wconf 81' lang='lat' dir='ltr'>seeundo.</span> 
     </span>
    </p>
   </div>
   <div class='ocr_carea' id='block_1_4' title="bbox 565 2847 2645 2935">
    <p class='ocr_par' dir='ltr' id='par_1_5' title="bbox 565 2847 2645 2935">
     <span class='ocr_line' id='line_1_15' title="bbox 565 2847 2645 2935; baseline 0 -21"><span class='ocrx_word' id='word_1_142' title='bbox 565 2847 756 2916; x_wconf 75' lang='lat'><strong><em>2274.</em></strong></span> <span class='ocrx_word' id='word_1_143' title='bbox 805 2847 1058 2926; x_wconf 70' lang='lat' dir='ltr'>(nsum)</span> <span class='ocrx_word' id='word_1_144' title='bbox 1552 2851 1768 2932; x_wconf 80' lang='lat'><strong><em>1245,</em></strong></span> <span class='ocrx_word' id='word_1_145' title='bbox 1814 2850 2101 2934; x_wconf 68' lang='lat' dir='ltr'>Auqusti</span> <span class='ocrx_word' id='word_1_146' title='bbox 2145 2852 2264 2932; x_wconf 89' lang='lat'>17,</span> <span class='ocrx_word' id='word_1_147' title='bbox 2314 2849 2645 2935; x_wconf 74' lang='lat' dir='ltr'>Luqduni.</span> 
     </span>
    </p>
   </div>
   <div class='ocr_carea' id='block_1_5' title="bbox 776 3002 3633 3302">
    <p class='ocr_par' dir='ltr' id='par_1_6' title="bbox 776 3002 3633 3302">
     <span class='ocr_line' id='line_1_16' title="bbox 875 3002 3633 3089; baseline 0.001 -22"><span class='ocrx_word' id='word_1_148' title='bbox 875 3004 1113 3068; x_wconf 83' lang='lat' dir='ltr'>Abbati</span> <span class='ocrx_word' id='word_1_149' title='bbox 1162 3007 1528 3070; x_wconf 84' lang='lat' dir='ltr'>monasterii</span> <span class='ocrx_word' id='word_1_150' title='bbox 1577 3004 1647 3072; x_wconf 89' lang='lat' dir='ltr'>S.</span> <span class='ocrx_word' id='word_1_151' title='bbox 1696 3002 1983 3089; x_wconf 76' lang='lat' dir='ltr'>odulphi</span> <span class='ocrx_word' id='word_1_152' title='bbox 2026 3005 2095 3067; x_wconf 87' lang='lat' dir='ltr'>in</span> <span class='ocrx_word' id='word_1_153' title='bbox 2143 3002 2414 3067; x_wconf 84' lang='lat' dir='ltr'>Stauria</span> <span class='ocrx_word' id='word_1_154' title='bbox 2460 3005 2714 3088; x_wconf 77' lang='lat' dir='ltr'>ejusque</span> <span class='ocrx_word' id='word_1_155' title='bbox 2755 3002 3079 3085; x_wconf 82' lang='lat' dir='ltr'>fratribus</span> <span class='ocrx_word' id='word_1_156' title='bbox 3127 3006 3264 3068; x_wconf 85' lang='lat' dir='ltr'>ord.</span> <span class='ocrx_word' id='word_1_157' title='bbox 3317 3005 3384 3070; x_wconf 92' lang='lat' dir='ltr'>S.</span> <span class='ocrx_word' id='word_1_158' title='bbox 3440 3005 3633 3070; x_wconf 85' lang='lat' dir='ltr'>Bene-</span> 
     </span>
     <span class='ocr_line' id='line_1_17' title="bbox 786 3108 3629 3196; baseline 0.001 -24"><span class='ocrx_word' id='word_1_159' title='bbox 786 3108 940 3173; x_wconf 80' lang='lat' dir='ltr'>dicti</span> <span class='ocrx_word' id='word_1_160' title='bbox 996 3112 1445 3174; x_wconf 85' lang='lat' dir='ltr'>monasterium</span> <span class='ocrx_word' id='word_1_161' title='bbox 1504 3109 1619 3173; x_wconf 83' lang='lat' dir='ltr'>sub</span> <span class='ocrx_word' id='word_1_162' title='bbox 1680 3111 2027 3194; x_wconf 85' lang='lat' dir='ltr'>apostolica</span> <span class='ocrx_word' id='word_1_163' title='bbox 2085 3111 2432 3194; x_wconf 80' lang='lat' dir='ltr'>suscipitur</span> <span class='ocrx_word' id='word_1_164' title='bbox 2485 3110 2870 3194; x_wconf 81' lang='lat' dir='ltr'>protectione</span> <span class='ocrx_word' id='word_1_165' title='bbox 2932 3111 3188 3195; x_wconf 79' lang='lat' dir='ltr'>suisque</span> <span class='ocrx_word' id='word_1_166' title='bbox 3233 3113 3301 3175; x_wconf 85' lang='lat' dir='ltr'>in</span> <span class='ocrx_word' id='word_1_167' title='bbox 3349 3113 3587 3196; x_wconf 76' lang='lat' dir='ltr'>requlis</span> <span class='ocrx_word' id='word_1_168' title='bbox 3611 3159 3629 3194; x_wconf 95' lang='lat'>,</span> 
     </span>
     <span class='ocr_line' id='line_1_18' title="bbox 776 3215 2189 3302; baseline 0 -22"><span class='ocrx_word' id='word_1_169' title='bbox 776 3216 1270 3300; x_wconf 80' lang='lat' dir='ltr'>possessionibus</span> <span class='ocrx_word' id='word_1_170' title='bbox 1290 3265 1307 3299; x_wconf 95' lang='lat'>,</span> <span class='ocrx_word' id='word_1_171' title='bbox 1343 3218 1709 3302; x_wconf 77' lang='lat' dir='ltr'>privileqiis</span> <span class='ocrx_word' id='word_1_172' title='bbox 1753 3215 2189 3298; x_wconf 80' lang='lat' dir='ltr'>confirmatur.</span> 
     </span>
    </p>
   </div>
   <div class='ocr_carea' id='block_1_6' title="bbox 562 3394 3633 4227">
    <p class='ocr_par' dir='ltr' id='par_1_7' title="bbox 562 3394 3633 4227">
     <span class='ocr_line' id='line_1_19' title="bbox 785 3394 3629 3483; baseline 0.001 -23"><span class='ocrx_word' id='word_1_173' title='bbox 785 3395 1188 3481; x_wconf 86' lang='lat' dir='ltr'>Religiosam</span> <span class='ocrx_word' id='word_1_174' title='bbox 1254 3396 1455 3460; x_wconf 82' lang='lat' dir='ltr'>vitam</span> <span class='ocrx_word' id='word_1_175' title='bbox 1503 3394 1922 3479; x_wconf 87' lang='lat' dir='ltr'>eligentibus.</span> <span class='ocrx_word' id='word_1_176' title='bbox 1948 3441 1965 3458; x_wconf 88' lang='lat'><strong><em>.</em></strong></span> <span class='ocrx_word' id='word_1_177' title='bbox 1991 3441 2009 3459; x_wconf 88' lang='lat'><strong><em>.</em></strong></span> <span class='ocrx_word' id='word_1_178' title='bbox 2035 3441 2052 3458; x_wconf 87' lang='lat'><strong><em>.</em></strong></span> <span class='ocrx_word' id='word_1_179' title='bbox 2148 3395 2228 3458; x_wconf 96' lang='lat' dir='ltr'>In</span> <span class='ocrx_word' id='word_1_180' title='bbox 2276 3394 2512 3481; x_wconf 88' lang='lat' dir='ltr'>quibus</span> <span class='ocrx_word' id='word_1_181' title='bbox 2558 3394 2680 3460; x_wconf 86' lang='lat' dir='ltr'>hec</span> <span class='ocrx_word' id='word_1_182' title='bbox 2727 3397 3003 3482; x_wconf 88' lang='lat' dir='ltr'>propriis</span> <span class='ocrx_word' id='word_1_183' title='bbox 3049 3395 3361 3462; x_wconf 83' lang='lat' dir='ltr'>duximus</span> <span class='ocrx_word' id='word_1_184' title='bbox 3408 3399 3629 3483; x_wconf 81' lang='lat' dir='ltr'>expri-</span> 
     </span>
     <span class='ocr_line' id='line_1_20' title="bbox 562 3498 3631 3586; baseline 0.002 -24"><span class='ocrx_word' id='word_1_185' title='bbox 562 3498 801 3565; x_wconf 88' lang='lat' dir='ltr'>menda</span> <span class='ocrx_word' id='word_1_186' title='bbox 858 3501 1222 3567; x_wconf 74' lang='lat' dir='ltr'>vocabulis:</span> <span class='ocrx_word' id='word_1_187' title='bbox 1284 3501 1501 3565; x_wconf 89' lang='lat' dir='ltr'>locum</span> <span class='ocrx_word' id='word_1_188' title='bbox 1563 3501 1815 3586; x_wconf 90' lang='lat' dir='ltr'>ipsum,</span> <span class='ocrx_word' id='word_1_189' title='bbox 1864 3502 1935 3564; x_wconf 92' lang='lat' dir='ltr'>in</span> <span class='ocrx_word' id='word_1_190' title='bbox 1981 3522 2110 3586; x_wconf 92' lang='lat' dir='ltr'>quo</span> <span class='ocrx_word' id='word_1_191' title='bbox 2156 3500 2482 3585; x_wconf 85' lang='lat' dir='ltr'>prefatum</span> <span class='ocrx_word' id='word_1_192' title='bbox 2529 3503 2998 3566; x_wconf 89' lang='lat' dir='ltr'>monasterium</span> <span class='ocrx_word' id='word_1_193' title='bbox 3044 3502 3244 3568; x_wconf 91' lang='lat' dir='ltr'>situm</span> <span class='ocrx_word' id='word_1_194' title='bbox 3295 3509 3429 3586; x_wconf 91' lang='lat' dir='ltr'>est,</span> <span class='ocrx_word' id='word_1_195' title='bbox 3481 3524 3631 3568; x_wconf 90' lang='lat' dir='ltr'>cum</span> 
     </span>
     <span class='ocr_line' id='line_1_21' title="bbox 577 3607 3633 3695; baseline 0.001 -22"><span class='ocrx_word' id='word_1_196' title='bbox 577 3608 877 3673; x_wconf 90' lang='lat' dir='ltr'>omnibus</span> <span class='ocrx_word' id='word_1_197' title='bbox 915 3608 1339 3695; x_wconf 82' lang='lat' dir='ltr'>pertinenciis</span> <span class='ocrx_word' id='word_1_198' title='bbox 1380 3609 1543 3690; x_wconf 91' lang='lat' dir='ltr'>suis,</span> <span class='ocrx_word' id='word_1_199' title='bbox 1591 3608 1662 3671; x_wconf 90' lang='lat' dir='ltr'>in</span> <span class='ocrx_word' id='word_1_200' title='bbox 1702 3607 2031 3693; x_wconf 86' lang='lat' dir='ltr'>Sutergho</span> <span class='ocrx_word' id='word_1_201' title='bbox 2073 3613 2141 3672; x_wconf 89' lang='lat' dir='ltr'>et</span> <span class='ocrx_word' id='word_1_202' title='bbox 2183 3607 2255 3671; x_wconf 90' lang='lat' dir='ltr'>in</span> <span class='ocrx_word' id='word_1_203' title='bbox 2294 3607 2510 3672; x_wconf 90' lang='lat' dir='ltr'>insula</span> <span class='ocrx_word' id='word_1_204' title='bbox 2545 3607 2664 3672; x_wconf 84' lang='lat' dir='ltr'>Fle</span> <span class='ocrx_word' id='word_1_205' title='bbox 2690 3608 2743 3691; x_wconf 73' lang='grc'>1)</span> <span class='ocrx_word' id='word_1_206' title='bbox 2791 3608 3100 3673; x_wconf 92' lang='lat' dir='ltr'>ecclesias</span> <span class='ocrx_word' id='word_1_207' title='bbox 3143 3631 3291 3674; x_wconf 89' lang='lat' dir='ltr'>cum</span> <span class='ocrx_word' id='word_1_208' title='bbox 3333 3609 3633 3675; x_wconf 86' lang='lat' dir='ltr'>omnibus</span> 
     </span>
     <span class='ocr_line' id='line_1_22' title="bbox 562 3712 3632 3803; baseline -0 -22"><span class='ocrx_word' id='word_1_209' title='bbox 562 3715 982 3803; x_wconf 89' lang='lat' dir='ltr'>pertinenciis</span> <span class='ocrx_word' id='word_1_210' title='bbox 1029 3714 1385 3780; x_wconf 87' lang='lat' dir='ltr'>eorundem</span> <span class='ocrx_word' id='word_1_211' title='bbox 1433 3715 1614 3798; x_wconf 84' lang='lat' dir='ltr'>(sic),</span> <span class='ocrx_word' id='word_1_212' title='bbox 1663 3715 2002 3800; x_wconf 88' lang='lat' dir='ltr'>grangiam</span> <span class='ocrx_word' id='word_1_213' title='bbox 2043 3712 2326 3778; x_wconf 88' lang='lat' dir='ltr'>d&#39;insula</span> <span class='ocrx_word' id='word_1_214' title='bbox 2362 3713 2570 3795; x_wconf 86' lang='lat' dir='ltr'>Urck,</span> <span class='ocrx_word' id='word_1_215' title='bbox 2619 3714 2688 3778; x_wconf 93' lang='lat' dir='ltr'>in</span> <span class='ocrx_word' id='word_1_216' title='bbox 2731 3715 3158 3801; x_wconf 84' lang='lat' dir='ltr'>Scerpensele</span> <span class='ocrx_word' id='word_1_217' title='bbox 3184 3717 3269 3799; x_wconf 69' lang='lat'>52),</span> <span class='ocrx_word' id='word_1_218' title='bbox 3319 3717 3632 3782; x_wconf 84' lang='lat' dir='ltr'>Gaester-</span> 
     </span>
     <span class='ocr_line' id='line_1_23' title="bbox 565 3819 3628 3909; baseline 0 -23"><span class='ocrx_word' id='word_1_219' title='bbox 565 3822 757 3909; x_wconf 89' lang='lat' dir='ltr'>dorp,</span> <span class='ocrx_word' id='word_1_220' title='bbox 797 3823 996 3908; x_wconf 85' lang='lat' dir='ltr'>juxta</span> <span class='ocrx_word' id='word_1_221' title='bbox 1041 3822 1375 3887; x_wconf 85' lang='lat' dir='ltr'>civitatem</span> <span class='ocrx_word' id='word_1_222' title='bbox 1424 3821 1916 3906; x_wconf 84' lang='lat' dir='ltr'>Trajectensem</span> <span class='ocrx_word' id='word_1_223' title='bbox 1964 3826 2031 3885; x_wconf 89' lang='lat' dir='ltr'>et</span> <span class='ocrx_word' id='word_1_224' title='bbox 2075 3820 2145 3885; x_wconf 91' lang='lat' dir='ltr'>in</span> <span class='ocrx_word' id='word_1_225' title='bbox 2192 3819 2539 3885; x_wconf 87' lang='lat' dir='ltr'>Wardeslo</span> <span class='ocrx_word' id='word_1_226' title='bbox 2563 3820 2637 3903; x_wconf 82' lang='lat'>3).</span> <span class='ocrx_word' id='word_1_227' title='bbox 2668 3869 2683 3884; x_wconf 92' lang='lat'><strong><em>.</em></strong></span> <span class='ocrx_word' id='word_1_228' title='bbox 2711 3868 2727 3883; x_wconf 89' lang='lat'><strong><em>.</em></strong></span> <span class='ocrx_word' id='word_1_229' title='bbox 2754 3867 2771 3885; x_wconf 87' lang='lat'><strong><em>.</em></strong></span> <span class='ocrx_word' id='word_1_230' title='bbox 2867 3820 3111 3886; x_wconf 87' lang='lat' dir='ltr'>Datum</span> <span class='ocrx_word' id='word_1_231' title='bbox 3151 3820 3463 3908; x_wconf 87' lang='lat' dir='ltr'>Lugduni</span> <span class='ocrx_word' id='word_1_232' title='bbox 3507 3843 3628 3908; x_wconf 90' lang='lat' dir='ltr'>per</span> 
     </span>
     <span class='ocr_line' id='line_1_24' title="bbox 563 3925 3628 4013; baseline -0 -20"><span class='ocrx_word' id='word_1_233' title='bbox 563 3950 828 3993; x_wconf 89' lang='lat' dir='ltr'>manum</span> <span class='ocrx_word' id='word_1_234' title='bbox 887 3927 1182 4013; x_wconf 83' lang='lat' dir='ltr'>magistri</span> <span class='ocrx_word' id='word_1_235' title='bbox 1226 3927 1498 3992; x_wconf 84' lang='lat' dir='ltr'>Martini</span> <span class='ocrx_word' id='word_1_236' title='bbox 1544 3932 1768 3991; x_wconf 89' lang='lat' dir='ltr'>sancte</span> <span class='ocrx_word' id='word_1_237' title='bbox 1815 3927 2115 3992; x_wconf 89' lang='lat' dir='ltr'>Romane</span> <span class='ocrx_word' id='word_1_238' title='bbox 2162 3925 2436 3991; x_wconf 89' lang='lat' dir='ltr'>ecclesie</span> <span class='ocrx_word' id='word_1_239' title='bbox 2483 3927 3029 4010; x_wconf 85' lang='lat' dir='ltr'>vicecancellarii,</span> <span class='ocrx_word' id='word_1_240' title='bbox 3086 3927 3258 3994; x_wconf 87' lang='lat' dir='ltr'>XVI</span> <span class='ocrx_word' id='word_1_241' title='bbox 3302 3928 3414 3993; x_wconf 80' lang='lat' dir='ltr'>m.</span> <span class='ocrx_word' id='word_1_242' title='bbox 3465 3928 3628 4012; x_wconf 84' lang='lat' dir='ltr'>Sep-</span> 
     </span>
     <span class='ocr_line' id='line_1_25' title="bbox 570 4032 3631 4121; baseline 0 -22"><span class='ocrx_word' id='word_1_243' title='bbox 570 4035 871 4118; x_wconf 86' lang='lat' dir='ltr'>tembris,</span> <span class='ocrx_word' id='word_1_244' title='bbox 936 4034 1422 4099; x_wconf 87' lang='lat' dir='ltr'>Incarnacionis</span> <span class='ocrx_word' id='word_1_245' title='bbox 1469 4033 1793 4097; x_wconf 90' lang='lat' dir='ltr'>dominice</span> <span class='ocrx_word' id='word_1_246' title='bbox 1842 4053 2015 4098; x_wconf 90' lang='lat' dir='ltr'>anno</span> <span class='ocrx_word' id='word_1_247' title='bbox 2060 4032 2467 4116; x_wconf 79' lang='lat' dir='ltr'>MOOXLV,</span> <span class='ocrx_word' id='word_1_248' title='bbox 2515 4032 2874 4098; x_wconf 89' lang='lat' dir='ltr'>indictione</span> <span class='ocrx_word' id='word_1_249' title='bbox 2920 4033 3062 4116; x_wconf 91' lang='lat' dir='ltr'>III,</span> <span class='ocrx_word' id='word_1_250' title='bbox 3098 4034 3149 4119; x_wconf 89' lang='lat'>1)</span> <span class='ocrx_word' id='word_1_251' title='bbox 3209 4034 3631 4121; x_wconf 86' lang='lat' dir='ltr'>pontificatus</span> 
     </span>
     <span class='ocr_line' id='line_1_26' title="bbox 563 4139 2341 4227; baseline -0.002 -20"><span class='ocrx_word' id='word_1_252' title='bbox 563 4162 719 4208; x_wconf 80' lang='lat' dir='ltr'>vero</span> <span class='ocrx_word' id='word_1_253' title='bbox 768 4140 1012 4206; x_wconf 91' lang='lat' dir='ltr'>domini</span> <span class='ocrx_word' id='word_1_254' title='bbox 1059 4140 1440 4206; x_wconf 87' lang='lat' dir='ltr'>Innocencii</span> <span class='ocrx_word' id='word_1_255' title='bbox 1486 4160 1655 4227; x_wconf 89' lang='lat' dir='ltr'>pape</span> <span class='ocrx_word' id='word_1_256' title='bbox 1704 4139 1847 4204; x_wconf 91' lang='lat' dir='ltr'>IIII</span> <span class='ocrx_word' id='word_1_257' title='bbox 1892 4160 2065 4204; x_wconf 89' lang='lat' dir='ltr'>anno</span> <span class='ocrx_word' id='word_1_258' title='bbox 2114 4139 2341 4204; x_wconf 79' lang='lat' dir='ltr'>tercio,</span> 
     </span>
    </p>
   </div>
   <div class='ocr_carea' id='block_1_7' title="bbox 902 4272 3644 4590">
    <p class='ocr_par' dir='ltr' id='par_1_8' title="bbox 978 4272 3442 4339">
     <span class='ocr_line' id='line_1_27' title="bbox 978 4272 3442 4339; baseline 0.001 -16"><span class='ocrx_word' id='word_1_259' title='bbox 978 4275 1343 4339; x_wconf 66' lang='lat' dir='ltr'>Apoqrapham</span> <span class='ocrx_word' id='word_1_260' title='bbox 1373 4290 1501 4325; x_wconf 73' lang='lat' dir='ltr'>saec.</span> <span class='ocrx_word' id='word_1_261' title='bbox 1536 4274 1598 4323; x_wconf 84' lang='lat' dir='ltr'><em>X</em></span> <span class='ocrx_word' id='word_1_262' title='bbox 1606 4274 1649 4321; x_wconf 71' lang='lat' dir='ltr'><em>V</em></span> <span class='ocrx_word' id='word_1_263' title='bbox 1683 4273 1738 4324; x_wconf 78' lang='lat' dir='ltr'>in</span> <span class='ocrx_word' id='word_1_264' title='bbox 1772 4272 1976 4324; x_wconf 74' lang='lat' dir='ltr'>archivo</span> <span class='ocrx_word' id='word_1_265' title='bbox 2000 4289 2146 4339; x_wconf 79' lang='lat' dir='ltr'>prov.</span> <span class='ocrx_word' id='word_1_266' title='bbox 2184 4272 2418 4335; x_wconf 67' lang='lat' dir='ltr'>Fris-iae,</span> <span class='ocrx_word' id='word_1_267' title='bbox 2453 4272 2673 4322; x_wconf 71' lang='lat' dir='ltr'>chartul.</span> <span class='ocrx_word' id='word_1_268' title='bbox 2699 4273 2947 4338; x_wconf 75' lang='lat' dir='ltr'>praefati</span> <span class='ocrx_word' id='word_1_269' title='bbox 2980 4273 3278 4324; x_wconf 75' lang='lat' dir='ltr'>monasterii</span> <span class='ocrx_word' id='word_1_270' title='bbox 3299 4291 3358 4339; x_wconf 75' lang='lat' dir='ltr'>p.</span> <span class='ocrx_word' id='word_1_271' title='bbox 3393 4275 3442 4326; x_wconf 89' lang='lat'>5.</span> 
     </span>
    </p>

    <p class='ocr_par' dir='ltr' id='par_1_9' title="bbox 902 4354 3644 4590">
     <span class='ocr_line' id='line_1_28' title="bbox 986 4354 3644 4424; baseline -0 -16"><span class='ocrx_word' id='word_1_272' title='bbox 986 4358 1213 4423; x_wconf 76' lang='lat' dir='ltr'>Golmjon</span> <span class='ocrx_word' id='word_1_273' title='bbox 1257 4358 1491 4421; x_wconf 62' lang='lat' dir='ltr'>Register</span> <span class='ocrx_word' id='word_1_274' title='bbox 1536 4357 1597 4406; x_wconf 59' lang='grc' dir='ltr'>πθ</span> <span class='ocrx_word' id='word_1_275' title='bbox 1633 4357 1748 4419; x_wconf 81' lang='lat'>71*‚</span> <span class='ocrx_word' id='word_1_276' title='bbox 1796 4357 1887 4407; x_wconf 88' lang='lat' dir='ltr'>ubi</span> <span class='ocrx_word' id='word_1_277' title='bbox 1923 4371 2199 4421; x_wconf 82' lang='lat' dir='ltr'>perperam</span> <span class='ocrx_word' id='word_1_278' title='bbox 2234 4356 2335 4407; x_wconf 87' lang='lat' dir='ltr'>sub</span> <span class='ocrx_word' id='word_1_279' title='bbox 2370 4357 2454 4406; x_wconf 85' lang='lat' dir='ltr'>die</span> <span class='ocrx_word' id='word_1_280' title='bbox 2485 4354 2554 4405; x_wconf 81' lang='lat'>16</span> <span class='ocrx_word' id='word_1_281' title='bbox 2589 4355 2749 4422; x_wconf 79' lang='lat' dir='ltr'>Aug.;</span> <span class='ocrx_word' id='word_1_282' title='bbox 2788 4357 3141 4424; x_wconf 67' lang='lat' dir='ltr'>fragmentum</span> <span class='ocrx_word' id='word_1_283' title='bbox 3174 4358 3490 4409; x_wconf 75' lang='lat' dir='ltr'>neerlandioe</span> <span class='ocrx_word' id='word_1_284' title='bbox 3521 4359 3644 4407; x_wconf 80' lang='lat' dir='ltr'>red-</span> 
     </span>
     <span class='ocr_line' id='line_1_29' title="bbox 914 4439 3637 4506; baseline 0.001 -15"><span class='ocrx_word' id='word_1_285' title='bbox 914 4442 1075 4491; x_wconf 66' lang='lat' dir='ltr'>dituu-</span> <span class='ocrx_word' id='word_1_286' title='bbox 1116 4440 1309 4491; x_wconf 71' lang='lat' dir='ltr'>exhibet</span> <span class='ocrx_word' id='word_1_287' title='bbox 1354 4441 1680 4491; x_wconf 74' lang='lat' dir='ltr'>Proebiarius</span> <span class='ocrx_word' id='word_1_288' title='bbox 1726 4442 1796 4505; x_wconf 83' lang='lat' dir='ltr'>os</span> <span class='ocrx_word' id='word_1_289' title='bbox 1832 4440 2115 4503; x_wconf 81' lang='lat' dir='ltr'>Strijdboek</span> <span class='ocrx_word' id='word_1_290' title='bbox 2147 4441 2451 4506; x_wconf 78' lang='lat' dir='ltr'>betreffende</span> <span class='ocrx_word' id='word_1_291' title='bbox 2485 4440 2546 4490; x_wconf 81' lang='lat' dir='ltr'>de</span> <span class='ocrx_word' id='word_1_292' title='bbox 2564 4441 2774 4506; x_wconf 71' lang='lat' dir='ltr'>jonyste</span> <span class='ocrx_word' id='word_1_293' title='bbox 2807 4439 3040 4503; x_wconf 67' lang='lat' dir='ltr'>oorloqon</span> <span class='ocrx_word' id='word_1_294' title='bbox 3071 4441 3126 4490; x_wconf 76' lang='lat' dir='ltr'>in</span> <span class='ocrx_word' id='word_1_295' title='bbox 3159 4441 3436 4492; x_wconf 72' lang='lat' dir='ltr'>Friesland</span> <span class='ocrx_word' id='word_1_296' title='bbox 3465 4443 3521 4493; x_wconf 76' lang='lat' dir='ltr'>in</span> <span class='ocrx_word' id='word_1_297' title='bbox 3553 4444 3637 4492; x_wconf 70' lang='lat' dir='ltr'>laet</span> 
     </span>
     <span class='ocr_line' id='line_1_30' title="bbox 902 4522 2024 4590; baseline 0 -16"><span class='ocrx_word' id='word_1_298' title='bbox 902 4527 1038 4589; x_wconf 65' lang='lat' dir='ltr'>jaan·</span> <span class='ocrx_word' id='word_1_299' title='bbox 1069 4522 1202 4574; x_wconf 88' lang='grc'>1518</span> <span class='ocrx_word' id='word_1_300' title='bbox 1238 4523 1599 4587; x_wconf 66' lang='lat' dir='ltr'>(Leman-den</span> <span class='ocrx_word' id='word_1_301' title='bbox 1630 4523 1786 4590; x_wconf 86' lang='grc'>1855)</span> <span class='ocrx_word' id='word_1_302' title='bbox 1814 4541 1873 4589; x_wconf 78' lang='lat' dir='ltr'>p.</span> <span class='ocrx_word' id='word_1_303' title='bbox 1908 4523 2024 4575; x_wconf 89' lang='grc'>178.</span> 
     </span>
    </p>
   </div>
   <div class='ocr_carea' id='block_1_8' title="bbox 721 4668 3162 4738">
    <p class='ocr_par' dir='ltr' id='par_1_10' title="bbox 721 4668 3162 4738">
     <span class='ocr_line' id='line_1_31' title="bbox 721 4668 3162 4738; baseline -0 -16"><span class='ocrx_word' id='word_1_304' title='bbox 721 4672 776 4738; x_wconf 87' lang='grc'>1)</span> <span class='ocrx_word' id='word_1_305' title='bbox 812 4670 1072 4722; x_wconf 82' lang='lat' dir='ltr'>Vlieland.</span> <span class='ocrx_word' id='word_1_306' title='bbox 1276 4670 1332 4735; x_wconf 77' lang='lat'>2)</span> <span class='ocrx_word' id='word_1_307' title='bbox 1368 4670 1768 4735; x_wconf 84' lang='lat' dir='ltr'>Scherpenzeel.</span> <span class='ocrx_word' id='word_1_308' title='bbox 1967 4670 2023 4735; x_wconf 83' lang='lat'>3)</span> <span class='ocrx_word' id='word_1_309' title='bbox 2058 4669 2369 4721; x_wconf 72' lang='lat' dir='ltr'>Weerselo‘l</span> <span class='ocrx_word' id='word_1_310' title='bbox 2570 4668 2625 4733; x_wconf 80' lang='lat'>4)</span> <span class='ocrx_word' id='word_1_311' title='bbox 2661 4668 2829 4721; x_wconf 81' lang='lat' dir='ltr'>Codex</span> <span class='ocrx_word' id='word_1_312' title='bbox 2865 4670 3048 4720; x_wconf 81' lang='lat' dir='ltr'>habet:</span> <span class='ocrx_word' id='word_1_313' title='bbox 3087 4671 3162 4721; x_wconf 86' lang='lat' dir='ltr'>in.</span> 
     </span>
    </p>
   </div>
   <div class='ocr_carea' id='block_1_9' title="bbox 569 5090 2641 5177">
    <p class='ocr_par' dir='ltr' id='par_1_11' title="bbox 569 5090 2641 5177">
     <span class='ocr_line' id='line_1_32' title="bbox 569 5090 2641 5177; baseline 0 -21"><span class='ocrx_word' id='word_1_314' title='bbox 569 5090 763 5159; x_wconf 78' lang='lat'><strong><em>2275.</em></strong></span> <span class='ocrx_word' id='word_1_315' title='bbox 812 5090 1065 5170; x_wconf 67' lang='lat' dir='ltr'>(mutor)</span> <span class='ocrx_word' id='word_1_316' title='bbox 1563 5093 1771 5175; x_wconf 80' lang='lat'><strong><em>1245,</em></strong></span> <span class='ocrx_word' id='word_1_317' title='bbox 1819 5093 2101 5177; x_wconf 75' lang='lat' dir='ltr'>Anqusti</span> <span class='ocrx_word' id='word_1_318' title='bbox 2145 5093 2267 5175; x_wconf 84' lang='lat'>20,</span> <span class='ocrx_word' id='word_1_319' title='bbox 2312 5090 2641 5177; x_wconf 74' lang='lat' dir='ltr'>Luqduni.</span> 
     </span>
    </p>
   </div>
   <div class='ocr_carea' id='block_1_10' title="bbox 792 5241 3632 5543">
    <p class='ocr_par' dir='ltr' id='par_1_12' title="bbox 792 5241 3632 5543">
     <span class='ocr_line' id='line_1_33' title="bbox 880 5241 3632 5330; baseline 0.001 -22"><span class='ocrx_word' id='word_1_320' title='bbox 880 5244 1115 5308; x_wconf 80' lang='lat' dir='ltr'>Abbati</span> <span class='ocrx_word' id='word_1_321' title='bbox 1173 5251 1232 5308; x_wconf 89' lang='lat' dir='ltr'>et</span> <span class='ocrx_word' id='word_1_322' title='bbox 1290 5246 1617 5309; x_wconf 83' lang='lat' dir='ltr'>conventui</span> <span class='ocrx_word' id='word_1_323' title='bbox 1674 5246 2043 5309; x_wconf 85' lang='lat' dir='ltr'>monasterii</span> <span class='ocrx_word' id='word_1_324' title='bbox 2103 5241 2172 5307; x_wconf 87' lang='lat' dir='ltr'>S.</span> <span class='ocrx_word' id='word_1_325' title='bbox 2235 5241 2523 5327; x_wconf 77' lang='lat' dir='ltr'>odulphi</span> <span class='ocrx_word' id='word_1_326' title='bbox 2573 5245 2644 5308; x_wconf 87' lang='lat' dir='ltr'>in</span> <span class='ocrx_word' id='word_1_327' title='bbox 2689 5241 2958 5307; x_wconf 83' lang='lat' dir='ltr'>Stauria</span> <span class='ocrx_word' id='word_1_328' title='bbox 3003 5243 3394 5328; x_wconf 80' lang='lat' dir='ltr'>conceditur,</span> <span class='ocrx_word' id='word_1_329' title='bbox 3459 5245 3632 5330; x_wconf 77' lang='lat' dir='ltr'>quod</span> 
     </span>
     <span class='ocr_line' id='line_1_34' title="bbox 794 5348 3628 5436; baseline 0.001 -23"><span class='ocrx_word' id='word_1_330' title='bbox 794 5369 999 5414; x_wconf 87' lang='lat' dir='ltr'>omnes</span> <span class='ocrx_word' id='word_1_331' title='bbox 1067 5370 1205 5415; x_wconf 86' lang='lat' dir='ltr'>vere</span> <span class='ocrx_word' id='word_1_332' title='bbox 1258 5354 1647 5436; x_wconf 81' lang='lat' dir='ltr'>poenitentes</span> <span class='ocrx_word' id='word_1_333' title='bbox 1706 5359 1765 5414; x_wconf 88' lang='lat' dir='ltr'>et</span> <span class='ocrx_word' id='word_1_334' title='bbox 1825 5349 2130 5433; x_wconf 79' lang='lat' dir='ltr'>confessi,</span> <span class='ocrx_word' id='word_1_335' title='bbox 2195 5354 2310 5435; x_wconf 80' lang='lat' dir='ltr'>qui</span> <span class='ocrx_word' id='word_1_336' title='bbox 2352 5351 2667 5415; x_wconf 82' lang='lat' dir='ltr'>ecclesiam</span> <span class='ocrx_word' id='word_1_337' title='bbox 2712 5350 2766 5414; x_wconf 91' lang='lat' dir='ltr'>b.</span> <span class='ocrx_word' id='word_1_338' title='bbox 2818 5348 3104 5434; x_wconf 76' lang='lat' dir='ltr'>odulphi</span> <span class='ocrx_word' id='word_1_339' title='bbox 3146 5351 3375 5415; x_wconf 84' lang='lat' dir='ltr'>ibidem</span> <span class='ocrx_word' id='word_1_340' title='bbox 3419 5350 3628 5417; x_wconf 82' lang='lat' dir='ltr'>devote</span> 
     </span>
     <span class='ocr_line' id='line_1_35' title="bbox 792 5457 3086 5543; baseline 0 -23"><span class='ocrx_word' id='word_1_341' title='bbox 792 5458 1213 5540; x_wconf 81' lang='lat' dir='ltr'>visitaverint,</span> <span class='ocrx_word' id='word_1_342' title='bbox 1260 5457 1719 5542; x_wconf 61' lang='lat' dir='ltr'>indulgentiam</span> <span class='ocrx_word' id='word_1_343' title='bbox 1765 5458 1854 5520; x_wconf 75' lang='lat'>40</span> <span class='ocrx_word' id='word_1_344' title='bbox 1899 5457 2145 5521; x_wconf 81' lang='lat' dir='ltr'>dierum</span> <span class='ocrx_word' id='word_1_345' title='bbox 2188 5458 2462 5543; x_wconf 73' lang='lat' dir='ltr'>sinyulis</span> <span class='ocrx_word' id='word_1_346' title='bbox 2506 5458 2693 5521; x_wconf 83' lang='lat' dir='ltr'>annis</span> <span class='ocrx_word' id='word_1_347' title='bbox 2742 5458 3086 5521; x_wconf 81' lang='lat' dir='ltr'>lucrentur.</span> 
     </span>
    </p>
   </div>
   <div class='ocr_carea' id='block_1_11' title="bbox 792 5638 3627 5727">
    <p class='ocr_par' dir='ltr' id='par_1_13' title="bbox 792 5638 3627 5727">
     <span class='ocr_line' id='line_1_36' title="bbox 792 5638 3627 5727; baseline 0 -22"><span class='ocrx_word' id='word_1_348' title='bbox 792 5639 1227 5706; x_wconf 88' lang='lat' dir='ltr'>Innocencius</span> <span class='ocrx_word' id='word_1_349' title='bbox 1285 5641 1665 5727; x_wconf 88' lang='lat' dir='ltr'>episcopus,</span> <span class='ocrx_word' id='word_1_350' title='bbox 1729 5661 1954 5706; x_wconf 80' lang='lat' dir='ltr'>servus</span> <span class='ocrx_word' id='word_1_351' title='bbox 2000 5661 2335 5706; x_wconf 85' lang='lat' dir='ltr'>servorum</span> <span class='ocrx_word' id='word_1_352' title='bbox 2380 5639 2544 5723; x_wconf 91' lang='lat' dir='ltr'>Dei,</span> <span class='ocrx_word' id='word_1_353' title='bbox 2593 5638 2847 5706; x_wconf 88' lang='lat' dir='ltr'>dilectis</span> <span class='ocrx_word' id='word_1_354' title='bbox 2894 5640 3045 5705; x_wconf 91' lang='lat' dir='ltr'>filiis</span> <span class='ocrx_word' id='word_1_355' title='bbox 3091 5640 3314 5706; x_wconf 88' lang='lat' dir='ltr'>abbati</span> <span class='ocrx_word' id='word_1_356' title='bbox 3362 5646 3430 5706; x_wconf 92' lang='lat' dir='ltr'>et</span> <span class='ocrx_word' id='word_1_357' title='bbox 3475 5661 3627 5706; x_wconf 89' lang='lat' dir='ltr'>con-</span> 
     </span>
    </p>
   </div>
  </div>
 </body>
</html>
