4450 6684
900 530 1032 596 234
2138 530 2544 596 Ganaonms
2604 530 2728 597 XL

899 752 1285 819 contrahere
1331 751 1537 816 libere
1586 750 1892 833 valeatis,
1942 752 2338 817 auctoritate
2375 752 2756 839 dispensare
2789 751 2872 818 de
2905 753 3317 839 benignitate
3351 755 3712 842 apostolica
3742 752 3972 840 digna-

898 880 1146 942 remur,
1193 863 1530 945 gratanter
1577 862 1647 922 et
1691 856 1946 944 placide
1996 859 2258 924 noveris
2292 880 2409 924 nos
2441 859 2798 944 recepisse;
2832 858 2914 925 ad
2949 881 3224 946 quarum
3260 861 3736 927 continentiam
3767 861 3968 926 subli-

898 964 1115 1031 mitati
1162 970 1274 1029 tue
1322 963 1445 1028 sub
1494 963 1880 1049 compendio
1930 964 2441 1051 respondentes,
2495 967 2660 1030 scire
2708 972 2776 1031 te
2824 967 3153 1049 volumus,
3202 966 3379 1054 quod
3424 967 3583 1033 licet
3627 967 3964 1054 cupiamus

902 1077 1158 1138 attente
1206 1092 1281 1136 ac
1330 1091 1588 1157 semper
1632 1071 2031 1135 voluerimus
2079 1076 2149 1136 et
2194 1072 2472 1136 velimus
2522 1072 2792 1137 sinceris
2840 1072 3053 1137 cordis
3100 1073 3443 1139 affectibus
3492 1075 3622 1138 tuis
3665 1078 3735 1138 et
3772 1073 3972 1160 ipsius

901 1180 1087 1246 ducis
1155 1178 1363 1260 votis,
1435 1185 1753 1264 quantum
1816 1199 1964 1242 cum
2029 1178 2173 1243 Deo
2237 1179 2632 1265 poterimus,
2700 1200 2990 1245 annuere
3038 1179 3485 1246 favorabiliter
3533 1187 3600 1246 et
3647 1181 3970 1266 benigne,

905 1292 1129 1352 tamen
1191 1285 1378 1371 quia,
1426 1284 1595 1348 sicut
1639 1285 2055 1367 majestatem
2105 1292 2286 1350 tuam
2333 1284 2658 1350 credimus
2707 1307 2839 1351 non
2886 1286 3128 1369 latere,
3179 1286 3369 1352 sedes
3416 1288 3778 1373 apostolica
3822 1308 3964 1352 cum

903 1393 1201 1482 personis
1248 1392 1318 1455 in
1365 1391 1606 1456 talibus
1653 1390 1964 1476 gradibus
2013 1392 2136 1456 sibi
2186 1392 2627 1458 attinentibus
2675 1394 2923 1481 absque
2972 1394 3475 1460 rationabilibus
3523 1396 3734 1461 causis
3776 1416 3968 1482 super

904 1497 1371 1565 contrahendis
1417 1498 1590 1563 inter
1639 1519 1708 1563 se
1756 1498 2188 1563 matrimoniis
2237 1498 2617 1585 dispensare
2665 1501 3043 1566 nullatenus
3091 1502 3464 1584 consuevit,
3515 1508 3583 1566 et
3617 1502 3770 1588 quia
3800 1503 3970 1567 inter

902 1605 1309 1671 carissimum
1354 1604 1424 1668 in
1474 1603 1733 1668 Christo
1777 1604 1980 1669 filium
2027 1611 2325 1669 nostrum
2357 1605 2825 1670 Wenceslaum
2857 1627 3080 1692 regem
3111 1607 3383 1673 Boemie
3416 1607 3741 1673 illustrem
3772 1608 3975 1673 filium

907 1717 1093 1776 tuum
1138 1717 1205 1775 et
1238 1711 1543 1775 dilectam
1576 1711 1644 1775 in
1679 1709 1939 1774 Christo
1973 1710 2172 1774 filiam
2205 1710 2471 1775 Annam
2505 1711 2710 1798 ipsius
2744 1711 2928 1777 ducis
2961 1719 3151 1776 natos
3184 1718 3591 1778 contractum
3623 1719 3726 1778 est
3758 1713 3974 1778 matri·

899 1819 1193 1884 monium
1255 1821 1324 1881 et
1388 1815 1586 1880 etiam
1635 1822 2194 1898 consummatum,
2255 1822 2523 1903 propter
2569 1816 2744 1903 quod
2793 1818 2969 1882 inter
3016 1823 3083 1882 te
3131 1825 3199 1883 et
3244 1818 3461 1904 ipsum
3508 1818 3744 1884 ducem
3789 1819 3969 1883 nulla

902 1930 1006 1991 est
1053 1923 1398 2005 dissentio,
1450 1941 1682 1986 rancor
1730 1921 1834 1985 vel
1884 1919 2139 2004 odium,
2188 1942 2309 1986 nec
2349 1930 2696 2008 sperantur
2727 1923 3167 1988 verisimiliter
3198 1925 3518 2007 exhoriri,
3564 1925 3971 2010 quinymmo,

906 2032 1077 2096 sicut
1125 2028 1516 2094 testimoniis
1563 2026 1912 2112 fidedignis
1961 2028 2361 2114 accepimus,
2411 2028 2585 2094 inter
2635 2035 2700 2093 te
2750 2036 2818 2094 et
2863 2030 3012 2094 illos
3061 2028 3324 2095 dilectio
3373 2037 3443 2095 et
3490 2030 3777 2096 amicitia
3816 2030 3975 2094 cari-

908 2140 1196 2224 tatisque
1258 2137 1475 2200 fervor
1538 2135 1759 2220 vigere
1809 2140 2198 2214 noscuntur,
2250 2141 2318 2199 et
2364 2135 2597 2215 etiam,
2650 2137 2806 2222 quia
2851 2136 3126 2201 forsitan
3173 2136 3410 2222 prefati
3459 2136 3779 2218 infantes,
3830 2158 3975 2202 cum

906 2245 986 2311 ad
1060 2264 1268 2309 annos
1329 2241 1739 2306 discretionis
1802 2241 2253 2327 pervenerint,
2317 2241 2692 2325 hujusmodi
2758 2242 3172 2307 matrimonio
3230 2243 3458 2307 volent
3515 2242 3781 2307 minime
3829 2263 3978 2307 con-

909 2351 1189 2430 sentire,
1263 2370 1383 2414 nec
1431 2346 1713 2412 vidimus
1761 2347 2219 2411 necessitatem
2269 2347 2375 2411 vel
2422 2347 2786 2433 periculum
2833 2354 3101 2435 propter
3148 2348 3271 2413 hoc
3316 2349 3689 2432 imminere,
3738 2349 3979 2435 suppli-

919 2458 1243 2522 cationem
1307 2462 1486 2520 tuam
1534 2453 1910 2537 hujusmodi
1959 2474 2092 2517 non
2141 2452 2489 2535 duximus,
2547 2459 2744 2541 prout
2791 2455 2971 2519 salva
3017 2456 3419 2520 conscientia
3465 2476 3600 2520 non
3645 2456 3975 2542 potuimus

912 2564 1163 2645 facere,
1214 2560 1707 2627 admittendam.
1801 2559 1889 2624 Et
1933 2559 2114 2642 ideo,
2163 2559 2257 2624 fili
2306 2559 2668 2643 carissime,
2718 2561 3272 2645 magnificentiam
3321 2567 3503 2626 tuam
3543 2563 3872 2626 instanter
3913 2566 3980 2625 et

908 2669 1265 2734 affectuose
1333 2687 1674 2751 rogamus,
1734 2666 2043 2752 quatinus
2091 2665 2215 2730 hoc
2266 2673 2378 2730 tue
2425 2666 2633 2730 menti
2680 2673 2749 2731 et
2797 2667 3012 2732 animo
3060 2667 3426 2732 molestiam
3473 2674 3587 2733 aut
3636 2666 3981 2753 displicen-

920 2775 1082 2840 tiam
1131 2795 1263 2838 non
1307 2776 1594 2859 ingerat,
1645 2771 1759 2837 sed
1807 2793 1926 2836 nos
1974 2770 2057 2837 de
2108 2771 2236 2836 hiis
2281 2772 2443 2837 velit
2492 2772 2734 2838 habere
2781 2773 2925 2859 ipsa
2971 2773 3335 2838 sublimitas
3385 2779 3755 2839 excusatos.
3827 2773 3978 2838 Dat.

914 2879 1280 2961 Avinione,
1329 2878 1392 2942 V
1436 2876 1538 2942 Id.
1588 2877 1924 2962 Januarii,
1974 2899 2146 2943 anno
2196 2878 2413 2942 tertio.

1326 3013 1547 3076 ,Περαία
1592 3012 1847 3062 Vaticana
1891 3015 1947 3062 T.
1982 3011 2082 3062 969
2129 3015 2190 3078 s.
2226 3012 2341 3064 323.

906 3461 1095 3530 2119.
1874 3464 2086 3546 1373,
2134 3463 2453 3529 Januarii
2496 3466 2615 3548 12,
2662 3466 3026 3530 Aveniom's.

1222 3616 1540 3702 Mayistro
1589 3617 1858 3681 Roberto
1906 3617 1982 3681 de
2033 3617 2349 3682 Stratton.
2369 3664 2387 3700 ,
2435 3638 2774 3683 causarum
2809 3620 3055 3704 palatii
3099 3619 3432 3704 apostolici
3475 3617 3761 3683 auditori
3805 3637 3980 3682 man-

1127 3723 1357 3806 datur,
1427 3731 1500 3788 ut
1577 3723 1916 3788 Wilhelmo
1990 3723 2066 3787 de
2135 3723 2296 3808 Zyle
2365 3726 2660 3790 canonico
2738 3724 2956 3808 Traj.,
3028 3725 3352 3790 Johannis
3414 3723 3482 3789 S.
3532 3723 3599 3788 S.
3664 3723 3865 3788 Nerei
3922 3729 3979 3788 et

1128 3828 1411 3894 Achillei
1442 3829 1805 3916 presbyteri
1854 3828 2230 3893 Cardinalis
2276 3830 2636 3914 capellano,
2686 3831 2800 3915 qui
2845 3851 2987 3895 cum
3027 3831 3302 3916 Huyone
3355 3830 3646 3895 Wustinc
3683 3831 3976 3894 canonico

1139 3934 1320 4018 Traj.
1379 3956 1573 4020 super
1616 3936 2077 4020 praepositura
2125 3933 2406 3999 E'Lstensi
2437 3957 2564 4020 per
2608 3935 2844 4001 obitum
2900 3936 3223 4002 Thiderici
3281 3937 3515 4002 Vresen
3559 3942 3823 4001 vacante
3866 3935 3978 4000 diu

1132 4044 1202 4106 in
1246 4044 1429 4107 curia
1479 4043 1754 4126 litiyavit
1775 4090 1792 4124 ,
1840 4040 2099 4105 eandem
2133 4044 2659 4126 praeposituram
2705 4043 2993 4126 conferre
3037 4051 3097 4108 et
3140 4045 3471 4129 assiqnare
3515 4050 3712 4107 curet.

1135 4227 1538 4294 Litterarum
1587 4226 1881 4292 scientia.
1908 4271 1926 4290 .
1957 4273 1973 4289 .
2007 4274 2023 4290 .
2070 4225 2224 4290 Dat.
2274 4225 2642 4307 Avinione,
2689 4223 2762 4290 H
2806 4223 2905 4289 Id.
2954 4224 3295 4307 Januarii,
3343 4245 3515 4289 anno
3565 4222 3782 4289 tertio.

1326 4359 1451 4423 Ray.
1487 4361 1582 4409 Aa.
1630 4361 1686 4410 r.
1721 4357 1814 4422 18,
1836 4360 1892 4424 s.
1928 4356 2067 4409 3780.

2129 4586 2322 4593 --.-—-—-—
2337 4586 2540 4592 ——.—.—-
2577 4586 2714 4592 ῳ-

909 4794 1109 4862 2120.
1859 4795 2072 4874 1373,
2118 4791 2439 4856 Januarii
2482 4791 2601 4872 13,
2647 4790 3014 4855 Avenionis.

1227 4948 1519 5014 ‚Iohanni
1572 4947 1651 5012 de
1694 4945 2105 5013 Dorenborch
2130 4946 2184 5028 l)
2230 4943 2695 5027 confirmantur
2739 4948 3145 5011 canonicatus
3189 4953 3251 5011 et
3282 4945 3652 5031 praebenda
3696 4947 3978 5011 ecclesiae

1137 5055 1204 5120 S.
1284 5055 1656 5141 Walburqis
1723 5054 2216 5136 Arnhemensis,
2289 5071 2487 5137 quas,
2558 5073 2699 5116 cum
2754 5073 2879 5137 per
2941 5052 3176 5118 obitum
3234 5052 3494 5119 Gerlaci
3535 5052 3614 5118 de
3659 5050 3981 5117 Hembaah

1136 5170 1465 5246 vacarent,
1513 5164 1724 5248 viyore
1764 5162 2021 5247 qratiae
2065 5159 2520 5244 exspectativae
2565 5179 2607 5223 a
2650 5158 2791 5224 seda
2831 5162 3180 5246 apostolica
3208 5162 3585 5245 impetratae
3613 5162 3976 5246 acceptavit.

1135 5342 1525 5410 Laudabilia
1571 5343 1938 5430 probitatis.
1967 5388 1983 5405 .
2013 5387 2031 5406 .
2059 5388 2075 5405 .
2124 5340 2279 5405 Dat.
2328 5336 2691 5423 Avinione,
2738 5337 2839 5404 Id.
2888 5339 3218 5425 Januarii,
3270 5362 3444 5407 anno
3493 5341 3710 5407 tertio.

1327 5478 1454 5541 1209.
1488 5480 1587 5530 Ao.
1628 5473 1690 5528 T.
1724 5475 1814 5540 19,
1840 5478 1904 5542 s.
1937 5474 2053 5525 272.

1063 5618 1121 5684 1)
1154 5620 1539 5687 Doornenburg
1574 5621 1631 5670 in
1667 5619 1856 5671 Gelria.
