4450 6684
838 461 921 523 78
2063 461 2322 526 Innocua
2332 479 2523 528 mus
2568 463 2689 527 VI.

837 684 1136 769 dyocesis
1197 691 1532 751 asserente
1595 706 1665 751 se
1728 707 1768 750 a
1828 685 2110 773 quodam
2172 686 2337 770 alio,
2388 709 2585 774 quem
2632 687 2839 775 ipsius
2888 689 3311 776 parrochialis
3359 692 3633 758 ecclesie
3681 714 3912 760 verum

837 798 1184 879 patronum
1258 813 1402 858 esse
1471 792 1636 858 falso
1706 793 2180 880 pretendebat,
2256 793 2469 862 eidem
2542 796 2803 861 officiali
2868 798 3170 863 similiter
3227 805 3717 884 presentatum,
3767 810 3914 867 orta

833 906 1184 986 propterea
1228 900 1405 966 inter
1451 900 1719 966 eosdem
1767 901 2082 967 Ottonem
2131 909 2199 967 et
2246 903 2675 969 Lambertum
2724 925 2943 970 coram
2989 905 3222 971 eodem
3256 907 3548 990 officiali,
3598 906 3682 973 ad
3715 930 3911 995 quem

833 1007 1121 1092 cognitio
1161 1028 1534 1092 causarum,
1584 1029 1713 1095 que
1745 1029 1946 1095 super
1975 1010 2579 1095 presentationibus
2609 1010 2695 1077 ad
2728 1011 2970 1077 dictam
3006 1013 3348 1079 ecclesiam
3380 1015 3571 1080 factis
3604 1017 3904 1081 oriuntur

833 1134 952 1200 pro
1000 1121 1324 1202 tempore,
1374 1113 1458 1181 de
1506 1116 1700 1179 simili
1748 1114 2226 1182 consuetudine
2266 1117 2587 1203 pertinet,
2637 1140 2834 1205 super
2867 1118 3045 1185 dicta
3078 1121 3357 1187 ecclesia
3390 1122 3730 1189 occasione
3763 1145 3908 1210 pre·

833 1223 1222 1288 sentationis
1268 1221 1646 1306 hujusmodi
1692 1224 1967 1288 materia
2011 1224 2377 1309 questionis
2423 1230 2494 1290 et
2540 1232 2823 1313 utroque
2870 1228 3161 1314 ipsorum
3208 1235 3482 1316 petente
3522 1229 3785 1297 decerni
3833 1236 3903 1296 et

829 1327 1146 1394 declarari
1195 1330 1754 1416 presentationem
1802 1327 1885 1394 de
1933 1350 2012 1394 eo
2052 1330 2292 1396 factam
2334 1330 2416 1396 ad
2460 1334 2781 1418 prefatam
2814 1334 3290 1420 parrochialem
3324 1337 3667 1402 ecclesiam
3698 1338 3899 1403 fuisse

832 1444 899 1501 et
965 1458 1108 1501 esse
1166 1437 1546 1502 canonicam
1595 1443 1662 1501 et
1711 1458 1902 1502 suum
1952 1436 2260 1503 effectum
2309 1437 2608 1505 debitum
2657 1442 2874 1505 sortiri
2922 1440 3167 1507 debere
3215 1463 3418 1529 seque
3463 1442 3534 1508 in
3583 1449 3901 1509 rectorem

828 1543 1003 1608 dicte
1050 1543 1326 1608 ecclesie
1371 1543 1854 1608 instituendum
1901 1544 2040 1608 fore
2089 1550 2158 1608 et
2204 1544 2462 1610 institui
2512 1546 2581 1611 in
2628 1548 2834 1632 ipsius
2882 1548 3158 1613 ecclesie
3205 1550 3612 1634 corporalem
3648 1571 3901 1637 posses·

827 1650 1078 1714 sionem
1144 1656 1213 1715 et
1273 1647 1722 1714 inducendum
1785 1649 1927 1714 fore
1992 1670 2068 1713 ac
2127 1648 2353 1715 induci
2412 1657 2481 1716 et
2536 1653 2709 1738 parti
2775 1653 2965 1718 alteri
3023 1654 3277 1719 nullum
3317 1656 3430 1740 jus
3476 1657 3898 1743 compeciisse

827 1777 946 1822 nec
996 1763 1368 1844 competere
1415 1757 1482 1821 in
1527 1755 1758 1821 eadem
1791 1756 2069 1821 ecclesia
2098 1762 2168 1821 et
2200 1756 2325 1821 sibi
2358 1778 2556 1844 super
2586 1759 2733 1845 ipsa
2761 1761 3153 1845 parrochiali
3188 1761 3467 1828 ecclesia
3497 1767 3890 1849 perpetuum

825 1865 1157 1930 silentium
1204 1864 1485 1950 imponi,
1534 1863 1708 1929 idem
1759 1863 2052 1927 officialis
2102 1864 2383 1949 cognitis
2430 1864 2808 1949 huiusmodi
2843 1888 3038 1932 cause
3070 1869 3322 1933 meritis
3353 1874 3424 1933 et
3453 1869 3624 1954 Juris
3660 1867 3890 1933 ordine

824 1972 1169 2037 observato
1219 1971 1632 2037 diffinitivam
1680 1992 1797 2058 pro
1830 1971 2063 2036 eodem
2096 1969 2345 2036 Ottone
2379 1974 2775 2038 sententiam
2808 1974 3254 2059 promulgavit
3284 1974 3665 2062 dictumque
3698 1978 3895 2042 Lam·

823 2078 1082 2144 bertum
1153 2079 1217 2143 in
1284 2079 1593 2165 expensis
1655 2099 1772 2164 per
1837 2077 2081 2141 dictum
2147 2076 2463 2142 Ottonem
2525 2079 2596 2143 in
2659 2079 3035 2162 hujusmodi
3099 2101 3297 2145 causa
3342 2081 3532 2147 factis
3578 2083 3890 2168 exigente

814 2187 1085 2271 justicia
1132 2185 1675 2273 condempnavit,
1726 2184 2105 2249 earumdem
2153 2204 2592 2271 expensarum
2644 2187 2985 2252 taxatione
3035 2188 3156 2251 sibi
3206 2189 3634 2275 imposterum
3680 2211 3887 2257 reser-

823 2302 1012 2377 vata3
1077 2317 1116 2360 a
1178 2316 1308 2381 qua
1353 2291 1619 2380 quidem
1668 2291 2001 2357 sententia
2045 2291 2342 2377 prefatus
2390 2292 2784 2356 Lambertus
2831 2291 2995 2358 falso
3043 2315 3343 2360 asserens
3390 2315 3535 2360 eam
3582 2295 3720 2362 fore
3766 2298 3890 2362 ini-

823 2426 1054 2492 quam,
1102 2403 1185 2468 ad
1234 2403 1456 2468 sedem
1506 2402 1929 2488 apostolicam
1979 2400 2373 2487 appellavit,
2424 2421 2675 2487 nosque
2717 2423 2980 2466 causam
3014 2403 3476 2490 appellationis
3507 2404 3883 2489 huJ'usmodi

820 2509 900 2575 ad
965 2510 1348 2575 instantiam
1412 2508 1570 2573 dicti
1633 2506 1897 2572 Ottonis
1961 2505 2200 2571 dilecto
2250 2506 2385 2570 filio
2435 2508 2748 2592 magistro
2798 2506 3084 2574 Guidoni
3136 2508 3217 2574 de
3266 2510 3524 2574 Bauxio
3573 2511 3885 2576 canonico

820 2618 1219 2700 Mutinensi,
1285 2616 1623 2703 capellano
1670 2620 1897 2679 nostro
1946 2619 2015 2678 et
2063 2612 2348 2677 auditori
2397 2636 2735 2680 causarum
2786 2616 3021 2703 palacii
3069 2618 3440 2703 apostolici,
3491 2618 3883 2684 audiendam

819 2726 1258 2791 commisimus
1310 2730 1377 2789 et
1423 2724 1553 2786 fine
1603 2721 1827 2786 debito
1879 2719 2387 2803 terminandam,
2437 2725 2549 2808 qui
2597 2721 2678 2787 ad
2729 2723 3119 2789 instanciam
3166 2723 3324 2789 dicti
3357 2725 3622 2791 Ottonis
3664 2746 3878 2791 coram

821 2852 900 2896 eo
948 2833 1017 2896 in
1055 2829 1308 2916 judicio
1358 2829 1825 2916 comparentis,
1875 2828 2209 2914 premissis
2257 2833 2488 2893 contra
2536 2828 2818 2894 eundem
2865 2831 3293 2899 Lambertum
3341 2830 3582 2897 debitis
3624 2838 3694 2898 et
3732 2853 3882 2898 con·

821 2937 1027 3003 suetis
1088 2935 1547 3016 citationibus,
1612 2935 1680 2998 in
1744 2932 2083 2998 audientia
2140 2934 2439 3021 publica,
2489 2941 2566 3000 ut
2612 2941 2714 2999 est
2761 2937 2995 3019 moris,
3044 2958 3120 3001 ac
3167 2937 3488 3026 producto
3537 2959 3755 3003 coram
3803 2959 3880 3004 eo

817 3067 937 3133 per
981 3044 1230 3109 dictum
1276 3043 1591 3110 Ottonem
1639 3041 1922 3129 quodam
1971 3043 2410 3106 instrumento
2457 3042 2721 3129 publico
2770 3064 2967 3130 super
3013 3043 3192 3110 dicta
3238 3045 3680 3131 appellatione
3728 3066 3880 3111 con·

815 3153 988 3218 fecto
1052 3153 1119 3216 in
1183 3149 1480 3235 ejusdem
1542 3149 1881 3215 Lamberti
1946 3150 2426 3214 contumaciam
2490 3150 2572 3215 de
2620 3152 2892 3216 consilio
2941 3158 3010 3217 et
3057 3172 3383 3217 consensu
3432 3150 3883 3218 coauditorum

814 3281 1078 3325 suorum
1128 3259 1288 3323 dicti
1333 3258 1605 3346 palacii,
1654 3256 1893 3344 quibus
1941 3277 2137 3342 super
2182 3256 2308 3320 hoc
2353 3257 2743 3322 relationem
2791 3257 2948 3323 fecit
2993 3257 3298 3341 fidelem,
3348 3257 3582 3324 eodem
3630 3257 3877 3324 Ottone

814 3373 1122 3455 presente
1183 3365 1679 3453 pronunciavit,
1744 3385 2008 3429 causam
2072 3363 2453 3447 hujusmodi
2514 3363 2652 3429 fore
2716 3364 2800 3429 ad
2864 3365 3233 3430 Romanam
3292 3366 3540 3430 curiam
3585 3366 3878 3451 legitime

815 3476 1191 3542 devolutam
1241 3481 1308 3539 et
1355 3472 1530 3560 apud
1578 3493 1722 3537 eam
1758 3471 2022 3536 tractari
2054 3477 2123 3536 et
2154 3471 2326 3535 finiri
2361 3470 2623 3536 debere.
2673 3471 3107 3537 Postmodum
3138 3492 3296 3538 vero
3330 3473 3643 3558 magistro
3674 3472 3873 3538 Petro

812 3583 894 3649 de
940 3584 1157 3650 Volde
1204 3587 1627 3670 procuratore
1675 3587 1743 3645 et
1786 3578 2235 3667 procuratorio
2274 3579 2540 3642 nomine
2574 3577 2733 3643 dicti
2767 3577 3032 3643 Ottonis
3065 3600 3285 3643 coram
3319 3577 3552 3644 eodem
3586 3577 3884 3644 auditore

810 3694 880 3756 in
934 3691 1187 3778 judicio
1250 3694 1673 3776 comparente
1737 3694 1805 3753 et
1867 3693 2280 3774 proponente
2343 3685 2855 3772 appellationem
2918 3685 3296 3769 hujusmodi
3360 3685 3499 3751 fore
3557 3685 3882 3752 desertam

816 3820 1090 3887 eamque
1154 3798 1480 3864 desertam
1528 3803 1597 3861 et
1644 3795 1886 3861 dictam
1935 3795 2333 3860 sententiam
2379 3794 2450 3858 in
2497 3815 2637 3859 rem
2686 3794 3066 3859 transivisse
3105 3793 3473 3879 judicatam
3523 3799 3592 3859 et
3640 3793 3881 3859 debere

812 3908 1027 3974 sortiri
1093 3907 1400 3972 effectum
1463 3912 1532 3971 et
1595 3904 1974 3970 executioni
2036 3902 2263 3969 debite
2326 3901 2709 3968 demandari
2765 3904 3178 3990 pronuntiari
3225 3908 3528 3989 petente,
3586 3903 3879 3989 prefatus

814 4017 1073 4082 auditor
1119 4015 1203 4081 ad
1251 4014 1633 4080 instantiam
1680 4012 1839 4077 dicti
1886 4012 2326 4099 procuratoris
2372 4011 2740 4098 predictum
2788 4011 3215 4076 Lambertum
3264 4009 3346 4075 ad
3389 4008 3761 4075 docendum
3793 4008 3874 4074 de

811 4123 1155 4210 diligentia
1215 4121 1692 4211 prosecutionis
1758 4119 2218 4206 appellationis
2273 4117 2653 4204 hujusmodi
2700 4121 2769 4183 in
2819 4117 3049 4184 eadem
3097 4118 3438 4185 audientia
3484 4118 3673 4183 citari
3719 4117 3878 4182 fecit

810 4231 891 4296 ad
940 4240 1191 4297 certum
1224 4229 1737 4319 peremptorium
1771 4228 2123 4291 terminum
2155 4231 2673 4312 competentem,
2723 4227 2792 4291 in
2826 4248 2956 4313 quo
2991 4225 3167 4291 dicto
3203 4232 3627 4312 procuratore
3659 4245 3875 4290 coram

811 4341 1044 4405 eodem
1109 4340 1408 4404 auditore
1471 4337 1539 4400 in
1593 4334 1846 4420 judicio
1910 4338 2334 4420 comparente
2395 4337 2464 4397 et
2523 4332 2802 4420 predicti
2869 4332 3208 4398 Lamberti
3255 4353 3390 4398 non
3437 4330 3873 4418 comparentis

816 4448 1287 4514 contumatiam
1334 4448 1724 4525 accusante,
1782 4440 2051 4507 tandem
2097 4441 2314 4506 dictus
2361 4438 2623 4505 auditor
2671 4440 2753 4506 ad
2800 4440 3186 4505 instantiam
3234 4439 3530 4526 ejusdem
3578 4461 3880 4527 procura·

817 4557 975 4620 toris
1022 4554 1347 4641 prefatum
1395 4552 1826 4616 Lambertum
1872 4549 1955 4614 ad
2004 4548 2407 4614 audiendum
2456 4548 3020 4613 interlocutoriam
3058 4569 3242 4613 suam
3276 4568 3473 4635 super
3504 4546 3876 4614 desertione

812 4660 1271 4750 appellationis
1315 4658 1695 4744 hujusmodi
1738 4658 1808 4722 in
1856 4657 2111 4744 prefata
2156 4656 2495 4722 audientia
2541 4657 2727 4721 citari
2775 4655 2933 4720 fecit
2965 4653 3046 4720 ad
3080 4662 3332 4720 certum
3366 4654 3874 4741 peremptorium

814 4769 1166 4835 terminum
1237 4771 1761 4852 competentem,
1832 4765 1901 4828 in
1972 4785 2101 4850 quo
2164 4762 2420 4849 prefato
2484 4768 2910 4850 procuratore
2973 4782 3192 4827 coram
3241 4759 3416 4825 dicto
3464 4760 3763 4825 auditore
3808 4759 3878 4823 in

803 4878 1055 4963 Judicio
1117 4879 1536 4962 comparente
1583 4878 1653 4938 et
1698 4872 1905 4958 ipsius
1953 4853 2293 4938 Lamberti
2342 4891 2476 4935 non
2523 4871 2962 4957 comparentis
3010 4869 3482 4935 contumatiam
3530 4872 3876 4932 accusante

812 4993 881 5052 et
926 4986 997 5050 in
1045 4986 1188 5070 ejus
1236 4981 1705 5047 contumatiam
1755 4979 2317 5043 interlocutoriam
2363 4978 2571 5064 ipsam
2620 4978 2774 5042 ferri
2822 4981 3120 5063 petente,
3173 4981 3570 5040 memoratus
3618 4973 3878 5038 auditor

812 5099 1125 5181 reputans
1189 5087 1470 5156 eundem
1534 5085 1999 5168 Lambertum,
2062 5106 2193 5171 quo
2259 5083 2343 5149 ad
2406 5090 2624 5149 actum
2684 5082 3097 5169 huJ‘usmodi,
3159 5087 3357 5170 prout
3404 5086 3577 5164 erat,
3642 5081 3875 5144 merito

815 5208 1266 5266 contumacem
1295 5196 1377 5278 ¹),
1425 5194 1493 5257 in
1543 5194 1686 5278 eJus
1732 5192 2245 5273 contumaciam,
2297 5189 2450 5254 visis
2484 5196 2552 5253 et
2586 5189 2937 5275 diligenter
2966 5188 3281 5275 inspectis
3315 5187 3616 5252 omnibus
3648 5192 3717 5252 et
3749 5187 3878 5250 sin·

812 5309 982 5395 gulis
1030 5306 1223 5386 actia,
1271 5300 1590 5382 actitatis,
1639 5298 1884 5363 habitis
1932 5304 2001 5363 et
2049 5297 2387 5384 productis
2434 5297 2504 5361 in
2551 5317 2748 5361 causa
2787 5293 3167 5380 hujusmodi
3209 5315 3428 5358 coram
3467 5314 3546 5358 eo
3586 5293 3874 5380 ipsisque

817 5439 964 5483 cum
1038 5413 1382 5499 diligentia
1455 5409 1798 5476 recensitis
1867 5407 2171 5492 factaque
2237 5426 2434 5492 super
2494 5407 2589 5470 eis
2653 5404 3143 5470 coauditoribus
3213 5403 3347 5468 suis
3416 5401 3575 5467 dicti
3645 5402 3874 5489 palacii

808 5526 1128 5590 relatione
1175 5517 1470 5608 plenaria
1517 5522 1585 5581 et
1629 5514 1808 5579 fideli
1843 5536 1918 5579 ac
1950 5535 2171 5579 secum
2205 5512 2681 5577 deliberatione
2713 5510 3059 5599 prehabita
3092 5509 3421 5595 diligenti,
3470 5508 3553 5573 de
3585 5509 3875 5596 ipsorum

811 5629 1263 5695 coauditorum
1328 5624 1598 5688 consilio
1663 5630 1732 5686 et
1788 5641 2060 5686 assensu
2106 5617 2615 5706 interloquendo
2664 5616 3161 5705 pronunciavit,
3212 5614 3503 5682 decrevit
3548 5621 3617 5680 et
3666 5614 3877 5680 decla-
