4450 6684
348 4216 525 4297 Clerici
560 4216 711 4267 nostri

406 4302 459 4334 111
493 4302 643 4335 cuna.

666 1533 1063 1597 Wilhelmus
1096 1532 1177 1597 de
1201 1531 1651 1597 Amersfordia

666 1636 1042 1704 Bernardus
1091 1635 1172 1701 de
1218 1636 1526 1721 Bugneto

669 1742 1090 1806 Hermannus
1135 1739 1218 1804 de
1262 1739 1534 1804 Vreden

669 1844 1113 1910 Theodericus
1161 1842 1244 1908 de
1289 1844 1471 1929 Reys

714 527 934 576 Lxxvr
1999 505 2487 569 Inrnonnc‘no.

1158 728 1245 793 In
1290 730 1426 813 ipso
1475 734 1685 792 textu:
2705 716 2768 780 A
2823 724 2993 802 teryo
3043 715 3410 780 bullarum:

663 879 1018 947 Arnoldus·
1045 880 1184 945 Vos
1230 879 1302 945 αθ
1354 881 1526 944 1360
1573 879 1779 961 (num.
1835 877 2053 959 1658).
2912 926 2926 940 .
3292 870 3312 999 ²
3429 862 3501 928 a⁰
3551 864 3721 927 1342

662 984 968 1053 Andreas
1037 982 1452 1050 Herderinck
1523 981 1604 1047 de
1674 980 2057 1065 Groningen
2120 977 2192 1043 αθ
2287 932 2526 1100 gemm
2575 926 2932 1098 {engflcaih
3345 974 3617 1057 (numm.
3667 971 3806 1034 989

760 1089 930 1153 1353
1001 1089 1207 1171 (num.
1270 1089 1465 1171 432),
1536 1086 1607 1151 αθ
1676 1087 1848 1149 1366
1918 1087 2190 1168 (numm.
2339 1055 2533 1122 ymon
2632 1053 2667 1097 θ
2766 1051 2914 1117 ‘²3¹⁰
3334 1075 3823 1158 -992‚1046).

762 1193 1237 1274 1827-1828,
1287 1191 1400 1255 ubi
1447 1192 1647 1255 etiam
1696 1212 1736 1255 a
1783 1191 2016 1275 tergo).
2291 1183 2607 1250 Gerlacus
2689 1181 2773 1246 de
2850 1181 3136 1246 Doernic
3215 1179 3284 1245 αθ
3366 1182 3536 1246 1349
3613 1181 3820 1263 (num.

666 1295 1113 1362 Theodericus
1162 1294 1243 1360 de
1277 1294 1380 1379 Oy
1412 1294 1484 1359 αθ
1517 1293 1693 1359 1374
1728 1295 1932 1378 (num.
1968 1293 2195 1375 2161).
2388 1288 2608 1370 1280).

667 1398 1115 1464 Theodericus
1148 1398 1230 1464 de
1254 1399 1395 1463 Ede
1428 1398 1500 1463 αθ
1540 1399 1710 1463 1375
1737 1400 1942 1482 (num.
1969 1398 2195 1480 2239).
2293 1391 2620 1456 Henricus
2699 1390 2781 1455 de
2854 1388 3160 1453 Embrica
3227 1387 3298 1452 αθ
3372 1388 3541 1451 1356
3613 1388 3820 1470 (num.

1797 1634 1869 1699 a⁰
1922 1636 2092 1698 1376
2294 1496 2631 1663 Jolliigiias
2666 1597 2748 1662 de
2783 1596 3022 1661 Eltevil
3055 1595 3125 1661 a⁰
3161 1597 3332 1661 1359
3362 1597 3568 1680 (num.
3601 1597 3822 1679 1616).

1707 1739 1911 1822 (num
1971 1739 2196 1822 2244).
2295 1702 2592 1887 Εςῗὲἱὲιὲ)
2629 1702 2710 1767 G.
2770 1700 2852 1766 de
2898 1699 3226 1767 Jaudraco
3275 1699 3344 1764 αθ
3397 1701 3568 1765 1360
3615 1702 3823 1783 (num.

2292 1853 2632 1977 Johannes
2709 1909 2791 1975 de
2871 1909 3160 1975 Lochem
3231 1908 3301 1973 αθ
3376 1909 3544 1973 1367
3617 1909 3823 1991 (num.

671 1978 851 2044 Alibi
912 1979 1180 2065 insuper
1236 1981 1587 2042 occurrunt
1633 1976 1705 2040 αθ
1757 1977 1921 2040 1321
1977 1977 2195 2041 Homo
2393 2017 2613 2099 1840)-

762 2082 843 2148 de
890 2083 1234 2166 Peretu10,
1284 2081 1356 2146 a⁰
1410 2083 1578 2146 1357
1627 2080 1967 2146 Johannes
2015 2081 2196 2145 Hen-
3435 2099 3503 2166 ao
3553 2103 3724 2166 1372

762 2187 877 2251 rici
940 2186 1020 2252 de
1082 2186 1472 2271 Zociandia,
1537 2188 1608 2252 a0
1671 2191 1841 2255 1368
1898 2189 2198 2255 Theode-
2294 2165 2626 2232 sanderus
2674 2165 2757 2230 de
2807 2163 3200 2251 Heynsbers
3297 2109 3608 2291 lffiumm,
3649 2209 3823 2272 2046

760 2292 932 2356 ricus
981 2291 1062 2357 de
1110 2293 1454 2375 Loccorst,
1512 2292 1584 2357 αθ
1638 2295 1804 2359 1387
1855 2293 2195 2359 Johannes
2293 2272 2617 2337 Martinus
2664 2269 2991 2335 Fl⁰r0¹¹⁰ii
3303 2254 3326 2389 l
3411 2317 3482 2377 et
3526 2313 3749 2395 2095),

762 2397 907 2461 Wit
970 2395 1052 2461 de
1112 2396 1275 2461 Delf
1317 2395 1594 2479 (Intr0d·
1645 2418 1752 2485 pp·
1802 2399 2194 2464 XXXVI-
2295 2420 2749 2485 chiselbertus
2782 2420 2917 2483 Boo
2955 2417 3023 2482 8⁰
3061 2389 3827 2500 1374(i1umm.2174—

761 2500 1103 2566 XXXVII
1149 2507 1216 2565 et
1263 2499 1612 2584 LXXIII).
2388 2528 2603 2607 2176,
2653 2525 2881 2607 2196),

2297 2632 2499 2697 Tricas
2569 2630 2650 2695 de
2721 2628 3172 2712 Lunenbourg
3240 2623 3309 2690 αθ
3384 2626 3554 2689 1375
3620 2625 3827 2709 (num.

2390 2737 2615 2819 2231>

2299 2837 2669 2904 Everardus
2711 2837 2794 2902 de
2837 2837 3017 2923 Reys
3051 2833 3120 2900 αθ
3156 2836 3326 2900 1376
3360 2836 3565 2918 (num.
3604 2834 3829 2917 2244).

956 3068 1140 3134 Inter
1208 3077 1661 3156 procuratores
1730 3073 2069 3160 hucusque
2140 3081 2557 3141 enumeratos
2627 3075 2737 3140 alii
2798 3080 3066 3163 propter
3112 3072 3448 3158 negotium
3497 3069 3778 3157 speciale

731 3172 858 3238 sibi
908 3172 1374 3239 demandatum
1423 3175 1657 3242 Sedem
1706 3176 2159 3263 Apostolicam
2206 3181 2497 3265 aggressi
2545 3185 2727 3261 sunt,
2775 3179 2984 3244 veluti
3029 3178 3142 3264 qui
3189 3177 3258 3242 αθ
3296 3178 3464 3240 1217
3517 3194 3780 3239 causam

731 3277 904 3342 inter
969 3277 1376 3343 Ludovicum
1440 3286 1507 3344 et
1566 3282 1997 3347 Wilhelmum
2066 3285 2338 3349 comites
2400 3285 2470 3347 in
2533 3284 2713 3348 curia
2775 3287 3277 3371 promoverunt,
3326 3280 3439 3367 qui
3486 3277 3554 3343 αθ
3608 3278 3777 3343 1290

729 3380 1054 3446 Johannis
1103 3381 1185 3448 de
1231 3383 1489 3448 Nassau
1536 3385 1731 3450 electi
1776 3387 2287 3472 resignationem
2327 3388 2655 3472 fecerunt,
2705 3388 2815 3475 qui
2851 3386 2917 3451 αθ
2956 3389 3126 3452 1328
3160 3383 3490 3471 Reynaldi
3522 3383 3778 3448 comitis

729 3484 800 3549 H
866 3485 1199 3550 Gelrensis
1260 3488 1471 3573 petita
1532 3489 1949 3575 obtulerunt3
2016 3493 2125 3556 alii
2189 3513 2345 3557 vero
2396 3499 2469 3557 ut
2516 3493 2960 3578 procuratorio
3006 3511 3280 3555 munere
3327 3487 3587 3554 assidue
3636 3487 3782 3551 fun·

731 3595 1076 3673 gerentur,
1151 3590 1358 3656 fixum
1421 3591 1595 3680 apud
1661 3595 1904 3659 curiam
1968 3597 2267 3683 papalem
2330 3595 2730 3661 domicilium
2792 3596 3099 3661 habuisse
3163 3593 3505 3676 videntur,
3576 3591 3783 3657 veluti

732 3693 972 3757 Petrus
1020 3693 1101 3759 de
1147 3695 1416 3780 Nussia,
1466 3697 1739 3782 Egidius
1787 3699 1868 3764 de
1915 3700 2129 3783 Bake,
2180 3702 2481 3766 Andreas
2529 3700 2944 3766 Herderinck
2985 3699 3068 3765 de
3109 3698 3514 3783 Groningen.
3581 3697 3780 3761 Prae-

733 3797 922 3883 cipue
992 3805 1213 3863 autem
1285 3807 1578 3887 tempore
1647 3802 2097 3870 Avenionensi
2167 3826 2300 3870 non
2371 3806 2561 3892 pauci
2632 3806 2752 3869 viri
2817 3804 3273 3887 ecclesiastici,
3343 3823 3428 3866 ex
3496 3800 3781 3867 dioecesi

733 3900 1140 3987 Trajectensi
1211 3905 1504 3989 oriundi,
1575 3908 1886 3972 continuo
1951 3909 2021 3974 in
2083 3910 2264 3973 curia
2326 3911 2767 3975 morabantur.
2862 3910 2962 3975 De
3026 3908 3265 3995 quibus
3310 3912 3387 3970 ut
3432 3927 3781 3991 quaecum-

732 4025 860 4090 que
922 4007 1285 4072 Bullarium
1348 4016 1644 4075 nostrum
1707 4013 1981 4078 exhibet
2042 4014 2111 4077 in
2174 4023 2530 4101 conspectu
2580 4014 2980 4096 habeantur,
3041 4035 3332 4079 seorsum
3373 4013 3512 4097 jam
3562 4011 3782 4076 obser·

733 4109 929 4175 vandi
976 4119 1160 4176 sunt:

961 4215 1031 4281 O.
1131 4216 1361 4282 Clerici
1413 4218 1833 4303 Trajectenses
1879 4223 1947 4284 in
1993 4224 2174 4284 curia
2207 4224 2464 4307 papali.
2515 4222 2570 4288 E
2618 4222 2901 4287 dioecesi
2952 4227 3176 4286 nostra
3221 4241 3414 4306 quam
3463 4220 3808 4306 plurimos-

731 4318 904 4383 viros
970 4321 1445 4386 ecclesiasticos
1506 4323 1744 4388 Sedem
1804 4324 2041 4388 adiisse
2089 4324 2575 4411 Apostolicam,
2627 4332 2702 4391 ut
2747 4326 3069 4391 beneficio
3118 4322 3401 4412 quodam
3447 4323 3518 4387 in
3563 4325 3777 4411 patria

732 4421 1168 4509 donarentur,
1219 4425 1480 4492 abunde
1528 4448 1724 4514 supra
1769 4428 2071 4493 vidimus.
2101 4430 2152 4512 1)
2224 4430 2333 4495 Sic
2371 4435 2510 4517 jam
2560 4452 2728 4496 saec.
2778 4430 2954 4495 XIII
3002 4434 3349 4496 occurrunt
3397 4427 3477 4495 G.
3525 4449 3775 4514 pauper

732 4527 1206 4612 subdiaconus,
1280 4531 1437 4595 Eico
1509 4533 1662 4596 olim
1733 4532 1946 4599 dictus
2019 4534 2383 4619 Henricus,
2458 4538 2761 4620 Rogerus
2830 4534 3305 4617 subdiaconus,
3376 4531 3775 4597 Guillermus

730 4653 980 4719 pauper
1042 4634 1314 4699 clericus
1377 4634 1460 4700 de
1524 4637 1864 4722 TraJ‘ecto,
1914 4640 2025 4725 qui
2073 4639 2314 4725 singuli
2361 4641 2748 4726 provisionis
2796 4638 2978 4704 bulla
3023 4644 3288 4725 recepta
3333 4636 3778 4702 verisimiliter

730 4736 903 4800 illico
952 4744 1395 4821 reverterunt,
1447 4739 1838 4806 beneficium
1887 4742 2011 4807 sibi
2059 4745 2462 4830 assignatum
2512 4743 2891 4830 occupaturi
2937 4743 3210 4825 (numm.
3264 4744 3378 4824 79,
3420 4742 3581 4822 122,
3621 4741 3777 4823 135,

732 4841 909 4924 300).
1003 4840 1451 4929 Maximopere
1522 4849 1743 4910 tamen
1811 4846 1880 4910 in
1952 4848 2129 4912 curia
2191 4848 2573 4913 abundabat
2630 4846 3008 4932 hujusmodi
3069 4846 3497 4934 precistarum
3560 4864 3772 4929 genus

731 4949 1025 5031 tempore
1089 4946 1558 5011 Avenionensi.
1652 4949 1791 5014 Nec
1853 4950 2188 5016 minimam
2249 4953 2438 5017 istius
2497 4953 2755 5038 generis
2803 4951 3057 5037 copiam
3103 4950 3303 5014 fuisse
3353 4970 3438 5014 ex
3484 4947 3773 5013 dioecesi

732 5055 954 5113 nostra
1016 5049 1394 5134 oriundam,
1462 5057 1606 5116 tuto
1670 5053 1976 5140 colligere
2039 5055 2194 5120 licet
2254 5063 2395 5121 tum
2453 5077 2538 5120 ex
2587 5075 2857 5120 numero
2907 5054 3229 5119 bullarum
3278 5052 3774 5139 incipientium:

736 5151 1189 5233 „Constitutus
1233 5155 1303 5218 in
1348 5155 1799 5240 praesentia,”
1864 5158 2105 5245 quippe
2154 5161 2392 5247 quibus
2440 5160 2674 5225 clerico
2722 5160 2790 5222 in
2838 5159 3018 5222 curia
3063 5158 3332 5243 degenti
3380 5155 3773 5222 beneficium

732 5254 1059 5342 quoddam
1132 5258 1407 5323 conferri
1479 5260 1721 5344 soleat,
1785 5281 1931 5326 cum
1994 5284 2078 5327 ex
2125 5284 2397 5329 numero
2445 5260 2807 5327 abundanti
2854 5262 3139 5326 virorum
3188 5259 3776 5327 ecclesiasticorum

891 5664 948 5729 1)
983 5663 1180 5714 Introd.
1216 5678 1262 5727 p.
1299 5661 1386 5713 LV
