4450 6684
790 556 876 620 58
2014 554 2474 622 Imrocnwnus
2520 556 2639 621 VI.

792 772 1249 842 1491-1493.
1724 778 1933 858 1353,
1985 776 2354 841 Novembra
2399 779 2520 860 25,
2567 779 2936 843 Ammonis.

1104 931 1189 995 A.
1265 930 1551 996 Beatrici
1617 933 1808 996 uxori
1885 931 2284 1019 Tydemanni
2356 930 2742 996 Scrodekens
2804 933 2954 996 civis
3028 932 3446 1015 Trajectensis
3507 934 3867 1000 conceditur

1008 1038 1423 1122 privileqium
1459 1038 1801 1122 plenariae
1835 1045 2245 1122 peccatorum
2290 1039 2673 1103 remissionis
2719 1040 2789 1102 in
2835 1040 3111 1103 articulo
3156 1041 3398 1104 mortis.

1107 1144 1187 1208 B.
1259 1141 1483 1207 Nobili
1539 1146 1675 1208 viro
1733 1143 2026 1208 Arnoldo
2080 1143 2202 1225 „de
2251 1143 2840 1230 Hozwouinghen”
2870 1144 2921 1228 l)
2984 1146 3180 1210 militi
3232 1144 3413 1228 Traj.
3464 1147 3654 1213 dioec.
3702 1147 3867 1212 idem

1006 1250 1437 1335 privileyium.

1107 1355 1180 1422 O.
1256 1354 1479 1421 Nobili
1521 1358 1657 1421 viro
1704 1355 1997 1422 Johanni
2033 1358 2109 1421 de
2141 1357 2449 1422 Hokelem
2486 1358 2678 1422 militi
2717 1356 2898 1439 Traj.
2934 1357 3124 1422 dioec.
3156 1358 3319 1422 idem
3350 1361 3786 1445 privileqium.
3810 1360 3865 1443 2)

1018 1538 1334 1604 Provenit
1382 1559 1488 1604 ex.
1516 1585 1533 1602 .
1561 1586 1577 1602 .
1607 1586 1623 1603 .
1672 1538 1825 1603 Dat.
1875 1539 2245 1620 Avinione,
2293 1540 2430 1606 VII
2477 1540 2587 1607 Kl.
2637 1539 3057 1624 Decembris,
3106 1561 3281 1607 anno
3331 1542 3564 1629 primo.

1214 1674 1337 1736 Bey.
1375 1675 1471 1722 Ao.
1517 1675 1569 1724 T.
1603 1672 1662 1737 5,
1689 1675 1750 1737 s.
1786 1672 1892 1724 690.

943 1819 999 1884 1)
1038 1818 1344 1885 Legendum
1379 1818 1613 1870 videtur:
1654 1820 1718 1870 de
1755 1819 2215 1886 Houweninghen.

944 1900 1001 1967 2)
1037 1900 1144 1953 Cfr.
1176 1916 1340 1965 supra
1373 1916 1580 1952 numm.
1623 1901 1945 1953 1429—1431
1984 1908 2040 1953 et
2073 1904 2477 1954 annotationem
2513 1904 2579 1953 ad
2617 1919 2764 1955 num.
2801 1902 2951 1955 1481.

788 2372 1251 2442 1494-1495.
1728 2374 1938 2455 1353,
1986 2372 2345 2438 Decembris
2391 2376 2508 2458 10,
2557 2376 2925 2441 Avenionis.

1101 2526 1184 2591 A.
1260 2524 1666 2611 Marqaritae
1727 2527 2076 2590 comitissae
2121 2524 2511 2592 Harmoniae
2556 2529 2948 2614 indulyetur,
2997 2528 3170 2614 quod
3215 2530 3284 2592 in
3336 2530 3484 2593 locis
3530 2529 3864 2593 interdicto

1011 2635 1356 2719 suppositis
1420 2653 1632 2697 coram
1677 2634 1820 2717 ipsa
1866 2639 1924 2696 et
1970 2631 2411 2714 familiaribus
2460 2634 2666 2699 Missa
2712 2637 2972 2721 aliaque
3018 2636 3238 2700 divina
3284 2634 3507 2718 officia
3542 2635 3859 2721 privatim

1017 2739 1322 2803 celebrari
1369 2745 1620 2823 queant.

1100 2846 1180 2910 B.
1255 2844 1479 2909 Eidem
1525 2844 1933 2930 Marqaritae
1977 2849 2339 2912 conceditur
2391 2849 2670 2930 licentia,
2721 2849 2892 2934 quod
2933 2870 3071 2913 cum
3103 2870 3211 2913 sex
3243 2848 3515 2913 honestis
3550 2847 3860 2912 matronis

1012 2953 1397 3016 monasteria
1440 2951 1732 3034 filiarum
1779 2954 2176 3018 inclusarum
2224 2974 2762 3040 quorumcumque
2807 2956 3103 3019 ordinum
3149 2957 3220 3018 in
3262 2957 3396 3019 suis
3441 2954 3857 3033 Hannoniae,

1011 3058 1411 3123 Hollandiae
1472 3065 1533 3121 et
1594 3057 1947 3123 Zelandiae
1993 3060 2390 3124 comitatibus
2436 3063 2839 3125 consistentia
2886 3061 3139 3146 inqredi
3173 3064 3416 3146 possit,
3479 3080 3606 3125 non
3654 3067 3862 3123 tamen

1013 3165 1101 3229 ibi
1146 3164 1457 3229 comedere
1501 3171 1618 3228 aut
1652 3173 2054 3249 pernoctare.

1011 3346 1402 3414 stotionis
1444 3354 1575 3414 tue.
1607 3397 1621 3413 .
1651 3396 1668 3414 .
1695 3397 1711 3414 .
1761 3348 2008 3415 Datum
2042 3351 2407 3434 Avinione,
2441 3351 2583 3415 IIII
2614 3351 2713 3417 Id.
2749 3352 3162 3436 Decembris,
3196 3351 3615 3439 pontificatus
3649 3349 3859 3414 nostri

786 3478 963 3525 anno
1008 3457 1238 3545 primo.

1205 3562 1330 3625 Ray.
1365 3563 1461 3613 Δυ.
1508 3565 1560 3613 Τ.
1596 3563 1653 3625 5,
1677 3564 1738 3626 f.
1774 3562 1889 3613 539.

1206 3645 1380 3694 Saint-
1390 3645 1576 3696 Genois
1627 3647 1926 3696 Monumeuu
1974 3647 2176 3697 ancisus
2216 3644 2460 3710 1.3oo*,
2506 3648 2594 3694 sed
2618 3662 2891 3711 perperam
2924 3646 3012 3696 sub
3044 3646 3127 3696 die
3159 3645 3227 3696 10
3260 3645 3560 3710 Septmbris
3594 3641 3868 3705 an.1351;

1135 3729 1384 3779 Decillers
1425 3729 1722 3779 cartulaire
1755 3731 1841 3779 des
1874 3731 2148 3780 comtesde
2181 3729 2505 3779 HaiaautI.
2543 3727 2959 3780 scilicetA389.
2994 3730 3052 3778 πθ
3084 3727 3210 3793 246;
3249 3726 3510 3779 Β388Λι
3513 3725 3693 3789 “;245
3731 3726 3870 3790 apud

1137 3816 1399 3876 utrumque
1430 3815 1693 3863 secundum
1726 3814 2051 3878 autographa
2083 3814 2138 3862 in
2175 3813 2378 3862 archivo
2414 3811 2615 3862 Montis
2649 3811 2973 3862 Hannoni-ae.

1200 3895 1307 3948 Cfr.
1340 3897 1503 3947 etiam
1537 3893 1797 3948 Devillers
1830 3897 1865 3947 1.
1890 3912 1934 3948 c.
1971 3898 2035 3948 n'
2058 3896 2184 3960 278,
2223 3897 2315 3947 ubi
2351 3896 2619 3946 indultum
2656 3896 3005 3960 apostolicum
3041 3911 3133 3960 pro
3169 3897 3353 3947 eadem
3391 3892 3677 3960 Margarita
3706 3893 3870 3944 comi·

1133 3980 1262 4030 tissa
1298 3980 1397 4030 d.d.
1434 3979 1460 4029 1
1504 3979 1680 4030 Martii
1718 3995 1805 4030 an.
1838 3979 1990 4030 1355.

780 4423 1233 4493 1496—1497.
1713 4425 1921 4506 1353,
1969 4421 2330 4486 Decembris
2377 4424 2494 4503 10,
2544 4421 2910 4484 Avenionis.

1094 4579 1178 4643 A.
1249 4578 1656 4663 Marqaritae
1702 4579 2048 4642 comitissae
2089 4576 2474 4640 Hannoniae
2522 4573 2911 4658 indulqetur,
2960 4571 3132 4657 quod
3162 4571 3463 4653 Missam,
3511 4579 3852 4657 antequam

1006 4686 1327 4751 illucescat
1397 4687 1528 4749 dies
1597 4687 1766 4748 circa
1840 4692 2043 4748 tamen
2112 4683 2415 4746 diurnam
2483 4682 2712 4761 lucem,
2785 4700 2923 4743 cum
2987 4680 3271 4764 qualitas
3331 4681 3723 4763 neqotiorum
3786 4678 3854 4741 id

1007 4795 1311 4878 exeqerit,
1361 4792 1670 4857 celebrari
1713 4790 1923 4874 facere
1968 4791 2194 4854 valeat.

1096 4899 1172 4962 Β.
1247 4898 1466 4962 Eidem
1517 4898 1924 4983 Marqaritae
1970 4899 2317 4961 comitissae
2361 4848 2560 4958 datur
2609 4896 2859 4958 licentia
2910 4891 3179 4956 habendi
3225 4894 3436 4956 altare
3469 4894 3802 4977 portatile.

1006 5064 1274 5129 Sincere
1339 5062 1711 5128 devotionis
1769 5062 2106 5127 affectus..
2137 5110 2151 5125 .
2181 5060 2412 5126 .Dat.
2462 5060 2831 5144 Avinione,
2878 5060 3021 5125 IIII
3071 5059 3168 5124 Id.
3216 5058 3639 5142 Decembris,
3688 5078 3855 5144 pon-

783 5169 1069 5235 tificatus
1120 5169 1327 5234 nostri
1374 5189 1546 5234 anno
1598 5168 1829 5256 primo.

1199 5304 1241 5353 A
1297 5302 1668 5352 Saint-Genois
1705 5301 2002 5350 Monumens
2034 5301 2069 5350 l.
2105 5318 2142 5349 c.
2183 5304 2239 5349 ut
2273 5316 2431 5365 supra
2444 5322 2464 5358 ,·
2514 5300 2764 5349 Devillers
2804 5300 3101 5349 Goertulaire
3140 5299 3186 5349 I.
3221 5297 3334 5349 390.
3371 5299 3429 5347 π’)
3461 5296 3558 5348 247
3595 5297 3860 5347 secundun·

1133 5387 1503 5451 autographum
1539 5385 1594 5434 iu
1628 5384 1832 5433 archivo
1869 5383 2067 5432 Montis
2101 5383 2424 5432 Hannoniae.

1196 5470 1236 5520 Β
1293 5472 1415 5534 Rea.
1453 5472 1548 5520 Ao.
1595 5470 1649 5518 T.
1686 5468 1746 5529 5,
1782 5469 1832 5527 f.
1866 5466 1970 5517 83⁹.
