4450 6684
1784 507 2005 572 11<an
2050 506 2540 573 Pnnsonsmm.
3565 506 3696 570 407

624 725 939 786 Μ1811881
981 725 1225 785 Μ811811
1268 726 1384 785 vic.
1427 730 1489 785 et
1523 743 1653 785 can.
1686 725 1850 802 Traj.
1885 727 2071 804 1666,

711 837 885 912 1817,
927 837 1114 911 2138,
1159 835 1335 895 2205.

632 978 703 989 -
748 944 948 1005 dictus
988 945 1262 1005 Elizabet
1303 944 1555 1005 Henrici
1597 944 1924 1005 Goetmans
1954 945 2070 1006 vic.

707 1055 765 1114 b.
807 1055 1035 1114 Mariae
1076 1054 1152 1113 de
1194 1055 1241 1114 s'
1265 1054 1653 1115 Gravesande
1694 1056 1869 1115 2236.

626 1164 781 1242 Mys
823 1164 994 1223 Petri
1035 1183 1166 1224 can.
1209 1165 1576 1226 xanctensis
1618 1166 1795 1225 2185.

631 1381 694 1445 Ν.
738 1384 924 1443 8111188
968 1382 1027 1442 8.
1073 1384 1250 1444 Ρ8811
1293 1385 1455 1462 Traj.
1501 1385 1596 1443 48.

632 1525 705 1535 —
750 1493 935 1552 abbas
978 1493 1051 1552 de
1093 1493 1431 1554 Oostbroek
1471 1494 1568 1554 48.

632 1633 705 1643 —-
751 1600 824 1660 de
865 1601 1045 1661 Valle
1086 1602 1230 1678 939,
1275 1602 1394 1662 Int.
1439 1603 1695 1662 LXXV.

631 1742 706 1753 —
751 1708 826 1768 de
867 1710 1170 1770 Buchorst
1213 1712 1358 1786 950,
1400 1711 1522 1771 Ι81.
1566 1711 1824 1770 LXXV.

630 1817 1057 1897 Neapoleon
1108 1818 1167 1878 8.
1213 1819 1466 1879 Adriani
1509 1818 1660 1880 diac.
1703 1819 1881 1881 Card.
1928 1821 2073 1898 525,

712 1930 856 2004 529,
900 1930 1045 2004 904,
1090 1931 1234 2005 983,
1278 1931 1399 1989 Ι81.
1443 1930 1746 1989 LXXIII.

631 2037 689 2096 N
703 2037 988 2098 icolaus
1031 2039 1414 2114 (Nicbolaus)
1444 2041 1476 2098 I
1505 2059 1662 2117 papa
1691 2042 1756 2115 33
1787 2059 1944 2117 papa
1972 2040 2074 2098 III

712 2148 1059 2224 340—448,
1130 2150 1276 2224 373;
1346 2168 1504 2226 papa
1570 2149 1664 2208 IV
1728 2151 2074 2226 372—412,

714 2257 856 2332 770,
907 2257 1028 2316 Int.
1072 2256 1326 2333 XXXI,
1370 2257 1695 2335 XXXIII,
1738 2258 1953 2335 XLII,
1996 2260 2074 2336 L,

711 2364 897 2441 L111;
937 2367 1227 2445 antipapa
1267 2367 1325 2426 V
1366 2366 1487 2426 Int.
1530 2367 1750 2427 XXVI
1790 2386 1914 2446 seq.

635 2506 708 2517 —
752 2475 938 2534 abbas
981 2474 1039 2534 8.
1086 2475 1386 2536 Trudonis
1430 2478 1526 2536 38.

634 2617 708 2626 -
767 2583 841 2643 (18
899 2583 1164 2645 Stribese
1215 2586 1514 2645 vassallus
1562 2586 1872 2646 Wilhelmi
1915 2589 2077 2666 regis

714 2693 1117 2754 Romanorum
1160 2696 1296 2754 205.

631 2833 714 2845 —
754 2802 828 2862 de
869 2802 1331 2862 Reunereswale
1372 2806 1507 2863 218.

637 2943 710 2954 -
755 2911 955 2972 dictus
997 2912 1294 2991 Caputius
1337 2914 1472 2971 219.

636 3053 710 3063 -
755 3020 830 3079 de
870 3021 1162 3080 Fontanis
1203 3041 1297 3101 ep.
1340 3022 1790 3083 Cameracensis
1831 3026 1968 3084 221.

636 3163 710 3173 -
770 3130 969 3190 dictus
1024 3131 1221 3190 Batbe
1263 3150 1391 3191 can.
1435 3132 1888 3193 Macbliniensis
1931 3136 2076 3211 348,

715 3240 851 3299 351.

636 3381 709 3393 -
753 3348 829 3408 de
869 3349 1101 3411 Chaese
1143 3351 1278 3410 359.

636 3490 709 3502 -
748 3463 946 3518 188181
965 3459 1111 3518 8881.
1135 3459 1198 3517 18
1220 3458 1463 3519 Jutfaas
1483 3460 1627 3535 414,
1651 3460 1772 3519 Int.
1796 3460 2078 3520 LXXIX.

638 3601 711 3611 —
756 3568 1066 3628 Ciceronis
1106 3573 1403 3628 mercator
1445 3569 1751 3628 Romanus
1793 3571 1929 3629 439.

636 3711 712 3721 -
757 3677 831 3737 de
854 3676 1175 3755 Papazulis
1204 3696 1408 3755 praep.
1435 3676 1493 3736 8.
1517 3678 1745 3738 Mariae
1767 3678 2081 3739 Rotondae

714 3786 999 3846 Metensis
1039 3787 1187 3862 458,
1230 3786 1365 3844 464.

639 3930 709 3939 -
754 3896 996 3955 Alberti
1036 3895 1112 3954 de
1153 3894 1533 3973 Harderwyk
1575 3896 1715 3955 cler.
1761 3897 1896 3955 459.

633 4038 715 4050 -
756 4005 831 4064 de
872 4005 1277 4084 Campobasso
1319 4005 1465 4081 509,
1506 4005 1627 4065 181.
1670 4005 1929 4065 LXXV.

640 4148 709 4159 —·
754 4114 828 4175 de
872 4113 1023 4192 Spas
1066 4115 1212 4191 512,
1253 4115 1375 4173 Int.
1418 4113 1676 4174 LXXV.

640 4257 711 4268 —
758 4223 832 4282 de
875 4223 1057 4282 81888
1098 4242 1302 4301 praep.
1348 4222 1406 4282 8.
1452 4223 1592 4283 Joh.
1639 4223 1803 4301 Traj.
1848 4225 1983 4285 515.

636 4366 718 4377 -
758 4333 833 4392 de
860 4332 1131 4394 ceccano
1160 4351 1290 4403 can.
1313 4333 1736 4392 Atrebatensis
1765 4334 1913 4410 533,
1943 4335 2080 4394 534.

642 4473 715 4484 —
760 4442 834 4501 de
875 4442 1094 4501 Parma
1136 4443 1273 4501 549.
1620 4426 1623 4429 ’

642 4585 714 4595 -
772 4550 1044 4610 Danielis
1100 4550 1175 4609 de
1229 4550 1585 4628 Antwerpia
1639 4569 1769 4610 can.
1827 4551 1886 4610 8.
1940 4552 2078 4612 Joh.

720 4660 883 4737 Traj.
929 4660 1067 4719 635.

640 4803 714 4814 —
758 4769 832 4828 de
872 4768 1112 4828 Fractis
1140 4785 1326 4844 mag„
1355 4786 1487 4827 can.
1518 4767 1903 4828 Patracensis
1944 4771 2079 4829 680.

636 4911 719 4922 -
758 4877 998 4938 Nicolai
1039 4894 1230 4953 mag„
1272 4895 1401 4936 8811.
1443 4877 1907 4936 Beneventanus
1944 4878 2078 4937 681.

642 5021 715 5031 -
757 4986 831 5046 de
873 4986 1089 5047 Castro
1130 5004 1318 5063 mag„
1360 5003 1489 5045 can.
1521 4985 1716 5063 Traj.,
1748 4987 1919 5063 prius
1947 5006 2082 5064 per-

718 5100 939 5172 petuus
981 5094 1194 5172 capell.
1237 5093 1312 5152 de
1351 5092 1561 5153 Hierlo
1605 5095 1741 5154 748.

510 5238 521 5247 -
643 5237 716 5248 -
774 5203 849 5263 de
904 5202 1303 5264 Canenanova
1356 5202 1569 5280 capell.
1628 5203 1891 5280 papalis,
1951 5222 2081 5263 can.

723 5311 888 5389 Τπ-83.
930 5313 1066 5371 817.

645 5455 719 5465 -
763 5422 962 5481 dictus
1002 5421 1200 5480 Matre
1244 5420 1443 5497 subd„
1474 5439 1631 5498 mag.
1662 5433 1776 5480 art.
1806 5428 1868 5480 et
1897 5420 2082 5498 med„

722 5547 851 5589 8811.
909 5529 968 5588 11.
1009 5528 1237 5588 Mariae
1279 5529 1474 5606 Traj.,
1523 5534 1719 5588 rector
1763 5548 1892 5606 par.
1934 5530 2083 5602 8881.

723 5638 798 5699 (18
838 5637 1200 5698 Heemstede
1242 5638 1387 5716 908,
1435 5639 1848 5698 1071-1073.

2253 724 2611 787 Nicolaus
2667 724 2855 787 818118
2910 725 2985 785 de
3025 724 3335 785 Dordraco
3380 742 3540 802 mag.
3583 730 3700 784 art.

2333 841 2396 895 et
2435 835 2534 896 lic.
2578 836 2643 893 in
2683 835 2955 913 legibus,
2997 853 3128 895 can.
3173 834 3337 912 Traj.
3382 834 3518 893 935.

2255 978 2329 990 -
2391 944 2465 1004 de
2519 944 2781 1024 Caputio
2821 945 3037 1023 capell.
3080 945 3342 1024 papalis,
3386 961 3593 1024 praep.
3639 944 3699 1004 8.

2333 1054 2691 1132 Andomari,
2735 1074 2831 1134 ep.
2874 1056 3066 1133 Traj.,
3110 1056 3326 1116 deinde
3371 1054 3429 1114 8.
3473 1055 3700 1116 Vitalis

2334 1165 2532 1242 presb.
2576 1164 2753 1226 Card.
2798 1171 2860 1225 et
2902 1185 2996 1244 ep.
3041 1165 3449 1241 Tusculanus,
3492 1184 3700 1245 praep.

2334 1273 2488 1333 Dav.
2532 1275 2881 1352 977-979,
2912 1276 3058 1352 982,
3093 1276 3275 1347 1389,
3308 1276 3492 1352 1423,
3524 1275 3699 1349 1447,

2339 1383 2521 1459 1502,
2584 1384 2767 1459 1504,
2826 1386 3012 1461 1562,
3059 1386 3235 1462 1669,
3288 1384 3474 1461 1765,
3519 1386 3702 1459 1869,

2336 1493 2496 1551 2030
2535 1493 2657 1552 Int.
2694 1492 2983 1571 XXXII,
3016 1494 3320 1571 XXXIV,
3348 1495 3427 1572 L,
3456 1495 3702 1572 LXXI,

2336 1600 2699 1662 LXXVIII.

2259 1743 2330 1753 —
2383 1710 2664 1788 Hugonis
2707 1713 2891 1772 abbas
2933 1712 3481 1791 Middelburgensis
3525 1716 3702 1774 1004.

2258 1852 2331 1862 -
2375 1819 2573 1879 dictus
2602 1820 2896 1880 Horlman
2925 1840 3055 1881 can.
3085 1821 3493 1883 Embricensis
3527 1825 3702 1883 1033.

2257 1961 2330 1971 -
2376 1927 2450 1986 de
2490 1928 2776 1988 Huesden
2823 1932 2995 1990 1262.

2263 2070 2336 2080 —
2381 2036 2457 2096 de
2499 2039 2662 2097 Laen
2707 2040 2907 2116 presb.
2953 2042 3126 2099 1094.

2259 2179 2332 2189 -
2376 2145 2626 2206 Η881181
2671 2146 2746 2205 de
2775 2148 3248 2227 Zevenberghen
3275 2154 3487 2230 capell.
3519 2154 3701 2214 Leod.

2337 2255 2557 2332 dioec„
2615 2256 2811 2317 benef.
2860 2258 2925 2315 in
2968 2258 3346 2321 districtibus
3389 2262 3552 2323 Holl.
3596 2270 3708 2324 aut

2339 2364 2664 2425 Zelandiae
2711 2368 2882 2427 1270.

2261 2508 2333 2517 -
2380 2472 2624 2534 8188811
2672 2476 2843 2535 1310.

2263 2617 2336 2627 -
2383 2583 2457 2643 de
2499 2584 2718 2662 Caliga
2758 2604 2888 2645 can.
2932 2586 3380 2666 Curtracensis,
3416 2596 3619 2653 custos
3645 2594 3703 2652 b.

2341 2692 2568 2753 Mariae
2611 2695 3032 2755 Curtracensis
3079 2698 3253 2758 1445.

2257 2834 2340 2846 -
2379 2800 2639 2871 Quinsot
2678 2823 2836 2882 mag.
2880 2805 3023 2865 cler.
3066 2806 3260 2866 benef.
3303 2825 3341 2867 a
3381 2828 3536 2870 mon.
3581 2812 3707 2890 Eg-

2339 2912 2652 2973 mundensi
2696 2915 2869 2974 1455.

2261 3054 2334 3064 —
2380 3021 2454 3081 de
2498 3021 2801 3102 Trampen
2842 3024 2985 3085 cler.
3031 3027 3214 3086 Leod.
3251 3027 3467 3106 dioec„
3510 3000 3706 3089 benef.

2338 3148 2377 3190 a
2417 3149 2548 3209 cap.
2593 3131 2652 3190 8.
2698 3131 2860 3193 Salv.
2905 3133 3069 3210 Traj.
3117 3136 3291 3195 1516.

2263 3272 2336 3282 -
2381 3239 2603 3299 Mudde
2644 3242 2766 3301 tab.
2816 3243 3002 3320 1570,
3044 3243 3166 3304 Int.
3209 3245 3442 3305 XLIX.

2269 3380 2336 3391 —
2380 3348 2536 3407 Hert
2579 3351 2777 3427 presb.
2826 3351 2998 3410 1583.

2265 3491 2339 3500 -
2384 3457 2458 3516 de
2496 3458 2734 3519 Patella
2761 3464 2877 3519 art.
2906 3479 3064 3538 mag.
3081 3505 3097 3538 ,
3126 3481 3257 3523 can.
3289 3463 3484 3542 Traj.,
3513 3466 3710 3526 benef.

2346 3584 2384 3626 a
2450 3585 2608 3628 mon.
2675 3568 3194 3648 Middelburgensi
3265 3574 3453 3652 1713,
3527 3576 3712 3651 1724,

2348 3676 2531 3752 1725,
2578 3678 2750 3737 1852.

2262 3816 2345 3828 -
2398 3785 2791 3846 Elfonisfabri
2845 3805 3003 3865 mag.
3060 3793 3208 3865 art.,
3250 3790 3391 3849 cler.
3435 3792 3630 3852 benef.
3674 3812 3716 3852 a

2345 3912 2501 3953 mon.
2545 3894 2952 3972 Egmondensi
3000 3898 3172 3957 1720.

2266 4036 2339 4046 -
2384 4003 2458 4062 de
2499 4002 2829 4081 Naeldwyc
2879 4006 3051 4064 1828.

2264 4144 2339 4154 -
2383 4109 2442 4170 8.
2474 4112 2702 4171 Mariae
2729 4113 2794 4171 in
2814 4113 2934 4172 Via
2952 4114 3110 4173 Lata
3136 4115 3287 4176 diac.
3319 4116 3497 4178 Card.
3532 4122 3707 4180 1853.

2266 4254 2339 4264 -
2384 4220 2458 4279 de
2500 4220 2775 4282 Caburco
2815 4226 3016 4283 rector
3044 4225 3191 4285 eccl.
3223 4225 3282 4284 8.
3312 4226 3708 4289 willebrordi

2344 4329 2419 4389 de
2461 4328 2676 4407 Hulst,
2705 4328 2921 4391 deinde
2963 4333 3365 4393 Bevernensis
3412 4337 3584 4396 1857.

2266 4471 2342 4482 -
2387 4445 2570 4497 natus
2598 4438 2837 4499 Nicolai
2868 4439 3141 4501 88811818
3161 4440 3528 4521 (8811811818)
3548 4464 3706 4524 mag.

2344 4552 2461 4607 art.
2514 4553 2578 4606 et
2630 4548 2784 4608 med.
2827 4550 3020 4626 11888.,
3072 4569 3202 4610 can.
3249 4550 3309 4612 8.
3354 4553 3494 4613 Joh.
3542 4554 3706 4632 Traj.

2350 4657 2534 4732 1933,
2576 4657 2752 4716 2222.

2265 4798 2339 4809 -
2383 4764 2681 4843 Riquardi
2724 4768 2888 4828 11888.
2932 4769 2997 4826 111
3038 4769 3310 4848 legibus,
3366 4789 3496 4831 8811.
3542 4772 3706 4849 Traj.

2348 4876 2521 4935 1952.

2263 5016 2345 5028 -
2398 4985 2707 5044 Lamberti
2763 4986 2989 5063 presb„
3045 4988 3210 5047 11888.
3268 4987 3460 5065 decr„
3509 4996 3709 5050 rector

2345 5093 2491 5153 eccl.
2552 5092 2612 5153 8.
2668 5094 2874 5152 Livini
2929 5093 3003 5154 de
3057 5095 3397 5173 Zierikzee,
3459 5117 3590 5160 can.
3649 5099 3709 5159 8.

2295 5186 2305 5193 ”
2346 5200 2518 5260 Ρ8111
2561 5201 2725 5279 Traj.
2774 5203 2948 5263 1961.

2268 5344 2341 5355 -
2384 5311 2632 5371 Martini
2671 5330 2801 5371 can.
2848 5311 2907 5372 8.
2951 5312 3091 5372 Joh.
3137 5313 3299 5389 Traj.
3350 5315 3520 5374 1969.

2269 5453 2342 5463 -
2386 5418 2463 5480 de
2503 5421 2745 5480 Loenen
2785 5421 3048 5499 armiger
3090 5422 3265 5482 2061.

2268 5562 2342 5573 -
2387 5529 2589 5590 dictus
2615 5529 2842 5590 Nerine
2870 5531 3096 5610 presb.,
3129 5531 3345 5610 capell.
3376 5531 3435 5591 8.
3465 5530 3708 5607 Crucis,

2264 5637 2482 5698 deinde
2524 5639 2640 5699 vic.
2682 5639 2739 5698 b.
2783 5639 3008 5700 Mariae
3051 5639 3213 5717 Traj.
3257 5641 3437 5701 2073.

3394 5765 3467 5822 61
