<?xml version="1.0" encoding="UTF-8"?>
<!DOCTYPE html PUBLIC "-//W3C//DTD XHTML 1.0 Transitional//EN"
    "http://www.w3.org/TR/xhtml1/DTD/xhtml1-transitional.dtd">
<html xmlns="http://www.w3.org/1999/xhtml" xml:lang="en" lang="en">
 <head>
  <title>
</title>
<meta http-equiv="Content-Type" content="text/html;charset=utf-8" />
  <meta name='ocr-system' content='tesseract 3.04.00' />
  <meta name='ocr-capabilities' content='ocr_page ocr_carea ocr_par ocr_line ocrx_word'/>
</head>
<body>
  <div class='ocr_page' id='page_1' title='image "./bullariumtrajec00nethgoog_0372.png"; bbox 0 0 4450 6684; ppageno 0'>
   <div class='ocr_carea' id='block_1_1' title="bbox 836 398 2655 466">
    <p class='ocr_par' dir='ltr' id='par_1_1' title="bbox 836 398 2655 466">
     <span class='ocr_line' id='line_1_1' title="bbox 836 398 2655 466; baseline -0.002 -1"><span class='ocrx_word' id='word_1_1' title='bbox 836 402 969 466; x_wconf 80' lang='lat'><strong><em>270</em></strong></span> <span class='ocrx_word' id='word_1_2' title='bbox 2086 398 2488 465; x_wconf 58' lang='lat' dir='ltr'><strong><em>Gna-aomos</em></strong></span> <span class='ocrx_word' id='word_1_3' title='bbox 2533 398 2655 463; x_wconf 83' lang='lat' dir='ltr'><strong><em>XI.</em></strong></span> 
     </span>
    </p>
   </div>
   <div class='ocr_carea' id='block_1_2' title="bbox 831 621 2904 704">
    <p class='ocr_par' dir='ltr' id='par_1_2' title="bbox 831 621 2904 704">
     <span class='ocr_line' id='line_1_2' title="bbox 831 621 2904 704; baseline -0.003 -14"><span class='ocrx_word' id='word_1_4' title='bbox 831 621 1029 691; x_wconf 74' lang='lat'><strong><em>2214.</em></strong></span> <span class='ocrx_word' id='word_1_5' title='bbox 1831 623 2041 704; x_wconf 87' lang='lat'><strong><em>1375,</em></strong></span> <span class='ocrx_word' id='word_1_6' title='bbox 2090 622 2326 686; x_wconf 80' lang='lat' dir='ltr'><strong><em>Martii</em></strong></span> <span class='ocrx_word' id='word_1_7' title='bbox 2372 623 2492 703; x_wconf 78' lang='lat'><strong><em>14,</em></strong></span> <span class='ocrx_word' id='word_1_8' title='bbox 2541 623 2904 686; x_wconf 82' lang='lat' dir='ltr'><strong><em>Avenionis.</em></strong></span> 
     </span>
    </p>
   </div>
   <div class='ocr_carea' id='block_1_3' title="bbox 1044 775 3906 1184">
    <p class='ocr_par' dir='ltr' id='par_1_3' title="bbox 1044 775 3906 1184">
     <span class='ocr_line' id='line_1_3' title="bbox 1152 775 3906 858; baseline -0.001 -15"><span class='ocrx_word' id='word_1_9' title='bbox 1152 778 1480 843; x_wconf 80' lang='lat' dir='ltr'><strong><em>Everardo</em></strong></span> <span class='ocrx_word' id='word_1_10' title='bbox 1526 786 1677 842; x_wconf 91' lang='lat' dir='ltr'><strong><em>nato</em></strong></span> <span class='ocrx_word' id='word_1_11' title='bbox 1725 776 1952 842; x_wconf 85' lang='lat' dir='ltr'><strong><em>nobilis</em></strong></span> <span class='ocrx_word' id='word_1_12' title='bbox 1997 778 2222 841; x_wconf 86' lang='lat' dir='ltr'><strong><em>militis</em></strong></span> <span class='ocrx_word' id='word_1_13' title='bbox 2260 776 2450 841; x_wconf 88' lang='lat' dir='ltr'><strong><em>Petri</em></strong></span> <span class='ocrx_word' id='word_1_14' title='bbox 2490 776 2565 840; x_wconf 92' lang='lat' dir='ltr'><strong><em>de</em></strong></span> <span class='ocrx_word' id='word_1_15' title='bbox 2595 775 2835 841; x_wconf 79' lang='lat' dir='ltr'><strong><em>Blehen</em></strong></span> <span class='ocrx_word' id='word_1_16' title='bbox 2867 777 2914 858; x_wconf 88' lang='lat'><strong><em>¹)</em></strong></span> <span class='ocrx_word' id='word_1_17' title='bbox 2961 775 3382 858; x_wconf 81' lang='lat' dir='ltr'><strong><em>conferuntur</em></strong></span> <span class='ocrx_word' id='word_1_18' title='bbox 3411 778 3818 840; x_wconf 76' lang='lat' dir='ltr'><strong><em>canonicatus</em></strong></span> <span class='ocrx_word' id='word_1_19' title='bbox 3846 782 3906 840; x_wconf 85' lang='lat' dir='ltr'><strong><em>et</em></strong></span> 
     </span>
     <span class='ocr_line' id='line_1_4' title="bbox 1044 880 3900 970; baseline -0.002 -21"><span class='ocrx_word' id='word_1_20' title='bbox 1044 884 1441 970; x_wconf 81' lang='lat' dir='ltr'><strong><em>praebenda,</em></strong></span> <span class='ocrx_word' id='word_1_21' title='bbox 1490 884 1559 947; x_wconf 88' lang='lat' dir='ltr'><strong><em>in</em></strong></span> <span class='ocrx_word' id='word_1_22' title='bbox 1605 884 1859 948; x_wconf 86' lang='lat' dir='ltr'><strong><em>ecclesia</em></strong></span> <span class='ocrx_word' id='word_1_23' title='bbox 1914 882 2094 964; x_wconf 84' lang='lat' dir='ltr'><strong><em>Traj.</em></strong></span> <span class='ocrx_word' id='word_1_24' title='bbox 2143 889 2436 947; x_wconf 82' lang='lat' dir='ltr'><strong><em>vacantes</em></strong></span> <span class='ocrx_word' id='word_1_25' title='bbox 2471 903 2595 967; x_wconf 80' lang='lat' dir='ltr'><strong><em>per</em></strong></span> <span class='ocrx_word' id='word_1_26' title='bbox 2641 882 2876 947; x_wconf 83' lang='lat' dir='ltr'><strong><em>obitum</em></strong></span> <span class='ocrx_word' id='word_1_27' title='bbox 2918 881 3154 945; x_wconf 84' lang='lat' dir='ltr'><strong><em>Reneri</em></strong></span> <span class='ocrx_word' id='word_1_28' title='bbox 3183 881 3259 945; x_wconf 99' lang='lat' dir='ltr'><strong><em>de</em></strong></span> <span class='ocrx_word' id='word_1_29' title='bbox 3291 880 3555 945; x_wconf 85' lang='lat' dir='ltr'><strong><em>Braemt</em></strong></span> <span class='ocrx_word' id='word_1_30' title='bbox 3576 882 3661 963; x_wconf 77' lang='lat'><strong><em>2),</em></strong></span> <span class='ocrx_word' id='word_1_31' title='bbox 3713 880 3900 945; x_wconf 86' lang='lat' dir='ltr'><strong><em>Petri</em></strong></span> 
     </span>
     <span class='ocr_line' id='line_1_5' title="bbox 1055 987 3895 1072; baseline -0.002 -16"><span class='ocrx_word' id='word_1_32' title='bbox 1055 992 1123 1056; x_wconf 82' lang='lat' dir='ltr'><strong><em>S.</em></strong></span> <span class='ocrx_word' id='word_1_33' title='bbox 1158 991 1414 1055; x_wconf 82' lang='lat' dir='ltr'><strong><em>Mariae</em></strong></span> <span class='ocrx_word' id='word_1_34' title='bbox 1444 993 1512 1055; x_wconf 83' lang='lat' dir='ltr'><strong><em>in</em></strong></span> <span class='ocrx_word' id='word_1_35' title='bbox 1549 989 1673 1055; x_wconf 83' lang='lat' dir='ltr'><strong><em>Via</em></strong></span> <span class='ocrx_word' id='word_1_36' title='bbox 1706 990 1879 1055; x_wconf 89' lang='lat' dir='ltr'><strong><em>Lata</em></strong></span> <span class='ocrx_word' id='word_1_37' title='bbox 1908 990 2160 1055; x_wconf 88' lang='lat' dir='ltr'><strong><em>diaconi</em></strong></span> <span class='ocrx_word' id='word_1_38' title='bbox 2194 988 2540 1055; x_wconf 83' lang='lat' dir='ltr'><strong><em>Cardinali</em></strong></span> <span class='ocrx_word' id='word_1_39' title='bbox 2568 989 2951 1072; x_wconf 82' lang='lat' dir='ltr'><strong><em>familiaris,</em></strong></span> <span class='ocrx_word' id='word_1_40' title='bbox 2984 987 3164 1072; x_wconf 82' lang='lat' dir='ltr'><strong><em>apud</em></strong></span> <span class='ocrx_word' id='word_1_41' title='bbox 3193 990 3439 1052; x_wconf 85' lang='lat' dir='ltr'><strong><em>curiam</em></strong></span> <span class='ocrx_word' id='word_1_42' title='bbox 3469 987 3777 1069; x_wconf 78' lang='lat' dir='ltr'><strong><em>defuncti.</em></strong></span> <span class='ocrx_word' id='word_1_43' title='bbox 3815 1025 3895 1036; x_wconf 91' lang='lat'><strong><em>—-</em></strong></span> 
     </span>
     <span class='ocr_line' id='line_1_6' title="bbox 1056 1099 1888 1184; baseline -0.002 -21"><span class='ocrx_word' id='word_1_44' title='bbox 1056 1099 1474 1184; x_wconf 84' lang='lat' dir='ltr'><strong><em>Deputantur</em></strong></span> <span class='ocrx_word' id='word_1_45' title='bbox 1519 1106 1888 1162; x_wconf 73' lang='lat' dir='ltr'><strong><em>executores.</em></strong></span> 
     </span>
    </p>
   </div>
   <div class='ocr_carea' id='block_1_4' title="bbox 1057 1274 3565 1462">
    <p class='ocr_par' dir='ltr' id='par_1_4' title="bbox 1057 1274 3565 1462">
     <span class='ocr_line' id='line_1_7' title="bbox 1057 1274 3565 1366; baseline -0.004 -20"><span class='ocrx_word' id='word_1_46' title='bbox 1057 1280 1382 1346; x_wconf 77' lang='lat' dir='ltr'>Nobilitas</span> <span class='ocrx_word' id='word_1_47' title='bbox 1429 1283 1714 1366; x_wconf 80' lang='lat' dir='ltr'><strong><em>generis.</em></strong></span> <span class='ocrx_word' id='word_1_48' title='bbox 1741 1328 1756 1344; x_wconf 87' lang='lat'><strong><em>.</em></strong></span> <span class='ocrx_word' id='word_1_49' title='bbox 1785 1327 1802 1345; x_wconf 92' lang='lat'><strong><em>.</em></strong></span> <span class='ocrx_word' id='word_1_50' title='bbox 1831 1328 1847 1345; x_wconf 92' lang='lat'><strong><em>.</em></strong></span> <span class='ocrx_word' id='word_1_51' title='bbox 1897 1281 2052 1347; x_wconf 80' lang='lat' dir='ltr'><strong><em>Dat.</em></strong></span> <span class='ocrx_word' id='word_1_52' title='bbox 2102 1280 2471 1359; x_wconf 78' lang='lat' dir='ltr'><strong><em>Avinione,</em></strong></span> <span class='ocrx_word' id='word_1_53' title='bbox 2522 1277 2592 1341; x_wconf 93' lang='lat'><strong><em>11</em></strong></span> <span class='ocrx_word' id='word_1_54' title='bbox 2637 1275 2735 1340; x_wconf 88' lang='lat' dir='ltr'><strong><em>Id.</em></strong></span> <span class='ocrx_word' id='word_1_55' title='bbox 2785 1275 3042 1358; x_wconf 78' lang='lat' dir='ltr'><strong><em>Martii,</em></strong></span> <span class='ocrx_word' id='word_1_56' title='bbox 3092 1295 3266 1339; x_wconf 75' lang='lat' dir='ltr'><strong><em>anno</em></strong></span> <span class='ocrx_word' id='word_1_57' title='bbox 3314 1274 3565 1361; x_wconf 80' lang='lat' dir='ltr'><strong><em>quinto.</em></strong></span> 
     </span>
     <span class='ocr_line' id='line_1_8' title="bbox 1243 1397 1989 1462; baseline 0.001 -15"><span class='ocrx_word' id='word_1_58' title='bbox 1243 1399 1505 1462; x_wconf 69' lang='lat' dir='ltr'><strong><em>1229.Av.</em></strong></span> <span class='ocrx_word' id='word_1_59' title='bbox 1550 1400 1605 1447; x_wconf 94' lang='lat' dir='ltr'><strong><em>T.</em></strong></span> <span class='ocrx_word' id='word_1_60' title='bbox 1638 1397 1727 1459; x_wconf 58' lang='grc' dir='ltr'><strong><em>αθ,</em></strong></span> <span class='ocrx_word' id='word_1_61' title='bbox 1754 1399 1815 1461; x_wconf 79' lang='lat' dir='ltr'><strong><em>s.</em></strong></span> <span class='ocrx_word' id='word_1_62' title='bbox 1857 1397 1989 1448; x_wconf 63' lang='lat' dir='ltr'><strong><em>mv.</em></strong></span> 
     </span>
    </p>
   </div>
   <div class='ocr_carea' id='block_1_5' title="bbox 984 1518 3012 1589">
    <p class='ocr_par' dir='ltr' id='par_1_5' title="bbox 984 1518 3012 1589">
     <span class='ocr_line' id='line_1_9' title="bbox 984 1518 3012 1589; baseline -0.001 -16"><span class='ocrx_word' id='word_1_63' title='bbox 984 1522 1035 1586; x_wconf 81' lang='grc' dir='ltr'><strong><em>Ι)</em></strong></span> <span class='ocrx_word' id='word_1_64' title='bbox 1070 1522 1245 1589; x_wconf 70' lang='lat' dir='ltr'><strong><em>Pagus</em></strong></span> <span class='ocrx_word' id='word_1_65' title='bbox 1280 1524 1337 1573; x_wconf 83' lang='lat' dir='ltr'><strong><em>in</em></strong></span> <span class='ocrx_word' id='word_1_66' title='bbox 1373 1523 1641 1573; x_wconf 73' lang='lat' dir='ltr'><strong><em>territorio</em></strong></span> <span class='ocrx_word' id='word_1_67' title='bbox 1674 1523 1967 1573; x_wconf 74' lang='lat' dir='ltr'><strong><em>Leodiensi.</em></strong></span> <span class='ocrx_word' id='word_1_68' title='bbox 2168 1522 2226 1587; x_wconf 78' lang='lat'><strong><em>2)</em></strong></span> <span class='ocrx_word' id='word_1_69' title='bbox 2261 1522 2434 1573; x_wconf 82' lang='lat' dir='ltr'><strong><em>Codex</em></strong></span> <span class='ocrx_word' id='word_1_70' title='bbox 2471 1520 2656 1571; x_wconf 74' lang='lat' dir='ltr'><strong><em>habet:</em></strong></span> <span class='ocrx_word' id='word_1_71' title='bbox 2693 1521 2758 1570; x_wconf 81' lang='lat' dir='ltr'><strong><em>de</em></strong></span> <span class='ocrx_word' id='word_1_72' title='bbox 2793 1518 3012 1570; x_wconf 77' lang='lat' dir='ltr'><strong><em>Braent.</em></strong></span> 
     </span>
    </p>
   </div>
   <div class='ocr_carea' id='block_1_6' title="bbox 830 1940 2900 2024">
    <p class='ocr_par' dir='ltr' id='par_1_6' title="bbox 830 1940 2900 2024">
     <span class='ocr_line' id='line_1_10' title="bbox 830 1940 2900 2024; baseline -0.002 -16"><span class='ocrx_word' id='word_1_73' title='bbox 830 1941 1021 2008; x_wconf 74' lang='lat'><strong><em>2215.</em></strong></span> <span class='ocrx_word' id='word_1_74' title='bbox 1827 1942 2040 2024; x_wconf 88' lang='lat'><strong><em>1375,</em></strong></span> <span class='ocrx_word' id='word_1_75' title='bbox 2088 1940 2325 2005; x_wconf 85' lang='lat' dir='ltr'><strong><em>Martii</em></strong></span> <span class='ocrx_word' id='word_1_76' title='bbox 2368 1942 2488 2024; x_wconf 70' lang='lat'><strong><em>14,</em></strong></span> <span class='ocrx_word' id='word_1_77' title='bbox 2538 1941 2900 2005; x_wconf 82' lang='lat' dir='ltr'><strong><em>Avenionis.</em></strong></span> 
     </span>
    </p>
   </div>
   <div class='ocr_carea' id='block_1_7' title="bbox 1143 2093 3897 2180">
    <p class='ocr_par' dir='ltr' id='par_1_7' title="bbox 1143 2093 3897 2180">
     <span class='ocr_line' id='line_1_11' title="bbox 1143 2093 3897 2180; baseline 0.001 -21"><span class='ocrx_word' id='word_1_78' title='bbox 1143 2094 1600 2180; x_wconf 82' lang='lat' dir='ltr'><strong><em>Infrascriptis</em></strong></span> <span class='ocrx_word' id='word_1_79' title='bbox 1646 2094 2014 2177; x_wconf 86' lang='lat' dir='ltr'><strong><em>mandatur,</em></strong></span> <span class='ocrx_word' id='word_1_80' title='bbox 2064 2102 2136 2158; x_wconf 86' lang='lat' dir='ltr'><strong><em>ut</em></strong></span> <span class='ocrx_word' id='word_1_81' title='bbox 2180 2093 2474 2160; x_wconf 78' lang='lat' dir='ltr'><strong><em>Johanni</em></strong></span> <span class='ocrx_word' id='word_1_82' title='bbox 2517 2096 2594 2159; x_wconf 92' lang='lat' dir='ltr'><strong><em>de</em></strong></span> <span class='ocrx_word' id='word_1_83' title='bbox 2641 2095 2926 2159; x_wconf 84' lang='lat' dir='ltr'><strong><em>Pierwez</em></strong></span> <span class='ocrx_word' id='word_1_84' title='bbox 2955 2096 3005 2179; x_wconf 87' lang='lat'><strong><em>¹)</em></strong></span> <span class='ocrx_word' id='word_1_85' title='bbox 3053 2096 3348 2160; x_wconf 88' lang='lat' dir='ltr'><strong><em>canonico</em></strong></span> <span class='ocrx_word' id='word_1_86' title='bbox 3387 2096 3676 2159; x_wconf 86' lang='lat' dir='ltr'><strong><em>ecclesiae</em></strong></span> <span class='ocrx_word' id='word_1_87' title='bbox 3715 2095 3897 2179; x_wconf 86' lang='lat' dir='ltr'><strong><em>Traj.</em></strong></span> 
     </span>
    </p>
   </div>
   <div class='ocr_carea' id='block_1_8' title="bbox 1050 2201 3903 2391">
    <p class='ocr_par' dir='ltr' id='par_1_8' title="bbox 1050 2201 3903 2391">
     <span class='ocr_line' id='line_1_12' title="bbox 1050 2201 3903 2287; baseline 0.001 -22"><span class='ocrx_word' id='word_1_88' title='bbox 1050 2201 1385 2283; x_wconf 80' lang='lat' dir='ltr'><strong><em>conferant</em></strong></span> <span class='ocrx_word' id='word_1_89' title='bbox 1443 2202 1940 2287; x_wconf 80' lang='lat' dir='ltr'><strong><em>supplementum</em></strong></span> <span class='ocrx_word' id='word_1_90' title='bbox 2006 2205 2072 2265; x_wconf 86' lang='lat' dir='ltr'><strong><em>in</em></strong></span> <span class='ocrx_word' id='word_1_91' title='bbox 2135 2202 2348 2265; x_wconf 87' lang='lat' dir='ltr'><strong><em>eadem</em></strong></span> <span class='ocrx_word' id='word_1_92' title='bbox 2406 2222 2638 2266; x_wconf 83' lang='lat' dir='ltr'><strong><em>vacans</em></strong></span> <span class='ocrx_word' id='word_1_93' title='bbox 2690 2224 2814 2287; x_wconf 80' lang='lat' dir='ltr'><strong><em>per</em></strong></span> <span class='ocrx_word' id='word_1_94' title='bbox 2874 2201 3109 2266; x_wconf 84' lang='lat' dir='ltr'><strong><em>obitum</em></strong></span> <span class='ocrx_word' id='word_1_95' title='bbox 3177 2201 3521 2266; x_wconf 81' lang='lat' dir='ltr'><strong><em>Guillermi</em></strong></span> <span class='ocrx_word' id='word_1_96' title='bbox 3593 2202 3713 2283; x_wconf 83' lang='lat' dir='ltr'><strong><em>„de</em></strong></span> <span class='ocrx_word' id='word_1_97' title='bbox 3778 2203 3903 2268; x_wconf 79' lang='lat' dir='ltr'><strong><em>Ys-</em></strong></span> 
     </span>
     <span class='ocr_line' id='line_1_13' title="bbox 1050 2308 1510 2391; baseline -0.002 -19"><span class='ocrx_word' id='word_1_98' title='bbox 1050 2308 1430 2373; x_wconf 81' lang='lat' dir='ltr'><strong><em>selhstien.”</em></strong></span> <span class='ocrx_word' id='word_1_99' title='bbox 1456 2309 1510 2391; x_wconf 79' lang='lat'><strong><em>2)</em></strong></span> 
     </span>
    </p>
   </div>
   <div class='ocr_carea' id='block_1_9' title="bbox 825 2489 3895 2681">
    <p class='ocr_par' dir='ltr' id='par_1_9' title="bbox 825 2489 3895 2681">
     <span class='ocr_line' id='line_1_14' title="bbox 1048 2489 3895 2577; baseline 0.002 -24"><span class='ocrx_word' id='word_1_100' title='bbox 1048 2489 1430 2554; x_wconf 76' lang='lat' dir='ltr'><strong><em>Venerabili</em></strong></span> <span class='ocrx_word' id='word_1_101' title='bbox 1500 2489 1685 2554; x_wconf 82' lang='lat' dir='ltr'><strong><em>fratri</em></strong></span> <span class='ocrx_word' id='word_1_102' title='bbox 1754 2490 2061 2577; x_wconf 81' lang='lat' dir='ltr'><strong><em>episcopo</em></strong></span> <span class='ocrx_word' id='word_1_103' title='bbox 2131 2490 2537 2576; x_wconf 83' lang='lat' dir='ltr'><strong><em>Lingonensi</em></strong></span> <span class='ocrx_word' id='word_1_104' title='bbox 2611 2498 2681 2556; x_wconf 83' lang='lat' dir='ltr'><strong><em>et</em></strong></span> <span class='ocrx_word' id='word_1_105' title='bbox 2750 2490 3010 2556; x_wconf 82' lang='lat' dir='ltr'><strong><em>dilectis</em></strong></span> <span class='ocrx_word' id='word_1_106' title='bbox 3082 2491 3235 2555; x_wconf 86' lang='lat' dir='ltr'><strong><em>filiis</em></strong></span> <span class='ocrx_word' id='word_1_107' title='bbox 3305 2493 3557 2555; x_wconf 80' lang='lat' dir='ltr'><strong><em>cantori</em></strong></span> <span class='ocrx_word' id='word_1_108' title='bbox 3621 2492 3895 2558; x_wconf 78' lang='lat' dir='ltr'><strong><em>ecclesie</em></strong></span> 
     </span>
     <span class='ocr_line' id='line_1_15' title="bbox 825 2595 2581 2681; baseline 0 -19"><span class='ocrx_word' id='word_1_109' title='bbox 825 2596 1208 2681; x_wconf 76' lang='lat' dir='ltr'><strong><em>Bajooensis</em></strong></span> <span class='ocrx_word' id='word_1_110' title='bbox 1255 2616 1331 2660; x_wconf 80' lang='lat' dir='ltr'><strong><em>ao</em></strong></span> <span class='ocrx_word' id='word_1_111' title='bbox 1379 2595 1638 2661; x_wconf 81' lang='lat' dir='ltr'><strong><em>officiali</em></strong></span> <span class='ocrx_word' id='word_1_112' title='bbox 1685 2596 2093 2681; x_wconf 78' lang='lat' dir='ltr'><strong><em>Trajectensi</em></strong></span> <span class='ocrx_word' id='word_1_113' title='bbox 2141 2597 2419 2661; x_wconf 81' lang='lat' dir='ltr'><strong><em>salutem</em></strong></span> <span class='ocrx_word' id='word_1_114' title='bbox 2468 2605 2581 2662; x_wconf 88' lang='lat' dir='ltr'><strong><em>etc.</em></strong></span> 
     </span>
    </p>
   </div>
   <div class='ocr_carea' id='block_1_10' title="bbox 1050 2702 3706 2884">
    <p class='ocr_par' dir='ltr' id='par_1_10' title="bbox 1050 2702 3706 2884">
     <span class='ocr_line' id='line_1_16' title="bbox 1050 2702 3706 2791; baseline -0.001 -21"><span class='ocrx_word' id='word_1_115' title='bbox 1050 2703 1442 2770; x_wconf 79' lang='lat' dir='ltr'><strong><em>Laudabilia</em></strong></span> <span class='ocrx_word' id='word_1_116' title='bbox 1487 2703 1854 2791; x_wconf 78' lang='lat' dir='ltr'><strong>probitatis.</strong></span> <span class='ocrx_word' id='word_1_117' title='bbox 1884 2751 1901 2768; x_wconf 90' lang='lat'><strong><em>.</em></strong></span> <span class='ocrx_word' id='word_1_118' title='bbox 1932 2752 1947 2767; x_wconf 93' lang='lat'><strong><em>.</em></strong></span> <span class='ocrx_word' id='word_1_119' title='bbox 1974 2750 1990 2766; x_wconf 92' lang='lat'><strong><em>.</em></strong></span> <span class='ocrx_word' id='word_1_120' title='bbox 2038 2704 2192 2768; x_wconf 79' lang='lat' dir='ltr'><strong><em>Dat.</em></strong></span> <span class='ocrx_word' id='word_1_121' title='bbox 2242 2702 2608 2788; x_wconf 79' lang='lat' dir='ltr'><strong><em>Avinione‚</em></strong></span> <span class='ocrx_word' id='word_1_122' title='bbox 2657 2705 2727 2769; x_wconf 90' lang='lat' dir='ltr'>H</span> <span class='ocrx_word' id='word_1_123' title='bbox 2771 2704 2870 2769; x_wconf 89' lang='lat' dir='ltr'><strong><em>Id.</em></strong></span> <span class='ocrx_word' id='word_1_124' title='bbox 2920 2705 3176 2786; x_wconf 79' lang='lat' dir='ltr'><strong><em>Martii,</em></strong></span> <span class='ocrx_word' id='word_1_125' title='bbox 3228 2725 3401 2770; x_wconf 82' lang='lat' dir='ltr'><strong><em>anno</em></strong></span> <span class='ocrx_word' id='word_1_126' title='bbox 3451 2704 3706 2790; x_wconf 80' lang='lat' dir='ltr'><strong><em>quinto.</em></strong></span> 
     </span>
     <span class='ocr_line' id='line_1_17' title="bbox 1242 2818 1986 2884; baseline 0.001 -15"><span class='ocrx_word' id='word_1_127' title='bbox 1242 2820 1370 2884; x_wconf 68' lang='lat' dir='ltr'><strong><em>Ray.</em></strong></span> <span class='ocrx_word' id='word_1_128' title='bbox 1407 2822 1505 2870; x_wconf 67' lang='lat' dir='ltr'><strong><em>An.</em></strong></span> <span class='ocrx_word' id='word_1_129' title='bbox 1547 2822 1601 2870; x_wconf 92' lang='lat' dir='ltr'><strong><em>T.</em></strong></span> <span class='ocrx_word' id='word_1_130' title='bbox 1636 2819 1725 2884; x_wconf 78' lang='lat'><strong><em>27,</em></strong></span> <span class='ocrx_word' id='word_1_131' title='bbox 1751 2821 1812 2884; x_wconf 82' lang='lat' dir='ltr'><strong><em>s.</em></strong></span> <span class='ocrx_word' id='word_1_132' title='bbox 1846 2818 1986 2870; x_wconf 68' lang='lat'><strong><em>1350.</em></strong></span> 
     </span>
    </p>
   </div>
   <div class='ocr_carea' id='block_1_11' title="bbox 975 2948 3110 3116">
    <p class='ocr_par' dir='ltr' id='par_1_11' title="bbox 975 2948 3110 3116">
     <span class='ocr_line' id='line_1_18' title="bbox 975 2948 3110 3116; baseline 0.002 -116"><span class='ocrx_word' id='word_1_133' title='bbox 975 2948 1033 3015; x_wconf 86' lang='lat'><strong><em>1)</em></strong></span> <span class='ocrx_word' id='word_1_134' title='bbox 1070 2948 1240 3001; x_wconf 77' lang='lat' dir='ltr'><strong><em>Codex</em></strong></span> <span class='ocrx_word' id='word_1_135' title='bbox 1276 2949 1461 3002; x_wconf 74' lang='lat' dir='ltr'><strong><em>habet:</em></strong></span> <span class='ocrx_word' id='word_1_136' title='bbox 1499 2950 1564 3001; x_wconf 78' lang='lat' dir='ltr'><strong><em>de</em></strong></span> <span class='ocrx_word' id='word_1_137' title='bbox 1598 2949 1872 3000; x_wconf 69' lang='lat' dir='ltr'><strong><em>Pion-ima.</em></strong></span> <span class='ocrx_word' id='word_1_138' title='bbox 2072 2948 2130 3013; x_wconf 73' lang='lat'><strong><em>2)</em></strong></span> <span class='ocrx_word' id='word_1_139' title='bbox 2165 2948 2271 3000; x_wconf 71' lang='lat' dir='ltr'><strong><em>Cir.</em></strong></span> <span class='ocrx_word' id='word_1_140' title='bbox 2305 2964 2469 3016; x_wconf 76' lang='lat' dir='ltr'><strong><em>supra</em></strong></span> <span class='ocrx_word' id='word_1_141' title='bbox 2503 2967 2655 3003; x_wconf 81' lang='lat' dir='ltr'><strong><em>num.</em></strong></span> <span class='ocrx_word' id='word_1_142' title='bbox 2693 2952 2844 3004; x_wconf 75' lang='lat'><strong><em>2192.</em></strong></span> <span class='ocrx_word' id='word_1_143' title='bbox 2971 2983 3110 3116; x_wconf 52' lang='lat' dir='ltr'><strong>b</strong></span> 
     </span>
    </p>
   </div>
   <div class='ocr_carea' id='block_1_12' title="bbox 824 3363 2908 3453">
    <p class='ocr_par' dir='ltr' id='par_1_12' title="bbox 824 3363 2908 3453">
     <span class='ocr_line' id='line_1_19' title="bbox 824 3363 2908 3453; baseline 0 -21"><span class='ocrx_word' id='word_1_144' title='bbox 824 3363 1018 3433; x_wconf 71' lang='lat'><strong><em>2216.</em></strong></span> <span class='ocrx_word' id='word_1_145' title='bbox 1821 3369 2039 3451; x_wconf 86' lang='lat'><strong><em>1375,</em></strong></span> <span class='ocrx_word' id='word_1_146' title='bbox 2089 3368 2327 3433; x_wconf 82' lang='lat' dir='ltr'><strong><em>Martii</em></strong></span> <span class='ocrx_word' id='word_1_147' title='bbox 2370 3372 2498 3453; x_wconf 87' lang='grc'><strong><em>16,</em></strong></span> <span class='ocrx_word' id='word_1_148' title='bbox 2546 3371 2908 3434; x_wconf 82' lang='lat' dir='ltr'><strong><em>Avenionis.</em></strong></span> 
     </span>
    </p>
   </div>
   <div class='ocr_carea' id='block_1_13' title="bbox 1048 3520 3906 4249">
    <p class='ocr_par' dir='ltr' id='par_1_13' title="bbox 1048 3520 3906 4249">
     <span class='ocr_line' id='line_1_20' title="bbox 1141 3520 3906 3609; baseline 0.003 -25"><span class='ocrx_word' id='word_1_149' title='bbox 1141 3520 1459 3607; x_wconf 74' lang='lat' dir='ltr'><strong><em>Maqistro</em></strong></span> <span class='ocrx_word' id='word_1_150' title='bbox 1494 3521 1761 3587; x_wconf 87' lang='lat' dir='ltr'><strong><em>Nicolao</em></strong></span> <span class='ocrx_word' id='word_1_151' title='bbox 1793 3522 1868 3586; x_wconf 88' lang='lat' dir='ltr'><strong><em>de</em></strong></span> <span class='ocrx_word' id='word_1_152' title='bbox 1903 3522 2238 3605; x_wconf 80' lang='lat' dir='ltr'><strong><em>Cremona,</em></strong></span> <span class='ocrx_word' id='word_1_153' title='bbox 2273 3543 2614 3587; x_wconf 81' lang='lat' dir='ltr'><strong><em>causarum</em></strong></span> <span class='ocrx_word' id='word_1_154' title='bbox 2634 3524 2880 3609; x_wconf 81' lang='lat' dir='ltr'><strong><em>palatii</em></strong></span> <span class='ocrx_word' id='word_1_155' title='bbox 2910 3524 3245 3608; x_wconf 79' lang='lat' dir='ltr'><strong><em>apostolici</em></strong></span> <span class='ocrx_word' id='word_1_156' title='bbox 3273 3524 3592 3607; x_wconf 75' lang='lat' dir='ltr'><strong><em>auditori,</em></strong></span> <span class='ocrx_word' id='word_1_157' title='bbox 3625 3529 3906 3591; x_wconf 78' lang='lat' dir='ltr'><strong><em>commit·</em></strong></span> 
     </span>
     <span class='ocr_line' id='line_1_21' title="bbox 1059 3628 3900 3715; baseline 0.002 -24"><span class='ocrx_word' id='word_1_158' title='bbox 1059 3629 1249 3710; x_wconf 86' lang='lat' dir='ltr'><strong><em>titur,</em></strong></span> <span class='ocrx_word' id='word_1_159' title='bbox 1309 3636 1382 3693; x_wconf 83' lang='lat' dir='ltr'><strong><em>ut</em></strong></span> <span class='ocrx_word' id='word_1_160' title='bbox 1423 3630 1523 3693; x_wconf 82' lang='lat' dir='ltr'><strong><em>vel</em></strong></span> <span class='ocrx_word' id='word_1_161' title='bbox 1565 3629 1865 3693; x_wconf 78' lang='lat' dir='ltr'><strong><em>Andreae</em></strong></span> <span class='ocrx_word' id='word_1_162' title='bbox 1910 3628 2235 3693; x_wconf 79' lang='lat' dir='ltr'><strong><em>Johannis</em></strong></span> <span class='ocrx_word' id='word_1_163' title='bbox 2282 3628 2357 3692; x_wconf 88' lang='lat' dir='ltr'><strong><em>de</em></strong></span> <span class='ocrx_word' id='word_1_164' title='bbox 2403 3629 2853 3694; x_wconf 87' lang='lat' dir='ltr'><strong><em>Lederdamme</em></strong></span> <span class='ocrx_word' id='word_1_165' title='bbox 2886 3638 3202 3715; x_wconf 78' lang='lat' dir='ltr'><strong><em>perpetuo</em></strong></span> <span class='ocrx_word' id='word_1_166' title='bbox 3249 3633 3485 3696; x_wconf 84' lang='lat' dir='ltr'><strong><em>vicario</em></strong></span> <span class='ocrx_word' id='word_1_167' title='bbox 3531 3635 3600 3695; x_wconf 89' lang='lat' dir='ltr'><strong><em>in</em></strong></span> <span class='ocrx_word' id='word_1_168' title='bbox 3646 3633 3900 3697; x_wconf 84' lang='lat' dir='ltr'><strong><em>ecclesia</em></strong></span> 
     </span>
     <span class='ocr_line' id='line_1_22' title="bbox 1048 3734 3902 3821; baseline 0.002 -23"><span class='ocrx_word' id='word_1_169' title='bbox 1048 3735 1420 3819; x_wconf 82' lang='lat' dir='ltr'><strong><em>parochiali</em></strong></span> <span class='ocrx_word' id='word_1_170' title='bbox 1463 3735 1539 3799; x_wconf 88' lang='lat' dir='ltr'><strong><em>de</em></strong></span> <span class='ocrx_word' id='word_1_171' title='bbox 1569 3735 1911 3818; x_wconf 87' lang='lat' dir='ltr'><strong><em>Beverwic,</em></strong></span> <span class='ocrx_word' id='word_1_172' title='bbox 1959 3736 2057 3800; x_wconf 87' lang='lat' dir='ltr'><strong><em>vel</em></strong></span> <span class='ocrx_word' id='word_1_173' title='bbox 2091 3734 2368 3799; x_wconf 86' lang='lat' dir='ltr'><strong><em>Henrico</em></strong></span> <span class='ocrx_word' id='word_1_174' title='bbox 2399 3735 2474 3799; x_wconf 88' lang='lat' dir='ltr'><strong><em>de</em></strong></span> <span class='ocrx_word' id='word_1_175' title='bbox 2505 3736 2830 3821; x_wconf 74' lang='lat' dir='ltr'><strong><em>Montjoye</em></strong></span> <span class='ocrx_word' id='word_1_176' title='bbox 2858 3737 3081 3801; x_wconf 89' lang='lat' dir='ltr'><strong><em>clerico</em></strong></span> <span class='ocrx_word' id='word_1_177' title='bbox 3112 3736 3305 3801; x_wconf 87' lang='lat' dir='ltr'><strong><em>Leod.</em></strong></span> <span class='ocrx_word' id='word_1_178' title='bbox 3340 3736 3562 3820; x_wconf 88' lang='lat' dir='ltr'><strong><em>dioec.,</em></strong></span> <span class='ocrx_word' id='word_1_179' title='bbox 3594 3739 3902 3803; x_wconf 80' lang='lat' dir='ltr'><strong><em>alterutri</em></strong></span> 
     </span>
     <span class='ocr_line' id='line_1_23' title="bbox 1052 3842 3898 3930; baseline 0.001 -24"><span class='ocrx_word' id='word_1_180' title='bbox 1052 3843 1314 3924; x_wconf 86' lang='lat' dir='ltr'><strong><em>scilicet,</em></strong></span> <span class='ocrx_word' id='word_1_181' title='bbox 1365 3863 1546 3927; x_wconf 82' lang='lat' dir='ltr'><strong><em>quem</em></strong></span> <span class='ocrx_word' id='word_1_182' title='bbox 1579 3850 1733 3927; x_wconf 81' lang='lat' dir='ltr'><strong><em>post</em></strong></span> <span class='ocrx_word' id='word_1_183' title='bbox 1776 3842 2141 3928; x_wconf 75' lang='lat' dir='ltr'><strong><em>diliqentem</em></strong></span> <span class='ocrx_word' id='word_1_184' title='bbox 2183 3845 2708 3907; x_wconf 75' lang='lat' dir='ltr'><strong><em>examinationem</em></strong></span> <span class='ocrx_word' id='word_1_185' title='bbox 2750 3843 2838 3906; x_wconf 91' lang='lat' dir='ltr'><strong><em>ad</em></strong></span> <span class='ocrx_word' id='word_1_186' title='bbox 2868 3842 2982 3908; x_wconf 73' lang='lat' dir='ltr'><strong><em>hoc</em></strong></span> <span class='ocrx_word' id='word_1_187' title='bbox 3011 3844 3531 3927; x_wconf 81' lang='lat' dir='ltr'><strong><em>sufficientiorem</em></strong></span> <span class='ocrx_word' id='word_1_188' title='bbox 3560 3848 3898 3930; x_wconf 79' lang='lat' dir='ltr'><strong><em>repererit,</em></strong></span> 
     </span>
     <span class='ocr_line' id='line_1_24' title="bbox 1052 3948 3901 4036; baseline 0.001 -24"><span class='ocrx_word' id='word_1_189' title='bbox 1052 3948 1339 4031; x_wconf 84' lang='lat' dir='ltr'><strong><em>conferat</em></strong></span> <span class='ocrx_word' id='word_1_190' title='bbox 1384 3951 1821 4014; x_wconf 85' lang='lat' dir='ltr'><strong><em>canonicatum</em></strong></span> <span class='ocrx_word' id='word_1_191' title='bbox 1867 3957 1927 4013; x_wconf 91' lang='lat' dir='ltr'><strong><em>et</em></strong></span> <span class='ocrx_word' id='word_1_192' title='bbox 1961 3948 2392 4034; x_wconf 81' lang='lat' dir='ltr'><strong><em>praebendam</em></strong></span> <span class='ocrx_word' id='word_1_193' title='bbox 2438 3951 2725 4014; x_wconf 86' lang='lat' dir='ltr'><strong><em>ecclesiae</em></strong></span> <span class='ocrx_word' id='word_1_194' title='bbox 2770 3949 2823 4013; x_wconf 82' lang='lat' dir='ltr'><strong><em>b.</em></strong></span> <span class='ocrx_word' id='word_1_195' title='bbox 2866 3949 3124 4014; x_wconf 81' lang='lat' dir='ltr'><strong><em>Mariae</em></strong></span> <span class='ocrx_word' id='word_1_196' title='bbox 3172 3950 3389 4034; x_wconf 84' lang='lat' dir='ltr'><strong><em>Traj.;</em></strong></span> <span class='ocrx_word' id='word_1_197' title='bbox 3436 3972 3630 4035; x_wconf 80' lang='lat' dir='ltr'><strong><em>super</em></strong></span> <span class='ocrx_word' id='word_1_198' title='bbox 3670 3951 3901 4036; x_wconf 83' lang='lat' dir='ltr'><strong><em>quibus</em></strong></span> 
     </span>
     <span class='ocr_line' id='line_1_25' title="bbox 1049 4053 3901 4140; baseline 0.002 -23"><span class='ocrx_word' id='word_1_199' title='bbox 1049 4053 1383 4136; x_wconf 85' lang='lat' dir='ltr'><strong><em>beneficiis,</em></strong></span> <span class='ocrx_word' id='word_1_200' title='bbox 1431 4076 1571 4120; x_wconf 85' lang='lat' dir='ltr'><strong><em>cum</em></strong></span> <span class='ocrx_word' id='word_1_201' title='bbox 1606 4077 1731 4140; x_wconf 80' lang='lat' dir='ltr'><strong><em>per</em></strong></span> <span class='ocrx_word' id='word_1_202' title='bbox 1775 4054 2008 4120; x_wconf 85' lang='lat' dir='ltr'><strong><em>obitum</em></strong></span> <span class='ocrx_word' id='word_1_203' title='bbox 2053 4054 2379 4120; x_wconf 79' lang='lat' dir='ltr'><strong><em>Johannis</em></strong></span> <span class='ocrx_word' id='word_1_204' title='bbox 2424 4055 2581 4120; x_wconf 85' lang='lat' dir='ltr'><strong><em>dicti</em></strong></span> <span class='ocrx_word' id='word_1_205' title='bbox 2639 4055 2825 4120; x_wconf 88' lang='lat' dir='ltr'><strong><em>Vaelt</em></strong></span> <span class='ocrx_word' id='word_1_206' title='bbox 2870 4065 3226 4139; x_wconf 85' lang='lat' dir='ltr'><strong><em>vacassent,</em></strong></span> <span class='ocrx_word' id='word_1_207' title='bbox 3274 4059 3444 4122; x_wconf 86' lang='lat' dir='ltr'><strong><em>inter</em></strong></span> <span class='ocrx_word' id='word_1_208' title='bbox 3484 4058 3721 4122; x_wconf 86' lang='lat' dir='ltr'><strong><em>dictum</em></strong></span> <span class='ocrx_word' id='word_1_209' title='bbox 3759 4059 3901 4123; x_wconf 80' lang='lat' dir='ltr'><strong><em>An·</em></strong></span> 
     </span>
     <span class='ocr_line' id='line_1_26' title="bbox 1051 4161 3899 4249; baseline 0.001 -24"><span class='ocrx_word' id='word_1_210' title='bbox 1051 4161 1270 4225; x_wconf 87' lang='lat' dir='ltr'><strong><em>dream</em></strong></span> <span class='ocrx_word' id='word_1_211' title='bbox 1332 4169 1390 4226; x_wconf 88' lang='lat' dir='ltr'><strong><em>et</em></strong></span> <span class='ocrx_word' id='word_1_212' title='bbox 1452 4161 1770 4247; x_wconf 83' lang='lat' dir='ltr'><strong><em>quondam</em></strong></span> <span class='ocrx_word' id='word_1_213' title='bbox 1832 4163 2156 4226; x_wconf 81' lang='lat' dir='ltr'><strong><em>Amelium</em></strong></span> <span class='ocrx_word' id='word_1_214' title='bbox 2218 4161 2294 4225; x_wconf 88' lang='lat' dir='ltr'><strong><em>de</em></strong></span> <span class='ocrx_word' id='word_1_215' title='bbox 2354 4161 2579 4226; x_wconf 87' lang='lat' dir='ltr'><strong><em>Wolde</em></strong></span> <span class='ocrx_word' id='word_1_216' title='bbox 2641 4164 2970 4245; x_wconf 84' lang='lat' dir='ltr'><strong><em>clericum,</em></strong></span> <span class='ocrx_word' id='word_1_217' title='bbox 3035 4165 3105 4227; x_wconf 88' lang='lat' dir='ltr'><strong><em>in</em></strong></span> <span class='ocrx_word' id='word_1_218' title='bbox 3150 4166 3331 4247; x_wconf 84' lang='lat' dir='ltr'><strong><em>cujus</em></strong></span> <span class='ocrx_word' id='word_1_219' title='bbox 3359 4166 3519 4246; x_wconf 84' lang='lat' dir='ltr'><strong><em>jure</em></strong></span> <span class='ocrx_word' id='word_1_220' title='bbox 3553 4164 3899 4249; x_wconf 80' lang='lat' dir='ltr'><strong><em>praefatus</em></strong></span> 
     </span>
    </p>
   </div>
   <div class='ocr_carea' id='block_1_14' title="bbox 1050 4266 3901 4460">
    <p class='ocr_par' dir='ltr' id='par_1_14' title="bbox 1050 4266 3901 4460">
     <span class='ocr_line' id='line_1_27' title="bbox 1051 4266 3901 4355; baseline 0.001 -25"><span class='ocrx_word' id='word_1_221' title='bbox 1051 4266 1375 4332; x_wconf 84' lang='lat' dir='ltr'><strong><em>Henricus</em></strong></span> <span class='ocrx_word' id='word_1_222' title='bbox 1421 4289 1496 4332; x_wconf 78' lang='lat' dir='ltr'><strong><em>ex</em></strong></span> <span class='ocrx_word' id='word_1_223' title='bbox 1541 4269 1946 4355; x_wconf 75' lang='lat' dir='ltr'><strong><em>dispositione</em></strong></span> <span class='ocrx_word' id='word_1_224' title='bbox 1990 4268 2233 4333; x_wconf 84' lang='lat' dir='ltr'><strong><em>domini</em></strong></span> <span class='ocrx_word' id='word_1_225' title='bbox 2263 4267 2491 4353; x_wconf 83' lang='lat' dir='ltr'><strong><em>Papae</em></strong></span> <span class='ocrx_word' id='word_1_226' title='bbox 2531 4272 2848 4351; x_wconf 89' lang='lat' dir='ltr'><strong><em>successit,</em></strong></span> <span class='ocrx_word' id='word_1_227' title='bbox 2886 4291 3011 4355; x_wconf 78' lang='lat' dir='ltr'><strong><em>per</em></strong></span> <span class='ocrx_word' id='word_1_228' title='bbox 3046 4277 3584 4355; x_wconf 73' lang='lat' dir='ltr'><strong><em>quattuorannos</em></strong></span> <span class='ocrx_word' id='word_1_229' title='bbox 3615 4272 3686 4334; x_wconf 83' lang='lat' dir='ltr'><strong><em>in</em></strong></span> <span class='ocrx_word' id='word_1_230' title='bbox 3715 4271 3901 4335; x_wconf 87' lang='lat' dir='ltr'><strong><em>curia</em></strong></span> 
     </span>
     <span class='ocr_line' id='line_1_28' title="bbox 1050 4377 1532 4460; baseline 0 -21"><span class='ocrx_word' id='word_1_231' title='bbox 1050 4382 1140 4439; x_wconf 89' lang='lat' dir='ltr'><strong><em>est</em></strong></span> <span class='ocrx_word' id='word_1_232' title='bbox 1192 4377 1532 4460; x_wconf 77' lang='lat' dir='ltr'><strong><em>Zitiqatum.</em></strong></span> 
     </span>
    </p>
   </div>
   <div class='ocr_carea' id='block_1_15' title="bbox 1052 4557 3762 4739">
    <p class='ocr_par' dir='ltr' id='par_1_15' title="bbox 1052 4557 3762 4739">
     <span class='ocr_line' id='line_1_29' title="bbox 1052 4557 3762 4646; baseline -0.001 -21"><span class='ocrx_word' id='word_1_233' title='bbox 1052 4560 1337 4625; x_wconf 85' lang='lat' dir='ltr'><strong><em>Romani</em></strong></span> <span class='ocrx_word' id='word_1_234' title='bbox 1384 4560 1734 4646; x_wconf 78' lang='lat' dir='ltr'><strong><em>pontificis,</em></strong></span> <span class='ocrx_word' id='word_1_235' title='bbox 1762 4608 1776 4623; x_wconf 87' lang='lat'><strong><em>.</em></strong></span> <span class='ocrx_word' id='word_1_236' title='bbox 1810 4608 1827 4625; x_wconf 90' lang='lat'><strong><em>.</em></strong></span> <span class='ocrx_word' id='word_1_237' title='bbox 1856 4609 1870 4623; x_wconf 97' lang='lat'><strong><em>.</em></strong></span> <span class='ocrx_word' id='word_1_238' title='bbox 1929 4560 2083 4624; x_wconf 84' lang='lat' dir='ltr'><strong><em>Dat.</em></strong></span> <span class='ocrx_word' id='word_1_239' title='bbox 2132 4557 2501 4640; x_wconf 81' lang='lat' dir='ltr'><strong><em>Avinion0‚</em></strong></span> <span class='ocrx_word' id='word_1_240' title='bbox 2550 4558 2754 4624; x_wconf 83' lang='lat' dir='ltr'><strong>XVII</strong></span> <span class='ocrx_word' id='word_1_241' title='bbox 2798 4558 2909 4624; x_wconf 89' lang='lat' dir='ltr'><strong><em>Kl.</em></strong></span> <span class='ocrx_word' id='word_1_242' title='bbox 2957 4559 3234 4645; x_wconf 78' lang='lat' dir='ltr'><strong><em>Aprilis,</em></strong></span> <span class='ocrx_word' id='word_1_243' title='bbox 3291 4579 3464 4623; x_wconf 84' lang='lat' dir='ltr'><strong><em>anno</em></strong></span> <span class='ocrx_word' id='word_1_244' title='bbox 3512 4559 3762 4646; x_wconf 84' lang='lat' dir='ltr'><strong><em>quinto.</em></strong></span> 
     </span>
     <span class='ocr_line' id='line_1_30' title="bbox 1247 4675 2247 4739; baseline 0.004 -16"><span class='ocrx_word' id='word_1_245' title='bbox 1247 4676 1373 4738; x_wconf 69' lang='lat' dir='ltr'><strong><em>Ray.</em></strong></span> <span class='ocrx_word' id='word_1_246' title='bbox 1409 4676 1504 4724; x_wconf 64' lang='lat' dir='ltr'><strong><em>An.</em></strong></span> <span class='ocrx_word' id='word_1_247' title='bbox 1551 4679 1602 4726; x_wconf 92' lang='lat' dir='ltr'><strong><em>T.</em></strong></span> <span class='ocrx_word' id='word_1_248' title='bbox 1640 4675 1730 4739; x_wconf 55' lang='grc' dir='ltr'><strong><em>γι,</em></strong></span> <span class='ocrx_word' id='word_1_249' title='bbox 1757 4679 1811 4739; x_wconf 79' lang='lat' dir='ltr'><strong><em>s.</em></strong></span> <span class='ocrx_word' id='word_1_250' title='bbox 1846 4675 1988 4727; x_wconf 84' lang='lat'><strong><em>195·.</em></strong></span> <span class='ocrx_word' id='word_1_251' title='bbox 2237 4690 2247 4698; x_wconf 92' lang='lat'><strong>·</strong></span> 
     </span>
    </p>
   </div>
   <div class='ocr_carea' id='block_1_16' title="bbox 828 5090 2906 5178">
    <p class='ocr_par' dir='ltr' id='par_1_16' title="bbox 828 5090 2906 5178">
     <span class='ocr_line' id='line_1_31' title="bbox 828 5090 2906 5178; baseline 0 -20"><span class='ocrx_word' id='word_1_252' title='bbox 828 5090 1010 5159; x_wconf 75' lang='lat'><strong><em>2217.</em></strong></span> <span class='ocrx_word' id='word_1_253' title='bbox 1818 5096 2034 5178; x_wconf 86' lang='lat'><strong><em>1375,</em></strong></span> <span class='ocrx_word' id='word_1_254' title='bbox 2082 5094 2322 5159; x_wconf 70' lang='lat' dir='ltr'><strong><em>Martii</em></strong></span> <span class='ocrx_word' id='word_1_255' title='bbox 2367 5098 2491 5177; x_wconf 88' lang='lat'><strong><em>19,</em></strong></span> <span class='ocrx_word' id='word_1_256' title='bbox 2540 5097 2906 5160; x_wconf 77' lang='lat' dir='ltr'><strong><em>Avenionis.</em></strong></span> 
     </span>
    </p>
   </div>
   <div class='ocr_carea' id='block_1_17' title="bbox 1054 5245 3902 5440">
    <p class='ocr_par' dir='ltr' id='par_1_17' title="bbox 1054 5245 3902 5440">
     <span class='ocr_line' id='line_1_32' title="bbox 1159 5245 3902 5335; baseline -0 -25"><span class='ocrx_word' id='word_1_257' title='bbox 1159 5246 1495 5312; x_wconf 83' lang='lat' dir='ltr'><strong><em>Wilhelmo</em></strong></span> <span class='ocrx_word' id='word_1_258' title='bbox 1563 5248 1639 5312; x_wconf 99' lang='lat' dir='ltr'><strong><em>de</em></strong></span> <span class='ocrx_word' id='word_1_259' title='bbox 1706 5248 2313 5335; x_wconf 76' lang='lat' dir='ltr'><strong><em>Sanctamaryareta</em></strong></span> <span class='ocrx_word' id='word_1_260' title='bbox 2347 5249 2398 5331; x_wconf 81' lang='lat'><strong><em>1)</em></strong></span> <span class='ocrx_word' id='word_1_261' title='bbox 2466 5248 2890 5331; x_wconf 84' lang='lat' dir='ltr'><strong><em>conferuntur</em></strong></span> <span class='ocrx_word' id='word_1_262' title='bbox 2952 5248 3362 5311; x_wconf 80' lang='lat' dir='ltr'><strong><em>canonicatus</em></strong></span> <span class='ocrx_word' id='word_1_263' title='bbox 3423 5253 3484 5310; x_wconf 90' lang='lat' dir='ltr'><strong><em>et</em></strong></span> <span class='ocrx_word' id='word_1_264' title='bbox 3531 5245 3902 5331; x_wconf 80' lang='lat' dir='ltr'><strong><em>praebenda</em></strong></span> 
     </span>
     <span class='ocr_line' id='line_1_33' title="bbox 1054 5353 3900 5440; baseline 0 -22"><span class='ocrx_word' id='word_1_265' title='bbox 1054 5355 1339 5419; x_wconf 88' lang='lat' dir='ltr'><strong><em>ecclesiae</em></strong></span> <span class='ocrx_word' id='word_1_266' title='bbox 1399 5354 1454 5418; x_wconf 82' lang='lat' dir='ltr'><strong><em>b.</em></strong></span> <span class='ocrx_word' id='word_1_267' title='bbox 1518 5355 1776 5420; x_wconf 81' lang='lat' dir='ltr'><strong><em>Mariae</em></strong></span> <span class='ocrx_word' id='word_1_268' title='bbox 1840 5355 2061 5440; x_wconf 82' lang='lat' dir='ltr'><strong><em>Traj.,</em></strong></span> <span class='ocrx_word' id='word_1_269' title='bbox 2126 5357 2227 5421; x_wconf 85' lang='lat' dir='ltr'><strong><em>die</em></strong></span> <span class='ocrx_word' id='word_1_270' title='bbox 2272 5359 2362 5420; x_wconf 85' lang='lat'><strong><em>25</em></strong></span> <span class='ocrx_word' id='word_1_271' title='bbox 2410 5356 2573 5422; x_wconf 88' lang='lat' dir='ltr'><strong><em>Nov.</em></strong></span> <span class='ocrx_word' id='word_1_272' title='bbox 2622 5377 2727 5421; x_wconf 90' lang='lat' dir='ltr'><strong><em>an.</em></strong></span> <span class='ocrx_word' id='word_1_273' title='bbox 2775 5356 2953 5420; x_wconf 77' lang='lat'><strong><em>1374</em></strong></span> <span class='ocrx_word' id='word_1_274' title='bbox 3003 5355 3403 5439; x_wconf 82' lang='lat' dir='ltr'><strong><em>dispositioni</em></strong></span> <span class='ocrx_word' id='word_1_275' title='bbox 3443 5353 3608 5418; x_wconf 85' lang='lat' dir='ltr'><strong><em>sedis</em></strong></span> <span class='ocrx_word' id='word_1_276' title='bbox 3653 5361 3900 5438; x_wconf 86' lang='lat' dir='ltr'><strong><em>aposto-</em></strong></span> 
     </span>
    </p>
   </div>
   <div class='ocr_carea' id='block_1_18' title="bbox 1053 5460 3896 5632">
    <p class='ocr_par' dir='ltr' id='par_1_18' title="bbox 1053 5460 3896 5632">
     <span class='ocr_line' id='line_1_34' title="bbox 1058 5460 3896 5547; baseline -0 -21"><span class='ocrx_word' id='word_1_277' title='bbox 1058 5462 1214 5526; x_wconf 83' lang='lat' dir='ltr'><strong><em>licae</em></strong></span> <span class='ocrx_word' id='word_1_278' title='bbox 1256 5469 1610 5526; x_wconf 84' lang='lat' dir='ltr'><strong><em>reservatae</em></strong></span> <span class='ocrx_word' id='word_1_279' title='bbox 1655 5469 1715 5526; x_wconf 90' lang='lat' dir='ltr'><strong><em>et</em></strong></span> <span class='ocrx_word' id='word_1_280' title='bbox 1758 5483 1925 5526; x_wconf 90' lang='lat' dir='ltr'><strong><em>nunc</em></strong></span> <span class='ocrx_word' id='word_1_281' title='bbox 1958 5484 2085 5547; x_wconf 86' lang='lat' dir='ltr'><strong><em>per</em></strong></span> <span class='ocrx_word' id='word_1_282' title='bbox 2114 5462 2350 5527; x_wconf 85' lang='lat' dir='ltr'><strong><em>obitum</em></strong></span> <span class='ocrx_word' id='word_1_283' title='bbox 2385 5462 2665 5527; x_wconf 79' lang='lat' dir='ltr'><strong><em>Gerardi</em></strong></span> <span class='ocrx_word' id='word_1_284' title='bbox 2694 5462 2770 5526; x_wconf 99' lang='lat' dir='ltr'><strong><em>de</em></strong></span> <span class='ocrx_word' id='word_1_285' title='bbox 2814 5461 2984 5527; x_wconf 87' lang='lat' dir='ltr'><strong><em>Veno</em></strong></span> <span class='ocrx_word' id='word_1_286' title='bbox 3016 5467 3326 5525; x_wconf 87' lang='lat' dir='ltr'><strong><em>vacantes.</em></strong></span> <span class='ocrx_word' id='word_1_287' title='bbox 3363 5497 3444 5507; x_wconf 91' lang='lat'><strong>—</strong></span> <span class='ocrx_word' id='word_1_288' title='bbox 3480 5460 3896 5545; x_wconf 76' lang='lat' dir='ltr'><strong><em>Deputantur</em></strong></span> 
     </span>
     <span class='ocr_line' id='line_1_35' title="bbox 1053 5575 1421 5632; baseline -0.005 0"><span class='ocrx_word' id='word_1_289' title='bbox 1053 5575 1421 5632; x_wconf 78' lang='lat' dir='ltr'><strong><em>executores.</em></strong></span> 
     </span>
    </p>
   </div>
  </div>
 </body>
</html>
