4450 6684
784 521 923 590 420
1944 527 2168 594 Inuux
2214 528 2709 596 Puasonauu.

787 743 1231 806 wilhelmus
1257 746 1457 806 dictus
1478 746 1772 808 Hovelde
1794 748 1998 809 Zande
2019 751 2249 828 presb„

869 873 999 915 cau.
1056 855 1494 934 Emhrioensis,
1549 862 1750 919 rector
1801 876 1930 937 par.
1981 860 2129 920 eccl.
2171 860 2238 919 in

870 962 1165 1042 Campen,
1229 984 1391 1044 proc.
1453 966 1519 1025 in
1580 967 1751 1027 ouria
1806 967 1989 1045 1255,
2049 969 2237 1045 1307,

875 1074 1057 1151 1426,
1103 1075 1284 1150 1521,
1331 1076 1514 1152 1556,
1558 1076 1679 1137 Iut.
1722 1077 1953 1154 LXXI,
1988 1077 2236 1137 LXXV.

793 1218 866 1228 —
909 1183 986 1244 de
1026 1182 1329 1245 Pluderen
1366 1203 1497 1245 can.
1542 1183 1602 1244 8.
1646 1185 1787 1246 Joh.
1833 1185 1999 1263 Traj.
2046 1186 2222 1246 1257.

793 1327 865 1337 -
931 1292 1006 1353 de
1074 1293 1256 1353 Baelt
1331 1313 1465 1354 can.
1536 1294 1700 1372 Traj.
1784 1297 1975 1373 1313,
2049 1297 2239 1369 1316,

877 1404 1050 1462 1317.

794 1546 867 1557 -
909 1518 1090 1572 natus
1130 1511 1445 1572 Wilhelmi
1487 1512 1562 1572 de
1602 1513 1767 1591 Beys
1809 1531 1941 1573 can.
1979 1511 2038 1573 8.
2070 1512 2235 1573 8811.

875 1621 1039 1698 Traj.
1089 1623 1261 1681 1348.

796 1765 869 1775 -
913 1731 1167 1808 Langhe
1207 1730 1422 1791 domic.
1468 1732 1643 1791 1382.

794 1874 869 1884 -
911 1839 986 1899 de
1028 1839 1289 1900 Bolland
1328 1841 1515 1900 abbas
1556 1839 2005 1918 Egmundensis
2050 1841 2226 1900 1384.

796 1983 869 1993 -
914 1949 1112 2010 dictus
1155 1949 1423 2028 cogman
1464 1969 1622 2028 mag.
1666 1955 1813 2026 art.,
1854 1950 1998 2010 cler.
2043 1949 2240 2010 benef.

875 2079 913 2119 a
952 2078 1083 2138 cap.
1128 2057 1185 2118 8.
1226 2060 1365 2119 Joh.
1399 2059 1594 2138 Traj.,
1625 2077 1754 2119 can.
1785 2058 2244 2120 Oldenzalensis

880 2170 1062 2245 1407,
1111 2170 1294 2245 1463,
1339 2169 1512 2228 1658.

799 2312 870 2322 -
936 2279 1089 2338 Loet
1150 2279 1440 2353 rector(?)
1504 2278 1649 2338 eccl.
1716 2278 1791 2338 de
1852 2276 2245 2356 Wadenoyen

883 2389 1055 2446 1409.

800 2531 871 2543 -
931 2497 1130 2557 dictus
1173 2497 1499 2556 Zuermont
1540 2498 1769 2574 presh.,
1819 2515 1978 2574 mag.
2020 2503 2135 2555 art.
2180 2502 2246 2555 et

878 2606 1039 2667 decr.
1099 2607 1295 2682 baec„
1356 2605 1550 2666 benef.
1607 2625 1645 2665 a
1696 2624 1901 2683 praep.
1946 2604 2006 2665 8.
2052 2605 2245 2681 Salv„

877 2720 1076 2777 rector
1135 2717 1282 2776 eccl.
1342 2716 1406 2775 in
1468 2715 1721 2791 Brakel,
1781 2733 1912 2774 can.
1978 2714 2037 2774 8.
2102 2714 2241 2775 Joh.

881 2825 1045 2903 Traj.
1093 2824 1277 2902 uffi,
1323 2827 1496 2885 1943.

799 2969 874 2979 —
919 2935 994 2995 de
1035 2934 1266 2995 Palude
1305 2953 1437 2994 can.
1479 2932 1886 2993 Embriceusis
1931 2934 2106 2992 1499.

800 3078 875 3088 -
919 3043 994 3103 (1ο
1035 3042 1286 3123 Gennep
1327 3044 1594 3121 archiep.
1637 3042 2013 3104 coloniensis
2059 3042 2233 3101 1501.

802 3186 875 3197 -
917 3153 992 3213 de
1035 3152 1353 3212 Zunderen
1391 3152 1654 3230 armiger
1703 3154 1874 3212 1502.

796 3295 879 3308 -
933 3262 1132 3322 dictus
1186 3261 1362 3321 Anke
1418 3266 1617 3322 rector
1677 3262 1822 3321 eccl.
1876 3262 2143 3338 Aggeris
2187 3260 2248 3321 8.

880 3371 1128 3430 Martini
1177 3372 1349 3430 1555.

804 3513 878 3524 —
922 3477 1168 3539 Gruwel
1206 3484 1403 3539 rector
1431 3479 1579 3538 eccl.
1609 3476 1669 3537 8.
1700 3477 2080 3556 Aldegnndis
2107 3477 2250 3537 Em-

879 3587 1171 3648 bricensis
1220 3584 1391 3648 1582.

803 3733 878 3743 -
938 3698 1012 3758 (1ο
1065 3697 1295 3758 chiura
1350 3696 1648 3774 (chyure)
1705 3714 1911 3774 praep.
1970 3693 2030 3756 8.
2082 3696 2253 3755 Petri

881 3807 1158 3867 Ariousia
1196 3807 1489 3867 norman.
1532 3806 1752 3879 dioec,
1795 3782 2010 3865 deinde
2037 3805 2096 3864 b.
2125 3805 2252 3864 Ma-

882 3917 1011 3976 riae
1053 3917 1217 3994 Traj.
1264 3916 1446 3991 1595,
1493 3915 1666 3975 1602.

804 4059 879 4069 --
923 4024 1300 4085 Vemaethen
1341 4025 1441 4085 lic.
1484 4024 1549 4083 iu
1578 4024 1846 4102 legibus,
1876 4026 2076 4083 rector
2104 4022 2251 4082 eccl.

884 4152 1012 4212 par.
1042 4134 1116 4193 de
1137 4133 1400 4211 caprike
1424 4133 1755 4194 Tornacen.
1785 4131 2002 4207 dioec„
2039 4131 2253 4191 deinde

886 4243 960 4303 de
1000 4242 1186 4302 Hulst
1232 4244 1406 4303 1581.

804 4387 879 4397 -
935 4354 1205 4413 Hermen
1250 4358 1447 4413 rector
1490 4351 1637 4412 eccl.
1683 4369 1810 4430 par.
1854 4351 1919 4410 iu
1960 4350 2248 4411 Haarlem

893 4464 1067 4523 1645.

808 4605 882 4615 —
925 4572 1072 4632 Bloc
1115 4571 1328 4631 domic.
1380 4571 1552 4630 1646.

807 4715 882 4725 -
936 4680 1134 4740 dictus
1187 4679 1345 4758 Wyc
1402 4679 1476 4738 de
1529 4677 1838 4738 Dordraco
1892 4695 2051 4755 mag.
2109 4683 2253 4751 art.,

887 4808 1016 4849 can.
1062 4787 1123 4847 8.
1167 4788 1305 4847 Joh.
1354 4788 1518 4864 Traj.
1567 4787 1750 4862 1714,
1797 4787 1982 4862 1921,
2029 4786 2203 4844 1980.

808 4932 883 4942 -
928 4898 1126 4957 dictus
1167 4898 1364 4957 aner
1396 4898 1640 4973 (Buser)
1671 4913 1828 4973 mag.
1859 4901 1976 4954 art.
2005 4899 2067 4954 et
2094 4893 2251 4953 med.

890 5009 1083 5084 bacc.,
1128 5006 1327 5082 subd„
1370 5024 1499 5066 can.
1544 5004 1790 5081 Majoris
1831 5009 1894 5063 et
1937 5005 1995 5063 5.
2027 5003 2257 5062 Mariae

890 5118 1054 5194 Traj.
1102 5118 1285 5193 1716,
1331 5116 1517 5190 1928,
1567 5115 1748 5190 1934,
1794 5114 1979 5188 1943,
2023 5114 2200 5172 2246.

809 5259 883 5272 -
928 5226 1127 5286 dictus
1169 5225 1245 5285 de
1278 5225 1684 5301 Hamersteyu
1713 5240 1844 5282 cau.
1879 5221 2045 5299 Traj.
2081 5223 2256 5281 1777.

806 5369 889 5379 -
930 5335 1128 5394 dictus
1149 5335 1502 5414 Lederpaep
1533 5340 1648 5392 art.
1678 5350 1865 5408 mag„
1892 5331 2035 5391 cler.
2061 5330 2257 5390 benef.

890 5464 928 5504 a
967 5464 1172 5524 praep.
1217 5445 1277 5505 8.
1321 5444 1482 5503 Salv.
1530 5442 1695 5519 Traj.
1742 5441 1918 5502 1732.

814 5587 888 5598 -
934 5555 1155 5614 Snavel
1195 5556 1382 5614 abbas
1424 5553 1671 5612 Insulae
1712 5552 1770 5612 5.
1813 5551 2042 5610 Mariae
2077 5551 2261 5627 1825,

894 5664 1081 5740 2219,
1123 5663 1246 5722 Int.
1289 5662 1577 5722 XXXVI.

2417 750 2866 812 wilhelmus
2926 749 3082 810 dom.
3146 749 3223 809 de
3281 748 3626 810 wesemale
3685 750 3863 811 Leod.

2499 858 2683 921 dioec.
2735 861 2911 920 1826.

2422 1003 2496 1016 -
2540 969 2616 1029 de
2656 969 2827 1030 Reno
2867 969 3012 1028 cler.
3056 972 3419 1046 exspectans
3461 968 3609 1029 eccl.
3638 986 3765 1047 par.
3790 969 3864 1029 ds

2501 1078 2698 1158 Lopik
2744 1078 2919 1138 1829.

2417 1221 2501 1237 -—
2548 1187 2625 1247 de
2680 1186 3020 1265 Aigrefeuil
3062 1204 3157 1265 ep.
3200 1185 3578 1264 Sabinensis,
3634 1205 3764 1247 can.
3806 1192 3867 1248 et

2501 1296 2655 1356 thes.
2696 1297 2755 1356 5.
2795 1296 3024 1355 Mariae
3052 1294 3216 1373 Traj.
3250 1295 3438 1371 1859,
3471 1296 3655 1372 1862,
3688 1297 3866 1373 1863,

2505 1407 2690 1483 1883,
2738 1406 2913 1466 1886.

2424 1548 2498 1561 -
2557 1514 2633 1575 de
2685 1514 3099 1575 Amersfordia
3158 1515 3283 1573 tab.
3296 1557 3313 1589 ,
3376 1518 3577 1574 rector
3586 1513 3667 1589 (Ρ)
3724 1513 3866 1573 eccl.

2504 1643 2633 1703 par.
2676 1624 2752 1684 de
2777 1622 3162 1699 Ouderkerk,
3200 1641 3361 1701 proc.
3391 1622 3457 1681 in
3485 1622 3657 1683 curia
3686 1623 3867 1698 1860,

2504 1735 2694 1811 2204,
2737 1733 2925 1808 2244,
2969 1733 3092 1792 Int.
3133 1732 3367 1807 XLIX,
3409 1730 3692 1791 LXXVL

2425 1876 2499 1889 —
2550 1843 2805 1903 Batonis
2843 1861 2977 1903 can.
3018 1839 3506 1902 constanciensis
3551 1841 3726 1900 1865.

2423 1986 2506 1999 -
2545 1953 2621 2013 de
2660 1953 2828 2013 Lacu
2869 1952 2969 2010 lic.
3011 1951 3075 2010 in
3117 1951 3357 2029 legibus
3398 1956 3461 2009 et
3488 1949 3650 2009 decr.
3677 1950 3868 2024 bace„

2508 2062 2768 2122 nuncius
2823 2061 3086 2140 papalis,
3145 2079 3278 2120 can.
3334 2040 3547 2136 Leod.,
3606 2058 3770 2135 Traj.
3809 2062 3870 2118 et

2508 2170 3041 2246 cathalaunensis,
3104 2168 3334 2230 archid.
3393 2167 3867 2244 Oldenzaleusis,

2506 2279 2724 2339 deinde
2791 2279 2919 2339 deo.
2986 2279 3064 2339 de
3131 2280 3372 2339 Albona
3432 2279 3620 2355 2044,
3683 2277 3863 2353 2245,

2505 2390 2696 2467 2254,
2737 2390 2859 2448 Int.
2901 2388 3135 2449 XLIII.

2431 2533 2504 2543 —
2549 2499 2749 2559 dictus
2784 2498 2913 2558 ziel
2942 2499 3158 2576 capell.
3187 2498 3253 2557 in
3282 2498 3681 2575 Nieuwveen,
3713 2515 3869 2575 mag.

2508 2613 2654 2684 art„
2696 2606 2892 2667 benef.
2935 2626 2973 2666 a
3013 2625 3145 2685 cap.
3188 2605 3613 2667 Oldenzalensi
3661 2606 3831 2665 1928.

2430 2753 2503 2763 -
2559 2705 2636 2777 'de
2696 2716 3011 2795 wadenoy
3079 2721 3195 2776 art.
3263 2735 3421 2795 mag.
3440 2761 3457 2793 ,
3524 2734 3657 2776 can.
3719 2716 3872 2777 Dav.

2512 2827 2685 2887 1929.

2431 2970 2505 2980 -
2549 2935 2622 2995 de
2666 2935 2863 3014 'l'uyle
2909 2936 3083 2995 1987.

2429 3079 2504 3089 -
2549 3044 2769 3104 Vrieze
2815 3045 2995 3121 1990,
3042 3043 3217 3103 1991.

2432 3188 2506 3198 -
2551 3154 2715 3213 Buer
2755 3159 2954 3213 rector
2994 3153 3142 3212 eccl.
3182 3152 3258 3212 de
3300 3152 3527 3212 Putten
3573 3153 3746 3212 1996.

2433 3297 2507 3308 -
2550 3262 2625 3322 de
2665 3262 2864 3341 Ripen
2903 3262 3022 3323 vic.
3068 3260 3129 3321 8.
3173 3260 3434 3321 Lebuini
3474 3260 3628 3320 Dav.
3670 3261 3846 3321 2074.

2433 3407 2508 3417 -
2552 3370 2612 3431 8.
2654 3369 2878 3449 Angeli
2918 3371 3071 3431 diac.
3114 3370 3294 3431 card.
3338 3371 3516 3430 2159.

2435 3515 2509 3528 -
2555 3479 2840 3541 Guitardi
2881 3498 3068 3558 mag„
3113 3478 3351 3540 auditor
3393 3479 3630 3558 papalis
3672 3479 3846 3539 2165.

2436 3624 2510 3637 -
2568 3589 2644 3650 de
2692 3589 3045 3650 Yselhstien
3085 3607 3217 3648 can.
3261 3587 3427 3665 Traj.
3470 3588 3659 3665 2192,
3701 3588 3876 3648 2215.

2437 3734 2511 3744 -
2556 3699 2633 3760 de
2671 3698 3054 3775 Hasemburg
3095 3699 3271 3756 2203.

2436 3842 2510 3852 -
2555 3808 2630 3868 (1ο
2672 3807 2895 3867 Sancta
2934 3807 3281 3885 Margareta
3319 3824 3453 3866 can.
3481 3804 3789 3865 Losseusis
3816 3811 3879 3865 et

2512 3918 2571 3977 5.
2627 3916 2857 3976 Mariae
2913 3915 3105 3993 Traj.,
3146 3915 3366 3975 deinde
3403 3914 3517 3975 vic.
3560 3913 3707 3974 eccl.
3749 3932 3876 3992 par.

2513 4024 2588 4084 de
2629 4024 2818 4084 Arkel
2861 4026 3047 4100 2217,
3089 4025 3274 4100 2251,
3318 4025 3495 4083 2258.

2437 4167 2516 4179 -
2560 4132 2621 4194 8.
2664 4134 2890 4193 Vitalis
2930 4133 3129 4211 presb.
3172 4132 3350 4194 card.
3390 4133 3569 4192 2266.

2440 4276 2510 4288 -
2551 4261 2646 4321 ep.
2670 4243 3124 4320 Praenestinus,
3153 4242 3412 4302 nuncius
3432 4242 3672 4319 papalis
3693 4242 3878 4317 2271,

2518 4353 2639 4412 Int.
2683 4352 2818 4411 EX.

2439 4496 2514 4506 —
2560 4479 2756 4522 comes
2798 4458 3165 4520 Juliacensis
3209 4460 3400 4536 (899).

2439 4604 2513 4615 -
2557 4590 2756 4632 comes
2797 4569 3110 4630 Lossensis
3149 4568 3340 4644 (899).

2437 4714 2512 4724 -
2558 4678 2820 4757 archiep.
2865 4679 3073 4740 Colon.
3115 4679 3302 4754 2285,
3345 4677 3522 4737 2286.

2439 4823 2514 4833 -
2560 4787 2620 4848 8.
2649 4788 2895 4866 cyriaci
2930 4787 2994 4846 in
3024 4787 3258 4846 Termis
3286 4787 3484 4864 presb.
3516 4785 3695 4847 card.
3723 4786 3882 4863 App.

2518 4896 2649 4972 ΙΙΙ,
2692 4896 2768 4955 V.

2439 5039 2513 5049 —
2562 5004 2714 5065 dom.
2761 5004 2836 5064 de
2877 5004 3247 5064 Brouchorst
3285 5004 3445 5081 App.
3490 5003 3736 5062 XVIII.

2441 5148 2515 5159 —
2583 5115 2947 5174 Procurator
3025 5112 3354 5173 monachus
3422 5111 3883 5189 Egmundanus,

2523 5222 2680 5281 Ann.
2725 5220 2984 5297 scriptor
3025 5220 3147 5279 1nt.
3188 5218 3464 5278 XXVII.

2441 5363 2518 5376 —
2562 5330 2638 5389 de
2677 5329 3038 5390 cavanhaco
3168 5328 3376 5387 elerici
3416 5327 3664 5405 papales
3706 5326 3827 5385 Int.

2443 5473 2517 5486 —
2561 5438 2635 5498 de
2676 5439 2870 5499 Fonte
3063 5348 3092 5497 ξ
3275 5437 3561 5496 XXXVI
3603 5454 3731 5514 seq.

2444 5547 2992 5608 willebrordus
3036 5545 3126 5624 8.,
3168 5547 3435 5625 archiep.
3463 5545 3787 5606 Frisonnm
3827 5549 3889 5604 et

2525 5676 2619 5735 ep.
2651 5657 2814 5734 Traj.
2845 5656 2967 5717 Int.
2994 5657 3088 5733 X,
3116 5656 3279 5733 XII,
3307 5655 3563 5732 XXXI,
3595 5652 3888 5714 LXXIV.
