4450 6684
1578 539 1923 605 Annnnm
1966 556 2049 604 m·
2097 539 2573 606 Conmonxm.
3480 544 3606 608 301

776 758 953 837 (166)
999 760 1316 845 Magistro
1364 761 1655 827 Henrico
1706 761 2206 845 Daventriensi‚
2255 762 2568 827 canonico
2617 762 3059 847 TraJectensis
3110 761 3411 829 diocesis.

777 865 936 930 Tuis
1011 866 1596 952 supplicationibus
1663 864 1998 948 inclinati,
2068 867 2367 932 volentes
2435 867 2556 932 tibi
2629 868 2905 951 gratiam
2973 867 3187 932 facere
3235 867 3618 953 specialem,

556 969 888 1036 devotioni
956 977 1106 1054 tue,
1177 978 1253 1037 ut
1323 973 1392 1036 in
1458 973 1779 1061 susceptis
1842 972 2181 1037 ordinibus
2241 973 2610 1038 ministrare
2681 980 2749 1039 et
2812 972 3165 1039 ascendere
3213 973 3294 1038 ad
3341 975 3621 1059 majores

556 1098 631 1143 ac
701 1077 881 1142 aliud
951 1078 1344 1144 beneficium
1412 1079 1679 1144 unicum
1749 1084 1817 1144 et
1884 1085 2305 1164 personatum
2371 1101 2488 1145 seu
2551 1079 2975 1166 dignitatem,
3040 1082 3238 1145 etiam
3297 1083 3350 1145 si
3400 1102 3619 1146 curam

551 1183 842 1250 habeant
889 1184 1251 1250 animarum
1300 1206 1666 1269 annexam,
1717 1187 1770 1249 si
1818 1186 1937 1251 tibi
1985 1186 2297 1250 canonice
2346 1186 2738 1269 offerantur,
2786 1187 2965 1251 licite
3013 1186 3303 1273 recipere
3352 1208 3426 1251 ac
3474 1208 3621 1251 cum

556 1292 874 1376 obtentis,
922 1314 1200 1379 quorum
1247 1294 1362 1358 uni
1412 1300 1699 1377 tantum,
1750 1298 1823 1358 ut
1864 1295 2126 1376 asseris,
2171 1315 2328 1359 cura
2368 1294 2596 1359 similis
2629 1301 2730 1360 est
2762 1317 3057 1378 annexa,
3096 1296 3302 1361 libere
3336 1297 3618 1361 retinere

554 1401 805 1483 valeas,
871 1421 1004 1465 non
1069 1400 1484 1465 obstantibus
1532 1399 1793 1466 defectu
1840 1400 2193 1482 natalium,
2244 1421 2438 1486 quem
2485 1402 2729 1486 pateris
2777 1402 2859 1467 de
2907 1400 3305 1467 subdiacono
3353 1403 3615 1487 genitus

557 1512 625 1572 et
670 1508 914 1589 soluta,
964 1513 1032 1572 et
1078 1507 1548 1572 constitutione
1596 1507 1852 1572 concilii
1891 1508 2247 1593 generalis,
2297 1509 2685 1574 auctoritate
2727 1509 3129 1596 presentium
3171 1508 3618 1595 indulgemus3

553 1613 812 1701 proviso
876 1619 952 1678 ut
1013 1613 1335 1678 beneficia
1394 1614 1538 1699 ipsa
1599 1619 1667 1678 et
1727 1620 2115 1700 personatus
2175 1614 2284 1679 vel
2351 1612 2635 1699 dignitas
2690 1614 2929 1680 debitis
2977 1623 3086 1680 etc.
3135 1635 3371 1699 usque:
3418 1615 3621 1699 negli-

552 1727 764 1806 gatur.
838 1721 1017 1785 Nulli
1065 1741 1220 1806 ergo
1268 1728 1380 1787 etc.
1428 1726 1650 1785 nostre
1698 1721 2135 1786 concessionis
2180 1729 2295 1786 etc.
2367 1721 2436 1787 Si
2483 1723 2628 1807 quis
2674 1729 2783 1788 etc.
2833 1722 2985 1786 Dat.
3061 1721 3401 1806 Lugduni,
3448 1720 3619 1785 Non.

555 1826 959 1912 Septembris
977 1876 994 1910 ,
1046 1846 1218 1892 anno
1266 1827 1487 1892 tertio·

786 2310 964 2390 (174)
1009 2312 1437 2378 Innocentius
1484 2312 1855 2399 episcopus,
1904 2332 2129 2377 servus
2176 2331 2511 2376 servorum
2548 2311 2704 2392 Dei,
2754 2310 3007 2376 dilectis
3051 2310 3202 2375 filiis
3249 2358 3265 2373 .
3295 2359 3309 2373 .
3360 2308 3608 2375 decano

561 2426 629 2486 et
676 2421 961 2508 capitulo
1009 2419 1542 2507 Trajectensibus
1593 2418 1626 2502 ΙΙ
1678 2420 1955 2484 salutem
2008 2424 2076 2485 et
2123 2418 2546 2505 apostolicam
2593 2417 3140 2483 benedictionem.

784 2527 1170 2610 Intellect0,
1242 2526 1419 2615 quod
1490 2527 1766 2592 ecclesia
1833 2531 2051 2591 vestra
2111 2545 2309 2611 super
2373 2525 2748 2612 receptione
2796 2523 3223 2610 quorumdam
3272 2524 3357 2587 sit
3404 2529 3625 2588 aucto-

564 2635 759 2700 ritate
826 2634 856 2717 ΙΙ
925 2639 1150 2698 nostra
1207 2638 1508 2719 gravata,
1580 2653 1699 2698 nos
1760 2633 1992 2698 vestris
2038 2631 2342 2719 precibus
2387 2630 2713 2713 inclinati,
2767 2635 2843 2695 ut
2889 2650 3006 2716 per
3051 2629 3306 2696 litteras
3353 2651 3393 2694 a
3438 2629 3628 2694 nobis

563 2762 680 2806 seu
710 2741 945 2826 legatis
979 2740 1150 2806 sedis
1184 2740 1540 2828 apostolice
1573 2739 1878 2805 decetero
1909 2736 2355 2826 impetrandas
2387 2758 2520 2802 non
2552 2737 2908 2802 teneamini
2938 2738 3222 2823 aliquem
3254 2737 3324 2801 in
3357 2737 3632 2802 ecclesia

564 2850 705 2935 ipsa
750 2849 1077 2935 recipere,
1125 2850 1253 2914 nisi
1300 2848 1381 2915 de
1426 2850 1551 2914 hac
1596 2848 2010 2934 indulgentia
2055 2848 2318 2933 plenam
2364 2846 2639 2912 fecerint
2685 2846 3124 2929 mentionem,
3173 2845 3361 2911 vobis
3408 2850 3630 2910 aucto-

565 2954 759 3020 ritate
809 2956 1211 3041 presentium
1257 2955 1695 3041 indulgemus.
1765 2955 1943 3019 Nulli
1991 2975 2146 3040 ergo
2195 2953 2460 3018 omnino
2509 2953 2847 3018 hominum
2894 2951 3091 3018 liceat
3123 2951 3291 3017 hanc
3322 2951 3628 3037 paginam

570 3067 793 3127 nostre
864 3063 1302 3127 concessionis
1371 3062 1725 3147 infringere
1781 3061 1889 3127 vel
1944 3062 2006 3127 ei
2052 3082 2217 3126 ausu
2265 3060 2610 3125 temerario
2658 3058 3003 3124 contraire.
3097 3058 3168 3124 Si
3216 3058 3359 3144 quis
3408 3064 3630 3123 autem

562 3166 687 3232 hoc
736 3172 1129 3256 attemptare
1175 3169 1676 3256 presumpserit,
1725 3166 2247 3253 indignationem
2295 3166 2761 3253 omnipotentis
2803 3165 2929 3230 Dei
2976 3169 3044 3230 et
3075 3165 3416 3230 beatorum
3446 3163 3632 3231 Petri

568 3278 637 3337 et
695 3273 730 3354 ΙΙ
789 3273 981 3338 Pauli
1039 3275 1482 3362 apostolorum
1540 3275 1683 3360 ejus
1745 3294 1815 3338 se
1873 3272 2129 3338 noverit
2183 3271 2616 3337 incursurum.
2708 3272 2861 3337 Dat.
2911 3269 3256 3356 Lugduni,
3304 3270 3475 3336 VIII
3520 3270 3630 3335 Kl.

565 3379 780 3464 Junii,
836 3382 865 3461 n
920 3380 1341 3485 pontificatus
1389 3381 1595 3445 nostri
1643 3401 1815 3446 anno
1866 3381 2080 3446 tertio,

654 3869 1029 3949 (178-179,
1083 3869 1421 3949 igi—183)
1464 3883 1544 3934 Ad
1578 3883 1716 3934 obs.:
1766 3883 2005 3933 Wauiors
2049 3882 2200 3931 Table
2231 3879 2452 3932 chronol.
2499 3881 2633 3931 VII.
2667 3879 2840 3933 1390*.

653 3967 1029 4046 (192-193)
1074 3982 1153 4031 Ad
1186 3981 1326 4032 obs.:
1373 3981 1611 4031 Wautorc
1655 3977 1806 4029 Tabzo
1839 3978 2057 4029 chronol.
2109 3978 2242 4029 VII.
2276 3977 2453 4030 1395*.

652 4064 829 4143 (195)
870 4077 951 4128 Ad
985 4078 1120 4129 obs.:
1162 4078 1387 4143 colman
1421 4076 1654 4141 naysum
1687 4076 1746 4126 ,ιο
1780 4073 1890 4125 76*.

650 4161 826 4239 (197)
871 4174 948 4224 Ad
985 4173 1120 4225 obs.:
1162 4174 1387 4240 Golmjon
1420 4173 1656 4241 Rcyister
1688 4174 1746 4222 2⁸⁰
1781 4171 1889 4222 77*.

649 4256 825 4335 (206)
868 4271 947 4320 Ad
978 4271 1114 4321 obs.:
1158 4270 1382 4336 vomo„
1416 4269 1650 4334 asyma
1683 4269 1744 4319 πο
1777 4269 1885 4321 79*.

653 4352 817 4431 (207·
844 4357 907 4413 et
948 4352 1097 4431 214)
1140 4365 1219 4415 Ad
1253 4366 1389 4417 obs:
1438 4364 1676 4416 mum
1720 4364 1873 4414 Tame
1904 4363 2125 4414 cmm.
2171 4361 2306 4411 VII.
2339 4359 2498 4412 1398*
2535 4362 2585 4409 et
2618 4357 2795 4410 ηοω.

792 4832 969 4911 (211)
1016 4817 1102 4899 In
1147 4834 1407 4899 eundem
1452 4834 1705 4899 modum
1751 4832 1977 4898 abbati
2014 4830 2496 4918 Egmundensi,
2540 4830 2786 4895 ordinis
2826 4829 3035 4896 sancti
3068 4826 3443 4911 Benedicti,
3477 4828 3634 4893 Tra·

562 4939 879 5026 Jectensis
927 4940 1222 5006 diocesis.

797 5047 988 5112 Licet
1033 5067 1263 5130 causa,
1313 5066 1441 5134 que
1488 5045 1704 5131 agitur
1751 5049 1980 5110 contra
2027 5043 2498 5128 F(redericum)
2545 5039 2877 5128 quondam
2921 5040 3383 5128 imperatorem
3429 5039 3634 5105 eccle-

571 5152 734 5218 siam
779 5153 908 5219 Dei
955 5152 1414 5219 damnabiliter
1459 5155 1994 5239 prosequentem,
2043 5150 2128 5215 sit
2176 5170 2312 5215 non
2360 5154 2492 5214 tam
2540 5154 2764 5213 nostra
2810 5131 3006 5233 quam
3052 5147 3344 5212 omnium
3385 5145 3630 5211 Christi

575 5257 868 5324 fidelium
911 5259 1234 5346 generalis
1277 5264 1346 5325 et
1378 5258 1461 5324 ob
1492 5259 1617 5324 hoc
1650 5256 1938 5323 universi
1970 5261 2040 5323 et
2072 5256 2314 5343 singuli
2344 5254 2427 5321 ad
2458 5252 2897 5320 resistendum
2928 5254 2990 5319 ei
3023 5273 3208 5318 suam
3239 5271 3632 5339 suorumque

575 5366 940 5451 potentiam
1001 5363 1491 5452 deprimendam
1554 5365 1696 5429 sine
1762 5362 2188 5451 requisitione
2252 5362 2521 5427 alterius
2584 5359 2871 5426 debeant
2928 5379 3073 5424 esse
3134 5357 3454 5445 prompti,
3519 5377 3630 5423 eos

574 5476 799 5535 tamen
847 5471 926 5535 ad
967 5470 1035 5535 id
1066 5472 1366 5537 volumus
1399 5470 1793 5559 specialibus
1824 5468 2253 5556 indulgentiis
2286 5468 2472 5556 quasi
2503 5464 2893 5554 quibusdam
2923 5457 3226 5530 illectivis
3256 5460 3634 5527 muneribus

573 5574 875 5642 invitare.
968 5577 1245 5643 Plenam
1314 5576 1536 5664 itaque
1608 5577 1678 5641 in
1748 5576 2032 5641 Domino
2102 5573 2408 5640 fiduciam
2477 5571 2559 5638 de
2625 5578 2740 5637 tua
2802 5570 3171 5637 constantia
3233 5574 3301 5634 et
3346 5567 3632 5655 puritate

573 5688 880 5768 gerentes
941 5682 1358 5768 mandamus,
1415 5687 1741 5771 quatenus
1787 5689 2016 5748 contra
2061 5680 2346 5747 eundem
2391 5679 2856 5764 F(redericum)
2902 5682 2971 5743 et
3014 5677 3302 5742 fautores
3355 5675 3499 5761 ejus
3548 5672 3630 5738 de
