<?xml version="1.0" encoding="UTF-8"?>
<!DOCTYPE html PUBLIC "-//W3C//DTD XHTML 1.0 Transitional//EN"
    "http://www.w3.org/TR/xhtml1/DTD/xhtml1-transitional.dtd">
<html xmlns="http://www.w3.org/1999/xhtml" xml:lang="en" lang="en">
 <head>
  <title>
</title>
<meta http-equiv="Content-Type" content="text/html;charset=utf-8" />
  <meta name='ocr-system' content='tesseract 3.04.00' />
  <meta name='ocr-capabilities' content='ocr_page ocr_carea ocr_par ocr_line ocrx_word'/>
</head>
<body>
  <div class='ocr_page' id='page_1' title='image "./bullariumtrajec00nethgoog_0052.png"; bbox 0 0 4450 6684; ppageno 0'>
   <div class='ocr_carea' id='block_1_1' title="bbox 598 508 2437 577">
    <p class='ocr_par' dir='ltr' id='par_1_1' title="bbox 598 508 2437 577">
     <span class='ocr_line' id='line_1_1' title="bbox 598 508 2437 577; baseline -0.001 0"><span class='ocrx_word' id='word_1_1' title='bbox 598 508 603 515; x_wconf 86' lang='grc'><em>’</em></span> <span class='ocrx_word' id='word_1_2' title='bbox 664 529 815 577; x_wconf 76' lang='lat' dir='ltr'>nn</span> <span class='ocrx_word' id='word_1_3' title='bbox 1947 510 2437 577; x_wconf 72' lang='lat' dir='ltr'>Inrnonucrlo.</span> 
     </span>
    </p>
   </div>
   <div class='ocr_carea' id='block_1_2' title="bbox 308 3124 628 3245">
    <p class='ocr_par' dir='ltr' id='par_1_2' title="bbox 308 3124 628 3245">
     <span class='ocr_line' id='line_1_2' title="bbox 345 3124 585 3176; baseline 0.004 -1"><span class='ocrx_word' id='word_1_4' title='bbox 345 3124 585 3176; x_wconf 80' lang='lat' dir='ltr'>Mutuum</span> 
     </span>
     <span class='ocr_line' id='line_1_3' title="bbox 308 3194 628 3245; baseline -0.006 0"><span class='ocrx_word' id='word_1_5' title='bbox 308 3194 628 3245; x_wconf 72' lang='lat' dir='ltr'>contrahendi</span> 
     </span>
    </p>
   </div>
   <div class='ocr_carea' id='block_1_3' title="bbox 352 3262 579 3313">
    <p class='ocr_par' dir='ltr' id='par_1_3' title="bbox 352 3262 579 3313">
     <span class='ocr_line' id='line_1_4' title="bbox 352 3262 579 3313; baseline -0.009 0"><span class='ocrx_word' id='word_1_6' title='bbox 352 3262 579 3313; x_wconf 76' lang='lat' dir='ltr'>facultas.</span> 
     </span>
    </p>
   </div>
   <div class='ocr_carea' id='block_1_4' title="bbox 296 4801 632 4869">
    <p class='ocr_par' dir='ltr' id='par_1_4' title="bbox 296 4801 632 4869">
     <span class='ocr_line' id='line_1_5' title="bbox 296 4801 632 4869; baseline -0.003 -15"><span class='ocrx_word' id='word_1_7' title='bbox 296 4801 632 4869; x_wconf 50' lang='lat' dir='ltr'>Indulgentiap</span> 
     </span>
    </p>
   </div>
   <div class='ocr_carea' id='block_1_5' title="bbox 666 723 3750 4870">
    <p class='ocr_par' dir='ltr' id='par_1_5' title="bbox 666 723 3750 1335">
     <span class='ocr_line' id='line_1_6' title="bbox 666 723 3734 812; baseline -0.001 -17"><span class='ocrx_word' id='word_1_8' title='bbox 666 727 1046 795; x_wconf 85' lang='lat' dir='ltr'>abolivisset</span> <span class='ocrx_word' id='word_1_9' title='bbox 1091 729 1296 812; x_wconf 87' lang='lat' dir='ltr'>(num.</span> <span class='ocrx_word' id='word_1_10' title='bbox 1348 728 1543 812; x_wconf 84' lang='lat'>362);</span> <span class='ocrx_word' id='word_1_11' title='bbox 1592 726 1831 794; x_wconf 92' lang='lat' dir='ltr'>deinde</span> <span class='ocrx_word' id='word_1_12' title='bbox 1879 749 1986 794; x_wconf 88' lang='lat' dir='ltr'>an.</span> <span class='ocrx_word' id='word_1_13' title='bbox 2039 727 2214 793; x_wconf 88' lang='grc'><strong>1310</strong></span> <span class='ocrx_word' id='word_1_14' title='bbox 2257 725 2463 791; x_wconf 87' lang='lat' dir='ltr'>abbas</span> <span class='ocrx_word' id='word_1_15' title='bbox 2509 723 3018 812; x_wconf 88' lang='lat' dir='ltr'>Egmundanus,</span> <span class='ocrx_word' id='word_1_16' title='bbox 3067 730 3145 791; x_wconf 91' lang='lat' dir='ltr'>ut</span> <span class='ocrx_word' id='word_1_17' title='bbox 3189 727 3569 792; x_wconf 90' lang='lat' dir='ltr'>monasterii</span> <span class='ocrx_word' id='word_1_18' title='bbox 3617 726 3734 793; x_wconf 73' lang='lat' dir='ltr'>sui</span> 
     </span>
     <span class='ocr_line' id='line_1_7' title="bbox 669 830 3750 917; baseline -0.001 -17"><span class='ocrx_word' id='word_1_19' title='bbox 669 833 895 900; x_wconf 87' lang='lat' dir='ltr'>debita</span> <span class='ocrx_word' id='word_1_20' title='bbox 952 832 1206 898; x_wconf 86' lang='lat' dir='ltr'>levaret</span> <span class='ocrx_word' id='word_1_21' title='bbox 1265 833 1473 917; x_wconf 85' lang='lat' dir='ltr'>(num.</span> <span class='ocrx_word' id='word_1_22' title='bbox 1540 833 1721 915; x_wconf 85' lang='lat'>500).</span> <span class='ocrx_word' id='word_1_23' title='bbox 1813 830 2064 897; x_wconf 88' lang='lat' dir='ltr'>Eodem</span> <span class='ocrx_word' id='word_1_24' title='bbox 2128 830 2211 897; x_wconf 93' lang='lat' dir='ltr'>de</span> <span class='ocrx_word' id='word_1_25' title='bbox 2274 830 2533 895; x_wconf 92' lang='lat' dir='ltr'>indulto</span> <span class='ocrx_word' id='word_1_26' title='bbox 2595 835 2802 915; x_wconf 90' lang='lat' dir='ltr'>agunt</span> <span class='ocrx_word' id='word_1_27' title='bbox 2869 850 3129 917; x_wconf 89' lang='lat' dir='ltr'>quoque</span> <span class='ocrx_word' id='word_1_28' title='bbox 3177 851 3423 896; x_wconf 88' lang='lat' dir='ltr'>numm.</span> <span class='ocrx_word' id='word_1_29' title='bbox 3473 832 3604 896; x_wconf 89' lang='grc'>386</span> <span class='ocrx_word' id='word_1_30' title='bbox 3651 836 3750 897; x_wconf 72' lang='lat' dir='ltr'>0t÷</span> 
     </span>
     <span class='ocr_line' id='line_1_8' title="bbox 670 933 3750 1023; baseline -0.001 -21"><span class='ocrx_word' id='word_1_31' title='bbox 670 938 820 1002; x_wconf 83' lang='lat'>612.</span> <span class='ocrx_word' id='word_1_32' title='bbox 914 935 1211 1003; x_wconf 79' lang='lat' dir='ltr'><strong>Tandem</strong></span> <span class='ocrx_word' id='word_1_33' title='bbox 1273 957 1378 1000; x_wconf 88' lang='lat' dir='ltr'>an.</span> <span class='ocrx_word' id='word_1_34' title='bbox 1441 937 1612 1001; x_wconf 84' lang='lat'>1359</span> <span class='ocrx_word' id='word_1_35' title='bbox 1659 935 1943 1001; x_wconf 82' lang='lat' dir='ltr'>Folkero</span> <span class='ocrx_word' id='word_1_36' title='bbox 1991 934 2406 1021; x_wconf 83' lang='lat' dir='ltr'>suffraganeo</span> <span class='ocrx_word' id='word_1_37' title='bbox 2452 933 2498 1000; x_wconf 86' lang='lat' dir='ltr'><strong>J</strong></span> <span class='ocrx_word' id='word_1_38' title='bbox 2500 933 2777 999; x_wconf 88' lang='lat' dir='ltr'>ohannis</span> <span class='ocrx_word' id='word_1_39' title='bbox 2826 933 2909 999; x_wconf 91' lang='lat' dir='ltr'>de</span> <span class='ocrx_word' id='word_1_40' title='bbox 2955 935 3165 1001; x_wconf 83' lang='lat' dir='ltr'>Arkel</span> <span class='ocrx_word' id='word_1_41' title='bbox 3210 934 3503 1023; x_wconf 90' lang='lat' dir='ltr'>episcopi</span> <span class='ocrx_word' id='word_1_42' title='bbox 3547 956 3750 1000; x_wconf 55' lang='lat' dir='ltr'>como&lt;</span> 
     </span>
     <span class='ocr_line' id='line_1_9' title="bbox 666 1037 3722 1129; baseline -0.001 -23"><span class='ocrx_word' id='word_1_43' title='bbox 666 1041 938 1106; x_wconf 89' lang='lat' dir='ltr'>missum</span> <span class='ocrx_word' id='word_1_44' title='bbox 997 1041 1395 1129; x_wconf 86' lang='lat' dir='ltr'>reperimus,</span> <span class='ocrx_word' id='word_1_45' title='bbox 1459 1044 1537 1105; x_wconf 87' lang='lat' dir='ltr'>ut</span> <span class='ocrx_word' id='word_1_46' title='bbox 1583 1040 1801 1106; x_wconf 87' lang='lat' dir='ltr'>omnia</span> <span class='ocrx_word' id='word_1_47' title='bbox 1846 1045 1915 1105; x_wconf 90' lang='lat' dir='ltr'>et</span> <span class='ocrx_word' id='word_1_48' title='bbox 1961 1038 2221 1126; x_wconf 85' lang='lat' dir='ltr'>singula</span> <span class='ocrx_word' id='word_1_49' title='bbox 2268 1038 2581 1104; x_wconf 77' lang='lat' dir='ltr'>Gamerae</span> <span class='ocrx_word' id='word_1_50' title='bbox 2625 1037 3052 1126; x_wconf 77' lang='lat' dir='ltr'>Apostolicae</span> <span class='ocrx_word' id='word_1_51' title='bbox 3098 1038 3274 1105; x_wconf 92' lang='lat' dir='ltr'>bona</span> <span class='ocrx_word' id='word_1_52' title='bbox 3316 1039 3387 1104; x_wconf 92' lang='lat' dir='ltr'>in</span> <span class='ocrx_word' id='word_1_53' title='bbox 3435 1038 3722 1106; x_wconf 83' lang='lat' dir='ltr'>dioecesi</span> 
     </span>
     <span class='ocr_line' id='line_1_10' title="bbox 668 1138 3748 1233; baseline 0 -23"><span class='ocrx_word' id='word_1_54' title='bbox 668 1138 1076 1231; x_wconf 81' lang='lat' dir='ltr'>Trajectensi</span> <span class='ocrx_word' id='word_1_55' title='bbox 1146 1144 1504 1210; x_wconf 82' lang='lat' dir='ltr'>existentia</span> <span class='ocrx_word' id='word_1_56' title='bbox 1547 1143 1836 1210; x_wconf 85' lang='lat' dir='ltr'>vendere</span> <span class='ocrx_word' id='word_1_57' title='bbox 1881 1148 2106 1233; x_wconf 87' lang='lat' dir='ltr'>posset</span> <span class='ocrx_word' id='word_1_58' title='bbox 2149 1143 2257 1208; x_wconf 85' lang='lat' dir='ltr'>vel</span> <span class='ocrx_word' id='word_1_59' title='bbox 2303 1142 2599 1230; x_wconf 89' lang='lat' dir='ltr'>quolibet</span> <span class='ocrx_word' id='word_1_60' title='bbox 2644 1140 2839 1208; x_wconf 89' lang='lat' dir='ltr'>modo</span> <span class='ocrx_word' id='word_1_61' title='bbox 2886 1142 2959 1208; x_wconf 92' lang='lat' dir='ltr'>in</span> <span class='ocrx_word' id='word_1_62' title='bbox 3002 1143 3286 1230; x_wconf 88' lang='lat' dir='ltr'>pretium</span> <span class='ocrx_word' id='word_1_63' title='bbox 3338 1150 3748 1210; x_wconf 82' lang='lat' dir='ltr'>convertere-</span> 
     </span>
     <span class='ocr_line' id='line_1_11' title="bbox 668 1249 1218 1335; baseline -0.002 -21"><span class='ocrx_word' id='word_1_64' title='bbox 668 1251 941 1335; x_wconf 86' lang='lat' dir='ltr'>(numm.</span> <span class='ocrx_word' id='word_1_65' title='bbox 998 1249 1218 1333; x_wconf 83' lang='lat'>1622).</span> 
     </span>
    </p>

    <p class='ocr_par' dir='ltr' id='par_1_6' title="bbox 667 1350 3728 2045">
     <span class='ocr_line' id='line_1_12' title="bbox 896 1350 3723 1440; baseline -0.001 -22"><span class='ocrx_word' id='word_1_66' title='bbox 896 1351 1443 1439; x_wconf 79' lang='lat' dir='ltr'>Quandoquidem</span> <span class='ocrx_word' id='word_1_67' title='bbox 1506 1372 1723 1440; x_wconf 89' lang='lat' dir='ltr'>neque</span> <span class='ocrx_word' id='word_1_68' title='bbox 1784 1372 2001 1418; x_wconf 88' lang='lat' dir='ltr'>rerum</span> <span class='ocrx_word' id='word_1_69' title='bbox 2065 1350 2653 1418; x_wconf 86' lang='lat' dir='ltr'>ecclesiasticarum</span> <span class='ocrx_word' id='word_1_70' title='bbox 2713 1350 3111 1440; x_wconf 76' lang='lat' dir='ltr'>permutatio</span> <span class='ocrx_word' id='word_1_71' title='bbox 3173 1350 3316 1417; x_wconf 92' lang='lat' dir='ltr'>fieri</span> <span class='ocrx_word' id='word_1_72' title='bbox 3374 1351 3534 1417; x_wconf 90' lang='lat' dir='ltr'>licet</span> <span class='ocrx_word' id='word_1_73' title='bbox 3579 1351 3723 1416; x_wconf 87' lang='lat' dir='ltr'>sine</span> 
     </span>
     <span class='ocr_line' id='line_1_13' title="bbox 667 1455 3724 1544; baseline -0 -23"><span class='ocrx_word' id='word_1_74' title='bbox 667 1457 1070 1544; x_wconf 87' lang='lat' dir='ltr'>praescripta</span> <span class='ocrx_word' id='word_1_75' title='bbox 1105 1457 1276 1542; x_wconf 88' lang='lat' dir='ltr'>juris</span> <span class='ocrx_word' id='word_1_76' title='bbox 1323 1455 1773 1539; x_wconf 78' lang='lat' dir='ltr'>solemnitate,</span> <span class='ocrx_word' id='word_1_77' title='bbox 1796 1455 1852 1540; x_wconf 87' lang='grc'>1)</span> <span class='ocrx_word' id='word_1_78' title='bbox 1899 1456 2189 1522; x_wconf 82' lang='lat' dir='ltr'>revocari</span> <span class='ocrx_word' id='word_1_79' title='bbox 2226 1455 2359 1521; x_wconf 89' lang='lat' dir='ltr'>huc</span> <span class='ocrx_word' id='word_1_80' title='bbox 2391 1455 2592 1521; x_wconf 86' lang='lat' dir='ltr'>etiam</span> <span class='ocrx_word' id='word_1_81' title='bbox 2622 1460 2843 1542; x_wconf 91' lang='lat' dir='ltr'>potest</span> <span class='ocrx_word' id='word_1_82' title='bbox 2874 1475 3053 1520; x_wconf 89' lang='lat' dir='ltr'>num.</span> <span class='ocrx_word' id='word_1_83' title='bbox 3088 1456 3253 1537; x_wconf 84' lang='lat'>263,</span> <span class='ocrx_word' id='word_1_84' title='bbox 3285 1455 3400 1520; x_wconf 93' lang='lat' dir='ltr'>ubi</span> <span class='ocrx_word' id='word_1_85' title='bbox 3431 1455 3724 1542; x_wconf 87' lang='lat' dir='ltr'>capitulo</span> 
     </span>
     <span class='ocr_line' id='line_1_14' title="bbox 671 1559 3722 1649; baseline -0.001 -22"><span class='ocrx_word' id='word_1_86' title='bbox 671 1561 740 1627; x_wconf 79' lang='lat' dir='ltr'>S.</span> <span class='ocrx_word' id='word_1_87' title='bbox 787 1561 971 1627; x_wconf 90' lang='lat' dir='ltr'>Petri</span> <span class='ocrx_word' id='word_1_88' title='bbox 1018 1561 1460 1645; x_wconf 73' lang='lat' dir='ltr'>TraJectensis</span> <span class='ocrx_word' id='word_1_89' title='bbox 1508 1560 1977 1625; x_wconf 86' lang='lat' dir='ltr'>confirmantur</span> <span class='ocrx_word' id='word_1_90' title='bbox 2022 1560 2336 1646; x_wconf 89' lang='lat' dir='ltr'>superflui</span> <span class='ocrx_word' id='word_1_91' title='bbox 2374 1560 2797 1625; x_wconf 88' lang='lat' dir='ltr'>ecclesiarum</span> <span class='ocrx_word' id='word_1_92' title='bbox 2828 1559 3299 1649; x_wconf 78' lang='lat' dir='ltr'>parochialium</span> <span class='ocrx_word' id='word_1_93' title='bbox 3329 1566 3722 1646; x_wconf 83' lang='lat' dir='ltr'>proventus,</span> 
     </span>
     <span class='ocr_line' id='line_1_15' title="bbox 672 1663 3725 1753; baseline -0.001 -22"><span class='ocrx_word' id='word_1_94' title='bbox 672 1666 754 1731; x_wconf 89' lang='lat' dir='ltr'>ab</span> <span class='ocrx_word' id='word_1_95' title='bbox 819 1665 1065 1730; x_wconf 90' lang='lat' dir='ltr'>Ottone</span> <span class='ocrx_word' id='word_1_96' title='bbox 1127 1665 1432 1753; x_wconf 90' lang='lat' dir='ltr'>episcopo</span> <span class='ocrx_word' id='word_1_97' title='bbox 1480 1663 1734 1751; x_wconf 90' lang='lat' dir='ltr'>pridem</span> <span class='ocrx_word' id='word_1_98' title='bbox 1781 1665 1842 1730; x_wconf 91' lang='lat' dir='ltr'>ei</span> <span class='ocrx_word' id='word_1_99' title='bbox 1889 1664 2224 1750; x_wconf 88' lang='lat' dir='ltr'>assignati.</span> <span class='ocrx_word' id='word_1_100' title='bbox 2320 1663 2495 1729; x_wconf 83' lang='lat' dir='ltr'>Sane</span> <span class='ocrx_word' id='word_1_101' title='bbox 2541 1663 2655 1728; x_wconf 79' lang='lat' dir='ltr'>vix</span> <span class='ocrx_word' id='word_1_102' title='bbox 2700 1663 2828 1729; x_wconf 86' lang='lat' dir='ltr'>alia</span> <span class='ocrx_word' id='word_1_103' title='bbox 2874 1665 3130 1730; x_wconf 87' lang='lat' dir='ltr'>ratione</span> <span class='ocrx_word' id='word_1_104' title='bbox 3176 1663 3359 1730; x_wconf 86' lang='lat' dir='ltr'>ducti</span> <span class='ocrx_word' id='word_1_105' title='bbox 3405 1685 3601 1751; x_wconf 92' lang='lat' dir='ltr'>quam</span> <span class='ocrx_word' id='word_1_106' title='bbox 3647 1670 3725 1729; x_wconf 92' lang='lat' dir='ltr'>ut</span> 
     </span>
     <span class='ocr_line' id='line_1_16' title="bbox 679 1766 3723 1856; baseline -0.001 -21"><span class='ocrx_word' id='word_1_107' title='bbox 679 1771 843 1836; x_wconf 88' lang='lat' dir='ltr'>haec</span> <span class='ocrx_word' id='word_1_108' title='bbox 906 1769 1050 1856; x_wconf 89' lang='lat' dir='ltr'>ipsa</span> <span class='ocrx_word' id='word_1_109' title='bbox 1103 1769 1273 1854; x_wconf 88' lang='lat' dir='ltr'>juris</span> <span class='ocrx_word' id='word_1_110' title='bbox 1336 1769 1717 1835; x_wconf 77' lang='lat' dir='ltr'>solemnitas</span> <span class='ocrx_word' id='word_1_111' title='bbox 1771 1769 1979 1855; x_wconf 89' lang='lat' dir='ltr'>magis</span> <span class='ocrx_word' id='word_1_112' title='bbox 2027 1769 2368 1854; x_wconf 83' lang='lat' dir='ltr'>magisque</span> <span class='ocrx_word' id='word_1_113' title='bbox 2415 1767 2854 1851; x_wconf 90' lang='lat' dir='ltr'>stabiliretur,</span> <span class='ocrx_word' id='word_1_114' title='bbox 2905 1766 3184 1834; x_wconf 88' lang='lat' dir='ltr'>eandem</span> <span class='ocrx_word' id='word_1_115' title='bbox 3231 1768 3522 1856; x_wconf 81' lang='lat' dir='ltr'>episcopi</span> <span class='ocrx_word' id='word_1_116' title='bbox 3570 1789 3723 1833; x_wconf 89' lang='lat' dir='ltr'>con-</span> 
     </span>
     <span class='ocr_line' id='line_1_17' title="bbox 673 1872 3728 1960; baseline 0 -20"><span class='ocrx_word' id='word_1_117' title='bbox 673 1874 1034 1941; x_wconf 90' lang='lat' dir='ltr'>cessionem</span> <span class='ocrx_word' id='word_1_118' title='bbox 1104 1895 1237 1939; x_wconf 91' lang='lat' dir='ltr'>non</span> <span class='ocrx_word' id='word_1_119' title='bbox 1309 1879 1566 1939; x_wconf 86' lang='lat' dir='ltr'>tantum</span> <span class='ocrx_word' id='word_1_120' title='bbox 1629 1895 1670 1938; x_wconf 91' lang='lat' dir='ltr'>a</span> <span class='ocrx_word' id='word_1_121' title='bbox 1728 1873 1950 1960; x_wconf 88' lang='lat' dir='ltr'>legato</span> <span class='ocrx_word' id='word_1_122' title='bbox 2012 1872 2232 1960; x_wconf 89' lang='lat' dir='ltr'>papali</span> <span class='ocrx_word' id='word_1_123' title='bbox 2294 1872 2412 1938; x_wconf 89' lang='lat' dir='ltr'>sed</span> <span class='ocrx_word' id='word_1_124' title='bbox 2470 1894 2510 1938; x_wconf 96' lang='lat' dir='ltr'>a</span> <span class='ocrx_word' id='word_1_125' title='bbox 2556 1873 2824 1939; x_wconf 85' lang='lat' dir='ltr'>Summo</span> <span class='ocrx_word' id='word_1_126' title='bbox 2873 1874 3197 1939; x_wconf 90' lang='lat' dir='ltr'>Pontifice</span> <span class='ocrx_word' id='word_1_127' title='bbox 3245 1874 3445 1940; x_wconf 90' lang='lat' dir='ltr'>etiam</span> <span class='ocrx_word' id='word_1_128' title='bbox 3492 1894 3728 1960; x_wconf 91' lang='lat' dir='ltr'>appro-</span> 
     </span>
     <span class='ocr_line' id='line_1_18' title="bbox 669 1978 1333 2045; baseline -0.003 -1"><span class='ocrx_word' id='word_1_129' title='bbox 669 1978 956 2045; x_wconf 90' lang='lat' dir='ltr'>bandam</span> <span class='ocrx_word' id='word_1_130' title='bbox 1003 1983 1333 2043; x_wconf 88' lang='lat' dir='ltr'>curarunt.</span> 
     </span>
    </p>

    <p class='ocr_par' dir='ltr' id='par_1_7' title="bbox 670 2081 3736 3106">
     <span class='ocr_line' id='line_1_19' title="bbox 896 2081 3728 2149; baseline 0 -1"><span class='ocrx_word' id='word_1_131' title='bbox 896 2083 1101 2148; x_wconf 88' lang='lat' dir='ltr'>Porro</span> <span class='ocrx_word' id='word_1_132' title='bbox 1171 2103 1257 2148; x_wconf 93' lang='lat' dir='ltr'>ne</span> <span class='ocrx_word' id='word_1_133' title='bbox 1326 2081 1502 2147; x_wconf 89' lang='lat' dir='ltr'>bona</span> <span class='ocrx_word' id='word_1_134' title='bbox 1571 2081 2012 2148; x_wconf 85' lang='lat' dir='ltr'>ecclesiastica</span> <span class='ocrx_word' id='word_1_135' title='bbox 2080 2081 2219 2148; x_wconf 82' lang='lat' dir='ltr'>sive</span> <span class='ocrx_word' id='word_1_136' title='bbox 2289 2103 2331 2147; x_wconf 91' lang='lat' dir='ltr'>a</span> <span class='ocrx_word' id='word_1_137' title='bbox 2392 2082 2642 2148; x_wconf 89' lang='lat' dir='ltr'>clericis</span> <span class='ocrx_word' id='word_1_138' title='bbox 2708 2082 2845 2148; x_wconf 81' lang='lat' dir='ltr'>sive</span> <span class='ocrx_word' id='word_1_139' title='bbox 2893 2103 2933 2147; x_wconf 91' lang='lat' dir='ltr'>a</span> <span class='ocrx_word' id='word_1_140' title='bbox 2975 2082 3161 2147; x_wconf 90' lang='lat' dir='ltr'>laicis</span> <span class='ocrx_word' id='word_1_141' title='bbox 3206 2082 3436 2149; x_wconf 90' lang='lat' dir='ltr'>illicite</span> <span class='ocrx_word' id='word_1_142' title='bbox 3482 2082 3728 2149; x_wconf 83' lang='lat' dir='ltr'>aliena-</span> 
     </span>
     <span class='ocr_line' id='line_1_20' title="bbox 670 2185 3730 2275; baseline -0 -21"><span class='ocrx_word' id='word_1_143' title='bbox 670 2192 935 2271; x_wconf 80' lang='lat' dir='ltr'>rentur,</span> <span class='ocrx_word' id='word_1_144' title='bbox 1006 2207 1263 2275; x_wconf 87' lang='lat' dir='ltr'>semper</span> <span class='ocrx_word' id='word_1_145' title='bbox 1334 2192 1402 2251; x_wconf 92' lang='lat' dir='ltr'>et</span> <span class='ocrx_word' id='word_1_146' title='bbox 1469 2186 1715 2272; x_wconf 92' lang='lat' dir='ltr'>ubique</span> <span class='ocrx_word' id='word_1_147' title='bbox 1787 2185 1993 2252; x_wconf 84' lang='lat' dir='ltr'>Sedes</span> <span class='ocrx_word' id='word_1_148' title='bbox 2058 2185 2448 2272; x_wconf 73' lang='lat' dir='ltr'>Apostolica</span> <span class='ocrx_word' id='word_1_149' title='bbox 2514 2185 2775 2252; x_wconf 87' lang='lat' dir='ltr'>assidue</span> <span class='ocrx_word' id='word_1_150' title='bbox 2846 2187 3117 2272; x_wconf 82' lang='lat' dir='ltr'>vigilare</span> <span class='ocrx_word' id='word_1_151' title='bbox 3189 2186 3520 2252; x_wconf 78' lang='lat' dir='ltr'>studebat.</span> <span class='ocrx_word' id='word_1_152' title='bbox 3617 2187 3730 2255; x_wconf 81' lang='lat' dir='ltr'>Sic</span> 
     </span>
     <span class='ocr_line' id='line_1_21' title="bbox 671 2289 3723 2379; baseline -0.001 -21"><span class='ocrx_word' id='word_1_153' title='bbox 671 2291 1027 2359; x_wconf 90' lang='lat' dir='ltr'>eorundem</span> <span class='ocrx_word' id='word_1_154' title='bbox 1088 2293 1160 2355; x_wconf 93' lang='lat' dir='ltr'>in</span> <span class='ocrx_word' id='word_1_155' title='bbox 1220 2290 1507 2357; x_wconf 89' lang='lat' dir='ltr'>dioecesi</span> <span class='ocrx_word' id='word_1_156' title='bbox 1567 2292 1973 2377; x_wconf 87' lang='lat' dir='ltr'>Trajectensi</span> <span class='ocrx_word' id='word_1_157' title='bbox 2020 2289 2443 2355; x_wconf 85' lang='lat' dir='ltr'>indemnitati</span> <span class='ocrx_word' id='word_1_158' title='bbox 2488 2291 2820 2356; x_wconf 89' lang='lat' dir='ltr'>consuluit</span> <span class='ocrx_word' id='word_1_159' title='bbox 2866 2291 3178 2357; x_wconf 86' lang='lat' dir='ltr'>Nicolaus</span> <span class='ocrx_word' id='word_1_160' title='bbox 3223 2312 3396 2379; x_wconf 91' lang='lat' dir='ltr'>papa</span> <span class='ocrx_word' id='word_1_161' title='bbox 3438 2291 3561 2374; x_wconf 91' lang='lat' dir='ltr'>IV,</span> <span class='ocrx_word' id='word_1_162' title='bbox 3608 2292 3723 2378; x_wconf 92' lang='lat' dir='ltr'>qui</span> 
     </span>
     <span class='ocr_line' id='line_1_22' title="bbox 670 2392 3727 2482; baseline -0.001 -19"><span class='ocrx_word' id='word_1_163' title='bbox 670 2419 776 2463; x_wconf 91' lang='lat' dir='ltr'>an.</span> <span class='ocrx_word' id='word_1_164' title='bbox 830 2399 993 2462; x_wconf 91' lang='grc'><strong>1291</strong></span> <span class='ocrx_word' id='word_1_165' title='bbox 1047 2394 1338 2460; x_wconf 66' lang='lat' dir='ltr'>«Iohanni</span> <span class='ocrx_word' id='word_1_166' title='bbox 1387 2392 1469 2459; x_wconf 91' lang='lat' dir='ltr'>de</span> <span class='ocrx_word' id='word_1_167' title='bbox 1518 2394 1751 2480; x_wconf 78' lang='lat' dir='ltr'>Syrick</span> <span class='ocrx_word' id='word_1_168' title='bbox 1798 2395 2105 2482; x_wconf 89' lang='lat' dir='ltr'>episcopo</span> <span class='ocrx_word' id='word_1_169' title='bbox 2153 2394 2533 2460; x_wconf 76' lang='lat' dir='ltr'>facultatem</span> <span class='ocrx_word' id='word_1_170' title='bbox 2579 2395 2933 2477; x_wconf 90' lang='lat' dir='ltr'>commisit,</span> <span class='ocrx_word' id='word_1_171' title='bbox 2982 2395 3364 2461; x_wconf 78' lang='lat' dir='ltr'>manifestos</span> <span class='ocrx_word' id='word_1_172' title='bbox 3401 2396 3727 2461; x_wconf 90' lang='lat' dir='ltr'>bonorum</span> 
     </span>
     <span class='ocr_line' id='line_1_23' title="bbox 674 2497 3728 2586; baseline -0 -20"><span class='ocrx_word' id='word_1_173' title='bbox 674 2499 1261 2566; x_wconf 87' lang='lat' dir='ltr'>ecclesiasticorum</span> <span class='ocrx_word' id='word_1_174' title='bbox 1311 2504 1736 2584; x_wconf 84' lang='lat' dir='ltr'>occupatores</span> <span class='ocrx_word' id='word_1_175' title='bbox 1777 2497 2202 2563; x_wconf 83' lang='lat' dir='ltr'>severissimis</span> <span class='ocrx_word' id='word_1_176' title='bbox 2235 2499 2528 2563; x_wconf 90' lang='lat' dir='ltr'>censuris</span> <span class='ocrx_word' id='word_1_177' title='bbox 2559 2499 3043 2586; x_wconf 88' lang='lat' dir='ltr'>perstringendi</span> <span class='ocrx_word' id='word_1_178' title='bbox 3076 2502 3281 2584; x_wconf 89' lang='lat' dir='ltr'>(num.</span> <span class='ocrx_word' id='word_1_179' title='bbox 3316 2501 3496 2585; x_wconf 90' lang='grc'><strong>404).</strong></span> <span class='ocrx_word' id='word_1_180' title='bbox 3553 2500 3728 2565; x_wconf 90' lang='lat' dir='ltr'>Item</span> 
     </span>
     <span class='ocr_line' id='line_1_24' title="bbox 672 2601 3727 2690; baseline -0 -20"><span class='ocrx_word' id='word_1_181' title='bbox 672 2604 1050 2671; x_wconf 88' lang='lat' dir='ltr'>Bonifacius</span> <span class='ocrx_word' id='word_1_182' title='bbox 1119 2623 1292 2690; x_wconf 89' lang='lat' dir='ltr'>papa</span> <span class='ocrx_word' id='word_1_183' title='bbox 1357 2601 1530 2667; x_wconf 88' lang='lat' dir='ltr'><strong>VIII</strong></span> <span class='ocrx_word' id='word_1_184' title='bbox 1597 2622 1703 2665; x_wconf 88' lang='lat' dir='ltr'>an.</span> <span class='ocrx_word' id='word_1_185' title='bbox 1780 2603 1950 2666; x_wconf 83' lang='lat'>1296</span> <span class='ocrx_word' id='word_1_186' title='bbox 2021 2601 2384 2667; x_wconf 87' lang='lat' dir='ltr'>Wilhelmo</span> <span class='ocrx_word' id='word_1_187' title='bbox 2444 2603 2787 2668; x_wconf 90' lang='lat' dir='ltr'>Bertholdi</span> <span class='ocrx_word' id='word_1_188' title='bbox 2853 2604 3158 2690; x_wconf 89' lang='lat' dir='ltr'>episcopo</span> <span class='ocrx_word' id='word_1_189' title='bbox 3212 2604 3586 2688; x_wconf 84' lang='lat' dir='ltr'>mandavit,</span> <span class='ocrx_word' id='word_1_190' title='bbox 3649 2610 3727 2669; x_wconf 92' lang='lat' dir='ltr'>ut</span> 
     </span>
     <span class='ocr_line' id='line_1_25' title="bbox 673 2703 3722 2796; baseline -0 -22"><span class='ocrx_word' id='word_1_191' title='bbox 673 2710 849 2775; x_wconf 91' lang='lat' dir='ltr'>bona</span> <span class='ocrx_word' id='word_1_192' title='bbox 909 2706 1386 2789; x_wconf 87' lang='lat' dir='ltr'>ecclesiastica,</span> <span class='ocrx_word' id='word_1_193' title='bbox 1436 2726 1603 2790; x_wconf 93' lang='lat' dir='ltr'>quae</span> <span class='ocrx_word' id='word_1_194' title='bbox 1652 2704 2025 2771; x_wconf 90' lang='lat' dir='ltr'>sacerdotes</span> <span class='ocrx_word' id='word_1_195' title='bbox 2074 2703 2369 2771; x_wconf 82' lang='lat' dir='ltr'>dividere</span> <span class='ocrx_word' id='word_1_196' title='bbox 2417 2708 2681 2793; x_wconf 90' lang='lat' dir='ltr'>suisque</span> <span class='ocrx_word' id='word_1_197' title='bbox 2727 2707 2880 2772; x_wconf 89' lang='lat' dir='ltr'>filiis</span> <span class='ocrx_word' id='word_1_198' title='bbox 2927 2714 2996 2773; x_wconf 92' lang='lat' dir='ltr'>et</span> <span class='ocrx_word' id='word_1_199' title='bbox 3041 2707 3301 2774; x_wconf 88' lang='lat' dir='ltr'>filiabus</span> <span class='ocrx_word' id='word_1_200' title='bbox 3349 2709 3722 2796; x_wconf 89' lang='lat' dir='ltr'>relinquere</span> 
     </span>
     <span class='ocr_line' id='line_1_26' title="bbox 673 2808 3726 2902; baseline -0.001 -23"><span class='ocrx_word' id='word_1_201' title='bbox 673 2809 1210 2902; x_wconf 87' lang='lat' dir='ltr'>praesumebant,</span> <span class='ocrx_word' id='word_1_202' title='bbox 1260 2808 1340 2873; x_wconf 89' lang='lat' dir='ltr'>ad</span> <span class='ocrx_word' id='word_1_203' title='bbox 1383 2810 1718 2896; x_wconf 90' lang='lat' dir='ltr'>proprium</span> <span class='ocrx_word' id='word_1_204' title='bbox 1750 2810 1862 2897; x_wconf 80' lang='lat' dir='ltr'>J‘us</span> <span class='ocrx_word' id='word_1_205' title='bbox 1891 2815 2230 2875; x_wconf 82' lang='lat' dir='ltr'>revocaret</span> <span class='ocrx_word' id='word_1_206' title='bbox 2263 2812 2469 2894; x_wconf 90' lang='lat' dir='ltr'>(num.</span> <span class='ocrx_word' id='word_1_207' title='bbox 2503 2811 2695 2895; x_wconf 92' lang='grc'><strong>423),</strong></span> <span class='ocrx_word' id='word_1_208' title='bbox 2728 2818 2928 2898; x_wconf 90' lang='lat' dir='ltr'>atque</span> <span class='ocrx_word' id='word_1_209' title='bbox 2959 2817 3036 2877; x_wconf 92' lang='lat' dir='ltr'>ut</span> <span class='ocrx_word' id='word_1_210' title='bbox 3066 2813 3379 2879; x_wconf 79' lang='lat' dir='ltr'>vassallos</span> <span class='ocrx_word' id='word_1_211' title='bbox 3410 2813 3726 2878; x_wconf 90' lang='lat' dir='ltr'>ecclesiae</span> 
     </span>
     <span class='ocr_line' id='line_1_27' title="bbox 675 2911 3736 3003; baseline -0.001 -20"><span class='ocrx_word' id='word_1_212' title='bbox 675 2938 868 2999; x_wconf 89' lang='lat' dir='ltr'>suae,</span> <span class='ocrx_word' id='word_1_213' title='bbox 941 2915 1052 3001; x_wconf 89' lang='lat' dir='ltr'>qui</span> <span class='ocrx_word' id='word_1_214' title='bbox 1123 2913 1204 2978; x_wconf 91' lang='lat' dir='ltr'>de</span> <span class='ocrx_word' id='word_1_215' title='bbox 1274 2914 1556 2978; x_wconf 81' lang='lat' dir='ltr'>servitiis</span> <span class='ocrx_word' id='word_1_216' title='bbox 1626 2911 1866 2979; x_wconf 90' lang='lat' dir='ltr'>debitis</span> <span class='ocrx_word' id='word_1_217' title='bbox 1934 2912 2332 3000; x_wconf 91' lang='lat' dir='ltr'>respondere</span> <span class='ocrx_word' id='word_1_218' title='bbox 2396 2920 2466 2980; x_wconf 93' lang='lat' dir='ltr'>et</span> <span class='ocrx_word' id='word_1_219' title='bbox 2525 2913 2903 3001; x_wconf 84' lang='lat' dir='ltr'>homagium</span> <span class='ocrx_word' id='word_1_220' title='bbox 2947 2924 3284 3003; x_wconf 89' lang='lat' dir='ltr'>praestare</span> <span class='ocrx_word' id='word_1_221' title='bbox 3334 2916 3736 3000; x_wconf 68' lang='lat' dir='ltr'>abnuerint,</span> 
     </span>
     <span class='ocr_line' id='line_1_28' title="bbox 675 3016 3233 3106; baseline -0.001 -19"><span class='ocrx_word' id='word_1_222' title='bbox 675 3017 1369 3088; x_wconf 84' lang='lat' dir='ltr'>excommunicationis</span> <span class='ocrx_word' id='word_1_223' title='bbox 1418 3023 1486 3084; x_wconf 92' lang='lat' dir='ltr'>et</span> <span class='ocrx_word' id='word_1_224' title='bbox 1531 3016 1866 3083; x_wconf 89' lang='lat' dir='ltr'>interdicti</span> <span class='ocrx_word' id='word_1_225' title='bbox 1911 3023 2359 3104; x_wconf 80' lang='lat' dir='ltr'>compesceret</span> <span class='ocrx_word' id='word_1_226' title='bbox 2403 3019 2749 3084; x_wconf 89' lang='lat' dir='ltr'>sententiis</span> <span class='ocrx_word' id='word_1_227' title='bbox 2796 3022 3002 3104; x_wconf 88' lang='lat' dir='ltr'>(num.</span> <span class='ocrx_word' id='word_1_228' title='bbox 3051 3023 3233 3106; x_wconf 91' lang='grc'><strong>427).</strong></span> 
     </span>
    </p>

    <p class='ocr_par' dir='ltr' id='par_1_8' title="bbox 671 3120 3747 4767">
     <span class='ocr_line' id='line_1_29' title="bbox 900 3120 3724 3211; baseline 0.001 -23"><span class='ocrx_word' id='word_1_229' title='bbox 900 3124 1029 3189; x_wconf 90' lang='lat' dir='ltr'>Hic</span> <span class='ocrx_word' id='word_1_230' title='bbox 1098 3122 1382 3209; x_wconf 90' lang='lat' dir='ltr'>denique</span> <span class='ocrx_word' id='word_1_231' title='bbox 1453 3120 1795 3204; x_wconf 84' lang='lat' dir='ltr'>convenit,</span> <span class='ocrx_word' id='word_1_232' title='bbox 1867 3122 2347 3208; x_wconf 90' lang='lat' dir='ltr'>aliquantulum</span> <span class='ocrx_word' id='word_1_233' title='bbox 2410 3121 2730 3189; x_wconf 89' lang='lat' dir='ltr'>disserere</span> <span class='ocrx_word' id='word_1_234' title='bbox 2777 3123 2860 3190; x_wconf 90' lang='lat' dir='ltr'>de</span> <span class='ocrx_word' id='word_1_235' title='bbox 2908 3131 3176 3210; x_wconf 91' lang='lat' dir='ltr'>mutuo,</span> <span class='ocrx_word' id='word_1_236' title='bbox 3232 3128 3420 3211; x_wconf 84' lang='lat' dir='ltr'>cujus</span> <span class='ocrx_word' id='word_1_237' title='bbox 3466 3132 3724 3192; x_wconf 88' lang='lat' dir='ltr'>contra-</span> 
     </span>
     <span class='ocr_line' id='line_1_30' title="bbox 675 3225 3722 3317; baseline 0 -22"><span class='ocrx_word' id='word_1_238' title='bbox 675 3227 879 3295; x_wconf 91' lang='lat' dir='ltr'>hendi</span> <span class='ocrx_word' id='word_1_239' title='bbox 938 3227 1271 3293; x_wconf 87' lang='lat' dir='ltr'>licentiam</span> <span class='ocrx_word' id='word_1_240' title='bbox 1333 3226 1630 3292; x_wconf 91' lang='lat' dir='ltr'>nonnulli</span> <span class='ocrx_word' id='word_1_241' title='bbox 1696 3226 1983 3313; x_wconf 90' lang='lat' dir='ltr'>episcopi</span> <span class='ocrx_word' id='word_1_242' title='bbox 2029 3225 2486 3310; x_wconf 85' lang='lat' dir='ltr'>Trajectenses</span> <span class='ocrx_word' id='word_1_243' title='bbox 2534 3248 2573 3292; x_wconf 93' lang='lat' dir='ltr'>a</span> <span class='ocrx_word' id='word_1_244' title='bbox 2619 3228 2791 3294; x_wconf 83' lang='lat' dir='ltr'>Sede</span> <span class='ocrx_word' id='word_1_245' title='bbox 2840 3229 3224 3315; x_wconf 82' lang='lat' dir='ltr'>Apostolica</span> <span class='ocrx_word' id='word_1_246' title='bbox 3269 3231 3722 3317; x_wconf 86' lang='lat' dir='ltr'>impetrarunt.</span> 
     </span>
     <span class='ocr_line' id='line_1_31' title="bbox 673 3329 3744 3423; baseline 0.001 -25"><span class='ocrx_word' id='word_1_247' title='bbox 673 3332 938 3399; x_wconf 84' lang='lat' dir='ltr'>Etenim</span> <span class='ocrx_word' id='word_1_248' title='bbox 1007 3330 1421 3396; x_wconf 85' lang='lat' dir='ltr'>alienationis</span> <span class='ocrx_word' id='word_1_249' title='bbox 1489 3330 1756 3395; x_wconf 87' lang='lat' dir='ltr'>illicitae</span> <span class='ocrx_word' id='word_1_250' title='bbox 1827 3329 2092 3394; x_wconf 89' lang='lat' dir='ltr'>nomine</span> <span class='ocrx_word' id='word_1_251' title='bbox 2161 3329 2439 3395; x_wconf 84' lang='lat' dir='ltr'>veniunt</span> <span class='ocrx_word' id='word_1_252' title='bbox 2508 3332 2786 3418; x_wconf 89' lang='lat' dir='ltr'>quilibet</span> <span class='ocrx_word' id='word_1_253' title='bbox 2857 3339 3265 3417; x_wconf 89' lang='lat' dir='ltr'>contractus,</span> <span class='ocrx_word' id='word_1_254' title='bbox 3340 3356 3428 3400; x_wconf 82' lang='lat' dir='ltr'>ex</span> <span class='ocrx_word' id='word_1_255' title='bbox 3486 3336 3744 3423; x_wconf 91' lang='lat' dir='ltr'>quibus-</span> 
     </span>
     <span class='ocr_line' id='line_1_32' title="bbox 676 3431 3726 3527; baseline 0.002 -26"><span class='ocrx_word' id='word_1_256' title='bbox 676 3437 859 3523; x_wconf 89' lang='lat' dir='ltr'>pejor</span> <span class='ocrx_word' id='word_1_257' title='bbox 919 3436 1059 3500; x_wconf 91' lang='lat' dir='ltr'>fieri</span> <span class='ocrx_word' id='word_1_258' title='bbox 1120 3439 1343 3521; x_wconf 92' lang='lat' dir='ltr'>posset</span> <span class='ocrx_word' id='word_1_259' title='bbox 1404 3433 1738 3499; x_wconf 87' lang='lat' dir='ltr'>Ecclesiae</span> <span class='ocrx_word' id='word_1_260' title='bbox 1800 3431 2128 3517; x_wconf 90' lang='lat' dir='ltr'>conditio,</span> <span class='ocrx_word' id='word_1_261' title='bbox 2178 3434 2386 3499; x_wconf 79' lang='lat' dir='ltr'>veluti</span> <span class='ocrx_word' id='word_1_262' title='bbox 2433 3435 2795 3520; x_wconf 88' lang='lat' dir='ltr'>condictio,</span> <span class='ocrx_word' id='word_1_263' title='bbox 2847 3437 3152 3521; x_wconf 89' lang='lat' dir='ltr'>donatio,</span> <span class='ocrx_word' id='word_1_264' title='bbox 3200 3439 3531 3525; x_wconf 81' lang='lat' dir='ltr'>venditio,</span> <span class='ocrx_word' id='word_1_265' title='bbox 3580 3461 3726 3527; x_wconf 91' lang='lat' dir='ltr'>per·</span> 
     </span>
     <span class='ocr_line' id='line_1_33' title="bbox 673 3537 3727 3631; baseline 0.001 -25"><span class='ocrx_word' id='word_1_266' title='bbox 673 3540 952 3606; x_wconf 89' lang='lat' dir='ltr'>mutatio</span> <span class='ocrx_word' id='word_1_267' title='bbox 1016 3545 1084 3604; x_wconf 88' lang='lat' dir='ltr'>et</span> <span class='ocrx_word' id='word_1_268' title='bbox 1144 3537 1673 3624; x_wconf 84' lang='lat' dir='ltr'>emphyteuticus</span> <span class='ocrx_word' id='word_1_269' title='bbox 1734 3543 2092 3624; x_wconf 86' lang='lat' dir='ltr'>perpetuus</span> <span class='ocrx_word' id='word_1_270' title='bbox 2156 3544 2550 3604; x_wconf 88' lang='lat' dir='ltr'>contractus.</span> <span class='ocrx_word' id='word_1_271' title='bbox 2578 3541 2632 3624; x_wconf 77' lang='lat'>2)</span> <span class='ocrx_word' id='word_1_272' title='bbox 2725 3541 3021 3608; x_wconf 88' lang='lat' dir='ltr'>Ecclesia</span> <span class='ocrx_word' id='word_1_273' title='bbox 3084 3550 3305 3608; x_wconf 89' lang='lat' dir='ltr'>autem</span> <span class='ocrx_word' id='word_1_274' title='bbox 3354 3550 3532 3610; x_wconf 89' lang='lat' dir='ltr'>certe</span> <span class='ocrx_word' id='word_1_275' title='bbox 3580 3565 3727 3631; x_wconf 87' lang='lat' dir='ltr'>gra-</span> 
     </span>
     <span class='ocr_line' id='line_1_34' title="bbox 673 3641 3733 3733; baseline 0.001 -22"><span class='ocrx_word' id='word_1_276' title='bbox 673 3652 867 3711; x_wconf 81' lang='lat' dir='ltr'>vatur</span> <span class='ocrx_word' id='word_1_277' title='bbox 908 3647 1177 3724; x_wconf 90' lang='lat' dir='ltr'>mutuo,</span> <span class='ocrx_word' id='word_1_278' title='bbox 1236 3642 1479 3727; x_wconf 92' lang='lat' dir='ltr'>quippe</span> <span class='ocrx_word' id='word_1_279' title='bbox 1527 3641 1702 3727; x_wconf 92' lang='lat' dir='ltr'>quod</span> <span class='ocrx_word' id='word_1_280' title='bbox 1751 3662 1894 3706; x_wconf 90' lang='lat' dir='ltr'>eam</span> <span class='ocrx_word' id='word_1_281' title='bbox 1942 3661 2093 3707; x_wconf 91' lang='lat' dir='ltr'>aere</span> <span class='ocrx_word' id='word_1_282' title='bbox 2140 3642 2355 3707; x_wconf 89' lang='lat' dir='ltr'>alieno</span> <span class='ocrx_word' id='word_1_283' title='bbox 2405 3650 2636 3710; x_wconf 85' lang='lat' dir='ltr'>oneret</span> <span class='ocrx_word' id='word_1_284' title='bbox 2680 3645 2984 3733; x_wconf 88' lang='lat' dir='ltr'>bonaque</span> <span class='ocrx_word' id='word_1_285' title='bbox 3032 3648 3476 3714; x_wconf 90' lang='lat' dir='ltr'>ecclesiastica</span> <span class='ocrx_word' id='word_1_286' title='bbox 3525 3649 3733 3715; x_wconf 75' lang='lat' dir='ltr'>tacite</span> 
     </span>
     <span class='ocr_line' id='line_1_35' title="bbox 676 3744 3724 3840; baseline 0.001 -25"><span class='ocrx_word' id='word_1_287' title='bbox 676 3751 907 3815; x_wconf 91' lang='lat' dir='ltr'>saltem</span> <span class='ocrx_word' id='word_1_288' title='bbox 971 3747 1382 3833; x_wconf 85' lang='lat' dir='ltr'>oppignoret.</span> <span class='ocrx_word' id='word_1_289' title='bbox 1473 3744 1581 3811; x_wconf 90' lang='lat' dir='ltr'>Ad</span> <span class='ocrx_word' id='word_1_290' title='bbox 1646 3750 1945 3810; x_wconf 91' lang='lat' dir='ltr'>mutuum</span> <span class='ocrx_word' id='word_1_291' title='bbox 2009 3766 2166 3830; x_wconf 90' lang='lat' dir='ltr'>ergo</span> <span class='ocrx_word' id='word_1_292' title='bbox 2222 3745 2741 3813; x_wconf 90' lang='lat' dir='ltr'>contrahendum</span> <span class='ocrx_word' id='word_1_293' title='bbox 2789 3750 3144 3837; x_wconf 88' lang='lat' dir='ltr'>requiritur</span> <span class='ocrx_word' id='word_1_294' title='bbox 3190 3752 3386 3818; x_wconf 91' lang='lat' dir='ltr'>etiam</span> <span class='ocrx_word' id='word_1_295' title='bbox 3436 3755 3724 3840; x_wconf 84' lang='lat' dir='ltr'>(praeter</span> 
     </span>
     <span class='ocr_line' id='line_1_36' title="bbox 674 3850 3724 3943; baseline 0.001 -24"><span class='ocrx_word' id='word_1_296' title='bbox 674 3852 1006 3919; x_wconf 86' lang='lat' dir='ltr'>Ecclesiae</span> <span class='ocrx_word' id='word_1_297' title='bbox 1075 3850 1536 3916; x_wconf 89' lang='lat' dir='ltr'>necessitatem</span> <span class='ocrx_word' id='word_1_298' title='bbox 1604 3851 1711 3914; x_wconf 81' lang='lat' dir='ltr'>vel</span> <span class='ocrx_word' id='word_1_299' title='bbox 1780 3850 2163 3934; x_wconf 89' lang='lat' dir='ltr'>utilitatem)</span> <span class='ocrx_word' id='word_1_300' title='bbox 2233 3850 2612 3916; x_wconf 90' lang='lat' dir='ltr'>solemnitas</span> <span class='ocrx_word' id='word_1_301' title='bbox 2675 3874 2716 3918; x_wconf 90' lang='lat' dir='ltr'>a</span> <span class='ocrx_word' id='word_1_302' title='bbox 2768 3856 2918 3940; x_wconf 88' lang='lat' dir='ltr'>jure</span> <span class='ocrx_word' id='word_1_303' title='bbox 2965 3857 3402 3943; x_wconf 88' lang='lat' dir='ltr'>praescripta,</span> <span class='ocrx_word' id='word_1_304' title='bbox 3449 3858 3521 3922; x_wconf 94' lang='lat' dir='ltr'>in</span> <span class='ocrx_word' id='word_1_305' title='bbox 3568 3878 3724 3923; x_wconf 89' lang='lat' dir='ltr'>casu</span> 
     </span>
     <span class='ocr_line' id='line_1_37' title="bbox 672 3953 3725 4048; baseline 0.001 -25"><span class='ocrx_word' id='word_1_306' title='bbox 672 3957 940 4023; x_wconf 89' lang='lat' dir='ltr'>licentia</span> <span class='ocrx_word' id='word_1_307' title='bbox 988 3953 1179 4021; x_wconf 84' lang='lat' dir='ltr'>Sedis</span> <span class='ocrx_word' id='word_1_308' title='bbox 1223 3953 1647 4041; x_wconf 90' lang='lat' dir='ltr'>Apostolicae</span> <span class='ocrx_word' id='word_1_309' title='bbox 1693 3954 2012 4041; x_wconf 88' lang='lat' dir='ltr'>specialis.</span> <span class='ocrx_word' id='word_1_310' title='bbox 2074 3954 2303 4020; x_wconf 85' lang='lat' dir='ltr'>Talem</span> <span class='ocrx_word' id='word_1_311' title='bbox 2351 3953 2684 4022; x_wconf 90' lang='lat' dir='ltr'>licentiam</span> <span class='ocrx_word' id='word_1_312' title='bbox 2732 3958 3165 4024; x_wconf 88' lang='lat' dir='ltr'>obtinuerunt</span> <span class='ocrx_word' id='word_1_313' title='bbox 3210 3980 3526 4048; x_wconf 83' lang='lat' dir='ltr'>expresse</span> <span class='ocrx_word' id='word_1_314' title='bbox 3557 3961 3725 4027; x_wconf 90' lang='lat' dir='ltr'>Wil-</span> 
     </span>
     <span class='ocr_line' id='line_1_38' title="bbox 674 4057 3720 4151; baseline 0.001 -24"><span class='ocrx_word' id='word_1_315' title='bbox 674 4061 928 4127; x_wconf 89' lang='lat' dir='ltr'>helmus</span> <span class='ocrx_word' id='word_1_316' title='bbox 987 4058 1368 4142; x_wconf 91' lang='lat' dir='ltr'>Bertholdi,</span> <span class='ocrx_word' id='word_1_317' title='bbox 1433 4057 1773 4124; x_wconf 88' lang='lat' dir='ltr'>Johanues</span> <span class='ocrx_word' id='word_1_318' title='bbox 1839 4057 1924 4123; x_wconf 89' lang='lat' dir='ltr'>de</span> <span class='ocrx_word' id='word_1_319' title='bbox 1984 4057 2214 4141; x_wconf 79' lang='lat' dir='ltr'>Dicat,</span> <span class='ocrx_word' id='word_1_320' title='bbox 2279 4058 2552 4126; x_wconf 86' lang='lat' dir='ltr'>fortasse</span> <span class='ocrx_word' id='word_1_321' title='bbox 2615 4082 2877 4148; x_wconf 88' lang='lat' dir='ltr'>quoque</span> <span class='ocrx_word' id='word_1_322' title='bbox 2926 4062 3371 4130; x_wconf 89' lang='lat' dir='ltr'>Theodericus</span> <span class='ocrx_word' id='word_1_323' title='bbox 3419 4064 3502 4130; x_wconf 93' lang='lat' dir='ltr'>de</span> <span class='ocrx_word' id='word_1_324' title='bbox 3547 4066 3720 4151; x_wconf 83' lang='lat' dir='ltr'>Are,</span> 
     </span>
     <span class='ocr_line' id='line_1_39' title="bbox 671 4162 3747 4250; baseline 0.001 -19"><span class='ocrx_word' id='word_1_325' title='bbox 671 4162 1150 4232; x_wconf 87' lang='lat' dir='ltr'>Willibrandus</span> <span class='ocrx_word' id='word_1_326' title='bbox 1212 4162 1498 4249; x_wconf 89' lang='lat' dir='ltr'>episcopi</span> <span class='ocrx_word' id='word_1_327' title='bbox 1546 4162 2042 4246; x_wconf 87' lang='lat' dir='ltr'>Trajectenses,</span> <span class='ocrx_word' id='word_1_328' title='bbox 2091 4167 2160 4227; x_wconf 91' lang='lat' dir='ltr'>et</span> <span class='ocrx_word' id='word_1_329' title='bbox 2205 4162 2476 4250; x_wconf 90' lang='lat' dir='ltr'>insuper</span> <span class='ocrx_word' id='word_1_330' title='bbox 2520 4167 2989 4232; x_wconf 89' lang='lat' dir='ltr'>monasterium</span> <span class='ocrx_word' id='word_1_331' title='bbox 3034 4167 3099 4232; x_wconf 93' lang='lat' dir='ltr'>b.</span> <span class='ocrx_word' id='word_1_332' title='bbox 3147 4168 3397 4235; x_wconf 85' lang='lat' dir='ltr'>Mariae</span> <span class='ocrx_word' id='word_1_333' title='bbox 3444 4168 3747 4236; x_wconf 70' lang='lat' dir='ltr'>Middel·</span> 
     </span>
     <span class='ocr_line' id='line_1_40' title="bbox 672 4265 3722 4359; baseline 0.001 -23"><span class='ocrx_word' id='word_1_334' title='bbox 672 4270 999 4356; x_wconf 89' lang='lat' dir='ltr'>burgense</span> <span class='ocrx_word' id='word_1_335' title='bbox 1062 4270 1336 4351; x_wconf 87' lang='lat' dir='ltr'>(numm.</span> <span class='ocrx_word' id='word_1_336' title='bbox 1400 4266 1570 4346; x_wconf 90' lang='grc'><strong>420,</strong></span> <span class='ocrx_word' id='word_1_337' title='bbox 1635 4265 1802 4348; x_wconf 89' lang='grc'><strong>437,</strong></span> <span class='ocrx_word' id='word_1_338' title='bbox 1866 4266 2034 4348; x_wconf 89' lang='grc'><strong>884,</strong></span> <span class='ocrx_word' id='word_1_339' title='bbox 2098 4267 2222 4348; x_wconf 89' lang='grc'>45,</span> <span class='ocrx_word' id='word_1_340' title='bbox 2292 4269 2455 4352; x_wconf 88' lang='grc'><strong>146,</strong></span> <span class='ocrx_word' id='word_1_341' title='bbox 2510 4270 2685 4353; x_wconf 91' lang='grc'><strong>173).</strong></span> <span class='ocrx_word' id='word_1_342' title='bbox 2781 4270 2986 4336; x_wconf 89' lang='lat' dir='ltr'>Porro</span> <span class='ocrx_word' id='word_1_343' title='bbox 3033 4272 3485 4357; x_wconf 91' lang='lat' dir='ltr'>incommoda,</span> <span class='ocrx_word' id='word_1_344' title='bbox 3533 4274 3722 4359; x_wconf 90' lang='lat' dir='ltr'>lites,</span> 
     </span>
     <span class='ocr_line' id='line_1_41' title="bbox 672 4367 3724 4465; baseline 0.001 -26"><span class='ocrx_word' id='word_1_345' title='bbox 672 4393 918 4463; x_wconf 88' lang='lat' dir='ltr'>poenas</span> <span class='ocrx_word' id='word_1_346' title='bbox 963 4369 1386 4452; x_wconf 88' lang='lat' dir='ltr'>multifarias,</span> <span class='ocrx_word' id='word_1_347' title='bbox 1446 4367 1682 4454; x_wconf 90' lang='lat' dir='ltr'>quibus</span> <span class='ocrx_word' id='word_1_348' title='bbox 1729 4369 1983 4433; x_wconf 88' lang='lat' dir='ltr'>ratione</span> <span class='ocrx_word' id='word_1_349' title='bbox 2030 4369 2243 4433; x_wconf 89' lang='lat' dir='ltr'>mutui</span> <span class='ocrx_word' id='word_1_350' title='bbox 2292 4370 2383 4435; x_wconf 90' lang='lat' dir='ltr'>sic</span> <span class='ocrx_word' id='word_1_351' title='bbox 2431 4373 2749 4438; x_wconf 87' lang='lat' dir='ltr'>contracti</span> <span class='ocrx_word' id='word_1_352' title='bbox 2797 4372 3129 4442; x_wconf 89' lang='lat' dir='ltr'>debitores</span> <span class='ocrx_word' id='word_1_353' title='bbox 3178 4379 3514 4464; x_wconf 83' lang='lat' dir='ltr'>expositos</span> <span class='ocrx_word' id='word_1_354' title='bbox 3561 4379 3724 4465; x_wconf 86' lang='lat' dir='ltr'>legi-</span> 
     </span>
     <span class='ocr_line' id='line_1_42' title="bbox 674 4472 3734 4566; baseline 0.002 -24"><span class='ocrx_word' id='word_1_355' title='bbox 674 4498 820 4543; x_wconf 89' lang='lat' dir='ltr'>mus</span> <span class='ocrx_word' id='word_1_356' title='bbox 846 4526 863 4561; x_wconf 92' lang='lat'>,</span> <span class='ocrx_word' id='word_1_357' title='bbox 913 4474 1174 4540; x_wconf 91' lang='lat' dir='ltr'>silentio</span> <span class='ocrx_word' id='word_1_358' title='bbox 1220 4494 1396 4538; x_wconf 89' lang='lat' dir='ltr'>nunc</span> <span class='ocrx_word' id='word_1_359' title='bbox 1441 4472 1799 4559; x_wconf 89' lang='lat' dir='ltr'>praeterire</span> <span class='ocrx_word' id='word_1_360' title='bbox 1847 4472 2022 4537; x_wconf 90' lang='lat' dir='ltr'>licet.</span> <span class='ocrx_word' id='word_1_361' title='bbox 2093 4472 2305 4538; x_wconf 85' lang='lat' dir='ltr'>Recte</span> <span class='ocrx_word' id='word_1_362' title='bbox 2351 4474 2614 4541; x_wconf 88' lang='lat' dir='ltr'>interim</span> <span class='ocrx_word' id='word_1_363' title='bbox 2663 4477 2870 4543; x_wconf 88' lang='lat' dir='ltr'>lector</span> <span class='ocrx_word' id='word_1_364' title='bbox 2915 4479 3205 4545; x_wconf 88' lang='lat' dir='ltr'>animum</span> <span class='ocrx_word' id='word_1_365' title='bbox 3253 4480 3589 4566; x_wconf 84' lang='lat' dir='ltr'>advertat,</span> <span class='ocrx_word' id='word_1_366' title='bbox 3638 4481 3734 4548; x_wconf 76' lang='lat' dir='ltr'>ad‘</span> 
     </span>
     <span class='ocr_line' id='line_1_43' title="bbox 677 4574 3744 4673; baseline 0.002 -27"><span class='ocrx_word' id='word_1_367' title='bbox 677 4578 1081 4646; x_wconf 79' lang='lat' dir='ltr'>sublevanda</span> <span class='ocrx_word' id='word_1_368' title='bbox 1127 4575 1448 4662; x_wconf 78' lang='lat' dir='ltr'>eJusmodi</span> <span class='ocrx_word' id='word_1_369' title='bbox 1496 4574 1721 4642; x_wconf 90' lang='lat' dir='ltr'>debita</span> <span class='ocrx_word' id='word_1_370' title='bbox 1763 4576 2101 4663; x_wconf 90' lang='lat' dir='ltr'>praesules</span> <span class='ocrx_word' id='word_1_371' title='bbox 2148 4582 2408 4643; x_wconf 91' lang='lat' dir='ltr'>nostros</span> <span class='ocrx_word' id='word_1_372' title='bbox 2453 4579 2789 4647; x_wconf 87' lang='lat' dir='ltr'>multoties</span> <span class='ocrx_word' id='word_1_373' title='bbox 2836 4582 3070 4648; x_wconf 88' lang='lat' dir='ltr'>fruitos</span> <span class='ocrx_word' id='word_1_374' title='bbox 3118 4605 3261 4650; x_wconf 90' lang='lat' dir='ltr'>esse</span> <span class='ocrx_word' id='word_1_375' title='bbox 3302 4585 3744 4673; x_wconf 81' lang='lat' dir='ltr'>Apostolicae·</span> 
     </span>
     <span class='ocr_line' id='line_1_44' title="bbox 677 4678 2151 4767; baseline -0.004 -17"><span class='ocrx_word' id='word_1_376' title='bbox 677 4683 866 4750; x_wconf 84' lang='lat' dir='ltr'>Sedis</span> <span class='ocrx_word' id='word_1_377' title='bbox 911 4678 1135 4748; x_wconf 66' lang='lat' dir='ltr'>&#39;favore</span> <span class='ocrx_word' id='word_1_378' title='bbox 1181 4685 1380 4767; x_wconf 89' lang='lat' dir='ltr'>atque</span> <span class='ocrx_word' id='word_1_379' title='bbox 1427 4680 1752 4767; x_wconf 89' lang='lat' dir='ltr'>praesidio</span> <span class='ocrx_word' id='word_1_380' title='bbox 1796 4680 2071 4746; x_wconf 90' lang='lat' dir='ltr'>liberali.</span> <span class='ocrx_word' id='word_1_381' title='bbox 2096 4681 2151 4764; x_wconf 80' lang='grc'>3)</span> 
     </span>
    </p>

    <p class='ocr_par' dir='ltr' id='par_1_9' title="bbox 901 4783 3747 4870">
     <span class='ocr_line' id='line_1_45' title="bbox 901 4783 3747 4870; baseline 0.004 -19"><span class='ocrx_word' id='word_1_382' title='bbox 901 4786 985 4851; x_wconf 90' lang='lat' dir='ltr'>D.</span> <span class='ocrx_word' id='word_1_383' title='bbox 1078 4783 1555 4870; x_wconf 75' lang='lat' dir='ltr'>Indulqentiae,</span> <span class='ocrx_word' id='word_1_384' title='bbox 1604 4805 1764 4870; x_wconf 91' lang='lat' dir='ltr'>quas</span> <span class='ocrx_word' id='word_1_385' title='bbox 1812 4784 2230 4850; x_wconf 85' lang='lat' dir='ltr'>Summorum</span> <span class='ocrx_word' id='word_1_386' title='bbox 2275 4785 2672 4853; x_wconf 90' lang='lat' dir='ltr'>Pontificum</span> <span class='ocrx_word' id='word_1_387' title='bbox 2719 4791 3110 4858; x_wconf 89' lang='lat' dir='ltr'>auctoritate</span> <span class='ocrx_word' id='word_1_388' title='bbox 3147 4791 3217 4857; x_wconf 92' lang='lat' dir='ltr'>in</span> <span class='ocrx_word' id='word_1_389' title='bbox 3250 4791 3536 4859; x_wconf 92' lang='lat' dir='ltr'>dioecesi</span> <span class='ocrx_word' id='word_1_390' title='bbox 3566 4794 3747 4861; x_wconf 82' lang='lat' dir='ltr'>Tra·-</span> 
     </span>
    </p>
   </div>
   <div class='ocr_carea' id='block_1_6' title="bbox 283 4872 3736 4982">
    <p class='ocr_par' dir='ltr' id='par_1_10' title="bbox 283 4872 3736 4982">
     <span class='ocr_line' id='line_1_46' title="bbox 283 4872 3736 4982; baseline 0.004 -31"><span class='ocrx_word' id='word_1_391' title='bbox 283 4884 396 4923; x_wconf 67' lang='lat' dir='ltr'>‘m</span> <span class='ocrx_word' id='word_1_392' title='bbox 427 4872 653 4923; x_wconf 66' lang='lat' dir='ltr'>varietas.</span> <span class='ocrx_word' id='word_1_393' title='bbox 667 4890 955 4979; x_wconf 88' lang='lat' dir='ltr'>jectensi</span> <span class='ocrx_word' id='word_1_394' title='bbox 1013 4887 1537 4975; x_wconf 85' lang='lat' dir='ltr'>frequentissime</span> <span class='ocrx_word' id='word_1_395' title='bbox 1600 4891 1901 4974; x_wconf 87' lang='lat' dir='ltr'>erogatas</span> <span class='ocrx_word' id='word_1_396' title='bbox 1960 4887 2326 4954; x_wconf 75' lang='lat' dir='ltr'>Bullatium</span> <span class='ocrx_word' id='word_1_397' title='bbox 2389 4899 2888 4978; x_wconf 90' lang='lat' dir='ltr'>commemorat,</span> <span class='ocrx_word' id='word_1_398' title='bbox 2947 4893 3141 4961; x_wconf 93' lang='lat' dir='ltr'>modo</span> <span class='ocrx_word' id='word_1_399' title='bbox 3190 4895 3341 4962; x_wconf 93' lang='lat' dir='ltr'>huic</span> <span class='ocrx_word' id='word_1_400' title='bbox 3359 4945 3379 4982; x_wconf 91' lang='lat'>,</span> <span class='ocrx_word' id='word_1_401' title='bbox 3440 4904 3579 4964; x_wconf 91' lang='lat' dir='ltr'>tum</span> <span class='ocrx_word' id='word_1_402' title='bbox 3625 4897 3736 4964; x_wconf 90' lang='lat' dir='ltr'>illi</span> 
     </span>
    </p>
   </div>
   <div class='ocr_carea' id='block_1_7' title="bbox 674 4989 3050 5084">
    <p class='ocr_par' dir='ltr' id='par_1_11' title="bbox 674 4989 3050 5084">
     <span class='ocr_line' id='line_1_47' title="bbox 674 4989 3050 5084; baseline 0.002 -24"><span class='ocrx_word' id='word_1_403' title='bbox 674 4995 789 5061; x_wconf 91' lang='lat' dir='ltr'>fini</span> <span class='ocrx_word' id='word_1_404' title='bbox 835 4993 1243 5083; x_wconf 86' lang='lat' dir='ltr'>profuerunt.</span> <span class='ocrx_word' id='word_1_405' title='bbox 1338 4990 1484 5068; x_wconf 83' lang='lat' dir='ltr'>Qua</span> <span class='ocrx_word' id='word_1_406' title='bbox 1530 4989 1612 5057; x_wconf 92' lang='lat' dir='ltr'>de</span> <span class='ocrx_word' id='word_1_407' title='bbox 1657 4991 1913 5057; x_wconf 88' lang='lat' dir='ltr'>ratione</span> <span class='ocrx_word' id='word_1_408' title='bbox 1961 5012 2071 5057; x_wconf 90' lang='lat' dir='ltr'>eas</span> <span class='ocrx_word' id='word_1_409' title='bbox 2115 4991 2212 5057; x_wconf 90' lang='lat' dir='ltr'>ita</span> <span class='ocrx_word' id='word_1_410' title='bbox 2259 4992 2662 5081; x_wconf 88' lang='lat' dir='ltr'>distinguere</span> <span class='ocrx_word' id='word_1_411' title='bbox 2709 4998 3050 5084; x_wconf 86' lang='lat' dir='ltr'>congruit:</span> 
     </span>
    </p>
   </div>
   <div class='ocr_carea' id='block_1_8' title="bbox 671 5227 1167 5239">
    <p class='ocr_par' dir='ltr' id='par_1_12' title="bbox 671 5227 1167 5239">
     <span class='ocr_line' id='line_1_48' title="bbox 671 5227 1167 5239; baseline 0 0"><span class='ocrx_word' id='word_1_412' title='bbox 671 5227 1167 5239; x_wconf 95' lang='lat' dir='ltr'> </span> 
     </span>
    </p>
   </div>
   <div class='ocr_carea' id='block_1_9' title="bbox 673 5383 3742 5615">
    <p class='ocr_par' dir='ltr' id='par_1_13' title="bbox 673 5383 3742 5615">
     <span class='ocr_line' id='line_1_49' title="bbox 837 5383 3742 5458; baseline 0.002 -19"><span class='ocrx_word' id='word_1_413' title='bbox 837 5391 895 5455; x_wconf 82' lang='grc'><strong>1)</strong></span> <span class='ocrx_word' id='word_1_414' title='bbox 931 5390 1138 5439; x_wconf 78' lang='lat' dir='ltr'>Decret.</span> <span class='ocrx_word' id='word_1_415' title='bbox 1182 5388 1335 5454; x_wconf 81' lang='lat' dir='ltr'>Greg.</span> <span class='ocrx_word' id='word_1_416' title='bbox 1378 5386 1491 5438; x_wconf 89' lang='lat' dir='ltr'>Lib.</span> <span class='ocrx_word' id='word_1_417' title='bbox 1537 5385 1636 5437; x_wconf 87' lang='grc' dir='ltr'><strong>ΙΙΙ.</strong></span> <span class='ocrx_word' id='word_1_418' title='bbox 1680 5384 1782 5436; x_wconf 87' lang='lat' dir='ltr'>Tit.</span> <span class='ocrx_word' id='word_1_419' title='bbox 1827 5383 1971 5435; x_wconf 81' lang='lat' dir='ltr'>xlx.</span> <span class='ocrx_word' id='word_1_420' title='bbox 2013 5398 2127 5448; x_wconf 83' lang='lat' dir='ltr'>cap.</span> <span class='ocrx_word' id='word_1_421' title='bbox 2172 5384 2227 5449; x_wconf 74' lang='lat'>25</span> <span class='ocrx_word' id='word_1_422' title='bbox 2278 5383 2425 5437; x_wconf 80' lang='lat' dir='ltr'>Sexti</span> <span class='ocrx_word' id='word_1_423' title='bbox 2461 5388 2652 5441; x_wconf 82' lang='lat' dir='ltr'>decret.</span> <span class='ocrx_word' id='word_1_424' title='bbox 2688 5390 2801 5442; x_wconf 91' lang='lat' dir='ltr'>Lib.</span> <span class='ocrx_word' id='word_1_425' title='bbox 2838 5390 2931 5443; x_wconf 90' lang='lat'>111.</span> <span class='ocrx_word' id='word_1_426' title='bbox 2968 5391 3069 5444; x_wconf 84' lang='lat' dir='ltr'>Tit.</span> <span class='ocrx_word' id='word_1_427' title='bbox 3107 5393 3199 5445; x_wconf 80' lang='lat' dir='ltr'>IX.</span> <span class='ocrx_word' id='word_1_428' title='bbox 3235 5407 3353 5458; x_wconf 83' lang='lat' dir='ltr'>cap.</span> <span class='ocrx_word' id='word_1_429' title='bbox 3382 5393 3439 5455; x_wconf 84' lang='lat'>1;</span> <span class='ocrx_word' id='word_1_430' title='bbox 3488 5395 3580 5448; x_wconf 75' lang='lat' dir='ltr'>cfr.</span> <span class='ocrx_word' id='word_1_431' title='bbox 3619 5410 3742 5446; x_wconf 65' lang='lat' dir='ltr'>van.</span> 
     </span>
     <span class='ocr_line' id='line_1_50' title="bbox 673 5465 1513 5536; baseline -0.007 -13"><span class='ocrx_word' id='word_1_432' title='bbox 673 5472 738 5523; x_wconf 86' lang='lat' dir='ltr'>de</span> <span class='ocrx_word' id='word_1_433' title='bbox 772 5471 941 5536; x_wconf 77' lang='lat' dir='ltr'>Burgt</span> <span class='ocrx_word' id='word_1_434' title='bbox 974 5469 1047 5520; x_wconf 84' lang='lat'>1.1.</span> <span class='ocrx_word' id='word_1_435' title='bbox 1083 5482 1133 5532; x_wconf 88' lang='lat' dir='ltr'>p.</span> <span class='ocrx_word' id='word_1_436' title='bbox 1168 5467 1269 5518; x_wconf 82' lang='grc'>299</span> <span class='ocrx_word' id='word_1_437' title='bbox 1302 5468 1366 5518; x_wconf 77' lang='lat'>12⁰</span> <span class='ocrx_word' id='word_1_438' title='bbox 1397 5465 1513 5518; x_wconf 89' lang='lat'><strong>338.</strong></span> 
     </span>
     <span class='ocr_line' id='line_1_51' title="bbox 838 5544 2160 5615; baseline -0.003 -14"><span class='ocrx_word' id='word_1_439' title='bbox 838 5550 895 5615; x_wconf 78' lang='lat'>2)</span> <span class='ocrx_word' id='word_1_440' title='bbox 930 5550 1135 5601; x_wconf 81' lang='lat' dir='ltr'>Decret.</span> <span class='ocrx_word' id='word_1_441' title='bbox 1172 5548 1325 5615; x_wconf 82' lang='lat' dir='ltr'>Greg.</span> <span class='ocrx_word' id='word_1_442' title='bbox 1359 5549 1470 5600; x_wconf 88' lang='lat' dir='ltr'>Lib.</span> <span class='ocrx_word' id='word_1_443' title='bbox 1510 5548 1607 5600; x_wconf 91' lang='lat'>111.</span> <span class='ocrx_word' id='word_1_444' title='bbox 1642 5547 1744 5599; x_wconf 83' lang='lat' dir='ltr'>Tit.</span> <span class='ocrx_word' id='word_1_445' title='bbox 1778 5546 1930 5598; x_wconf 81' lang='lat' dir='ltr'><strong>XIII.</strong></span> <span class='ocrx_word' id='word_1_446' title='bbox 1962 5558 2075 5610; x_wconf 83' lang='lat' dir='ltr'>cap.</span> <span class='ocrx_word' id='word_1_447' title='bbox 2108 5544 2160 5597; x_wconf 87' lang='lat'>5.</span> 
     </span>
    </p>
   </div>
   <div class='ocr_carea' id='block_1_10' title="bbox 836 5628 1905 5696">
    <p class='ocr_par' dir='ltr' id='par_1_14' title="bbox 836 5628 1905 5696">
     <span class='ocr_line' id='line_1_52' title="bbox 836 5628 1905 5696; baseline -0.004 -14"><span class='ocrx_word' id='word_1_448' title='bbox 836 5630 893 5696; x_wconf 87' lang='grc'>3)</span> <span class='ocrx_word' id='word_1_449' title='bbox 929 5630 1038 5682; x_wconf 78' lang='lat' dir='ltr'>Cfr.</span> <span class='ocrx_word' id='word_1_450' title='bbox 1072 5630 1309 5681; x_wconf 83' lang='lat' dir='ltr'>Iudicem</span> <span class='ocrx_word' id='word_1_451' title='bbox 1341 5644 1524 5681; x_wconf 88' lang='lat' dir='ltr'>rerum</span> <span class='ocrx_word' id='word_1_452' title='bbox 1558 5631 1593 5680; x_wconf 89' lang='lat' dir='ltr'>i.</span> <span class='ocrx_word' id='word_1_453' title='bbox 1628 5644 1674 5680; x_wconf 82' lang='lat' dir='ltr'>v.</span> <span class='ocrx_word' id='word_1_454' title='bbox 1712 5628 1905 5680; x_wconf 77' lang='lat' dir='ltr'>debita.</span> 
     </span>
    </p>
   </div>
  </div>
 </body>
</html>
