4450 6684
1799 476 2025 541 Immx
2072 475 2566 541 Pannonium.
3589 476 3717 540 387

643 694 699 753 6
712 694 975 755 erardu
989 713 1017 752 s
1046 693 1368 772 Mumekey
1391 693 1465 753 de
1486 694 1871 754 Ruremunde
1892 695 2089 772 presb.

722 805 904 865 Leod.
947 802 1164 879 dioec„
1208 803 1402 862 benef.
1432 823 1469 862 a
1495 809 1795 863 conventu
1822 803 2092 881 Egmun-

724 912 892 973 densi
938 914 1112 972 1406.

648 1056 723 1067 -
766 1023 841 1082 de
869 1023 1194 1082 Picaloctis
1221 1022 1565 1097 (Picalocis)
1595 1021 1934 1082 successive
1962 1039 2090 1081 rec-

724 1135 821 1191 101
841 1132 983 1191 eccl.
1011 1131 1085 1190 de
1104 1131 1478 1190 Bellocastro
1500 1130 1853 1190 Morinensis
1874 1130 2059 1189 dioec.
2073 1173 2089 1205 ,

726 1258 856 1299 can.
905 1239 1065 1316 Traj.
1105 1244 1166 1298 01
1198 1238 1258 1298 8.
1288 1238 1615 1316 Gaugerici
1643 1238 2093 1299 Cameracensis

732 1350 914 1425 1442,
962 1349 1136 1408 1666.

650 1492 724 1501 -
768 1458 972 1517 Brune
1017 1457 1358 1516 successive
1399 1456 1613 1533 capell.
1659 1455 1718 1514 8.
1748 1456 1989 1515 Nicolai
2019 1455 2093 1514 de

730 1567 1141 1644 Castroregali
1186 1565 1653 1625 Terraconensis
1694 1565 1912 1641 dioec.,
1961 1583 2089 1624 can.

732 1675 894 1750 Traj.
938 1681 999 1734 01
1045 1675 1102 1733 8.
1148 1674 1319 1733 Ρο111
1360 1674 1541 1734 Leod.
1590 1674 1773 1749 1444,
1818 1674 1992 1733 1537.

653 1818 727 1827 -
783 1784 983 1842 dictus
1040 1783 1164 1842 Leo
1219 1801 1378 1860 mag.
1435 1787 1579 1857 011.,
1636 1782 1777 1842 0101.
1820 1781 2015 1841 benef.
2059 1801 2096 1840 a

732 1893 915 1952 schol.
961 1892 1018 1951 8.
1065 1891 1397 1951 salvatoris
1441 1892 1603 1967 Traj.
1652 1893 1825 1951 1467.

652 2035 726 2046 -
771 2001 845 2060 de
884 2000 1165 2060 Hoesden
1208 2001 1422 2078 capell.
1464 2001 1634 2078 hosp.
1672 1998 2096 2060 Zaltbommel-

734 2111 923 2187 ensis,
965 2110 1182 2169 deinde
1221 2110 1367 2169 0001.
1410 2108 1484 2168 de
1527 2108 1750 2168 Oensel
1795 2108 1970 2168 1523.

654 2253 726 2262 —
791 2225 972 2279 natus
1034 2218 1312 2296 Hugonis
1373 2218 1447 2276 de
1505 2218 1842 2294 Alcmaria,
1899 2224 2099 2278 rector

734 2330 879 2389 0001.
922 2329 997 2387 de
1038 2328 1467 2406 Bodegraven,
1510 2327 1725 2386 deinde
1766 2327 1841 2387 de
1878 2327 2098 2388 Petten

736 2444 796 2497 01
838 2438 1051 2515 capell.
1096 2438 1160 2496 in
1201 2437 1796 2514 Aelbrechtsberghe
1842 2437 2013 2496 1556.

655 2580 728 2591 -
769 2546 1128 2606 Theoderici
1150 2564 1279 2604 can.
1306 2545 1366 2606 8.
1387 2545 1637 2604 Martini
1659 2545 2095 2621 Embricensis,

732 2655 948 2715 deinde
990 2655 1155 2732 Traj.
1203 2655 1387 2730 1598,
1435 2655 1605 2713 1599.

653 2796 726 2807 —
771 2764 971 2824 dictus
1006 2764 1183 2840 Ryke
1211 2764 1286 2822 de
1311 2763 1688 2839 Noviomago
1715 2762 1858 2821 cler.
1889 2761 2094 2822 Colon.

734 2872 922 2932 dioec.
964 2873 1158 2933 benef.
1203 2891 1240 2931 0
1267 2891 1396 2949 cap.
1430 2871 1489 2932 8.
1522 2872 1691 2929 Petri
1721 2871 1886 2946 Traj.
1921 2871 2093 2931 1665.

654 3015 727 3026 —
773 2982 847 3041 de
888 2982 1257 3041 Brouchorst
1297 2987 1496 3040 rector
1538 2981 1683 3039 eccl.
1726 2980 1801 3038 de
1834 2980 2095 3039 Wadde-

728 3109 951 3167 noyon,
1009 3109 1139 3150 can.
1199 3089 1257 3149 8.
1307 3090 1481 3149 Petri
1522 3095 1584 3148 01
1626 3090 1781 3148 thes.
1827 3088 1885 3147 8.
1932 3088 2091 3149 Salv.

732 3199 895 3276 Traj.
944 3201 1124 3275 1673,
1176 3200 1358 3273 1888,
1405 3199 1588 3274 1894,
1632 3199 1808 3257 2018.

651 3342 722 3352 -
774 3308 848 3367 de
888 3308 1010 3367 Esa
1052 3326 1182 3367 000.
1226 3308 1407 3384 Dav„
1451 3307 1666 3366 deinde
1707 3310 1907 3366 rector
1949 3307 2093 3367 eccl.

620 3440 629 3453 ·
729 3418 802 3476 de
843 3418 1060 3476 Almen
1108 3418 1281 3476 1687.

650 3560 723 3571 -
781 3527 1153 3605 Borgrevinc
1211 3525 1710 3603 (Borchgrevinc)
1766 3527 1922 3601 tab„
1964 3544 2093 3584 can.

727 3622 1190 3712 Bommelensis,
1244 3634 1438 3695 benef.
1483 3635 1546 3692 in
1588 3635 1732 3694 eccl.
1780 3633 1838 3694 8.
1885 3633 2096 3694 80010-
2160 3703 2165 3708 .

728 3745 915 3803 menti
970 3745 1044 3802 de
1099 3743 1375 3819 Hasselt,
1432 3744 1547 3802 vic.
1608 3743 1667 3802 S.
1712 3742 1882 3802 Petri
1926 3743 2092 3820 Traj.

730 3853 911 3928 1740,
955 3852 1145 3928 2122,
1186 3853 1305 3911 Ιο1.
1348 3851 1582 3910 XLIX.

649 3994 722 4004 —
766 3961 1105 4021 Hollandar
1148 3960 1261 4020 vic.
1306 3962 1364 4019 b.
1407 3961 1635 4019 Mariae
1678 3960 1842 4038 Traj.
1892 3961 2064 4020 1752.

652 4102 722 4113 -
782 4070 1091 4147 Pelegrini
1147 4069 1346 4128 dictus
1400 4069 1474 4128 de
1517 4070 1755 4129 Marsen
1797 4070 2092 4145 (Marce-n)

729 4184 843 4236 art.
886 4198 1074 4255 mag.,
1126 4197 1254 4237 can.
1300 4177 1358 4237 8.
1404 4177 1566 4237 Salv.
1614 4178 1777 4255 Traj.
1822 4183 1884 4237 01
1928 4177 1986 4236 8.
2033 4177 2091 4238 8.

730 4286 1154 4364 Apostolorum
1197 4287 1432 4363 Colon.,
1475 4287 1692 4346 deinde
1719 4292 1917 4347 rector
1945 4288 2091 4347 eccl.

730 4395 794 4452 in
835 4394 1115 4455 Leusden
1159 4397 1341 4471 1809,
1390 4397 1562 4455 1002.

653 4535 727 4546 -
772 4503 969 4562 dictus
1012 4504 1316 4564 Rubizant
1363 4505 1535 4562 1828.

653 4645 726 4655 —
769 4612 966 4673 dictus
1010 4614 1204 4672 Vrent
1244 4613 1458 4673 domic.
1507 4614 1688 4688 1845,
1730 4613 1852 4671 101.
1896 4613 2031 4671 XL.

654 4754 725 4764 —
770 4722 990 4782 Droem
1031 4728 1145 4781 art.
1189 4741 1376 4799 mag.‚
1419 4741 1549 4781 can.
1593 4723 1757 4798 Traj.
1805 4723 1978 4781 1897.

652 4863 727 4874 -
771 4830 898 4892 Cod
950 4832 1024 4891 de
1077 4831 1325 4910 Leyden
1378 4835 1492 4890 art.
1537 4850 1726 4908 mag„
1775 4831 1988 4909 capell.
2033 4831 2098 4889 in

733 4939 943 5015 Alfen‚
1003 4941 1198 4999 benef.
1263 4959 1300 4998 a
1360 4958 1517 4999 mon.
1577 4938 1635 4997 8.
1692 4939 1871 4998 Ρο011
1930 4939 2092 5015 Traj.

735 5049 909 5107 1923.

656 5188 728 5198 -
786 5155 861 5214 (10
916 5157 1090 5235 Rupe
1145 5158 1208 5215 in
1265 5157 1503 5234 legibus
1546 5158 1739 5232 baec„
1784 5174 1989 5234 praep.
2036 5156 2094 5215 8.

735 5263 894 5324 Salv.
942 5265 1104 5341 Traj.
1153 5266 1334 5342 1984,
1377 5266 1554 5323 2039.

656 5404 728 5416 -
790 5373 862 5431 (10
904 5374 1196 5432 Pomeriis
1239 5374 1391 5432 alias
1433 5374 1509 5432 de
1549 5374 1821 5451 Bongart
1862 5391 1995 5432 000.
2036 5375 2098 5433 b.

733 5482 960 5541 Mariae
1003 5482 1165 5559 Traj.
1210 5484 1388 5542 2011.

658 5625 731 5636 -
774 5591 957 5651 Vaelt
997 5610 1127 5651 can.
1170 5592 1226 5651 b.
1270 5592 1498 5651 Mariae
1542 5592 1702 5668 Traj.
1749 5593 1924 5651 2025.

2273 692 2646 754 Gerardus
2689 694 2763 753 de
2808 692 2914 770 Sijl
2959 693 3145 769 (Zile‚
3189 692 3328 770 Zyl)
3364 710 3495 752 can.
3527 693 3722 768 Traj.,

2352 809 2550 864 rector
2592 803 2736 862 eccl.
2779 801 2841 861 in
2892 801 3285 861 Ouderkerke
3321 801 3508 876 2031,
3543 802 3722 877 2047,

2352 915 2539 990 2090,
2582 914 2769 990 2204,
2814 913 2991 971 2232.

2276 1056 2349 1067 -
2391 1042 2485 1101 ep.
2510 1022 2961 1084 Cameracensis
2994 1022 3176 1096 2084,
3208 1021 3385 1096 2157,
3414 1021 3574 1098 App.
3604 1019 3720 1077 XI.

2276 1166 2347 1176 —
2413 1133 2487 1191 de
2555 1132 2794 1194 Celario
2863 1135 3062 1191 rector
3123 1130 3392 1208 capellae
3453 1129 3513 1189 8.
3580 1129 3722 1189 Joh.

2353 1242 2671 1319 Baptistae
2715 1241 2879 1317 Traj.
2927 1242 3103 1300 2123.

2277 1383 2350 1394 —
2408 1349 2703 1409 «Iohannis
2744 1350 2861 1410 vic.
2909 1349 2967 1408 8.
3015 1349 3228 1411 Crucis
3270 1348 3333 1407 in
3373 1347 3608 1425 capella
3649 1347 3723 1405 de

2358 1458 2537 1536 Haga
2579 1459 2756 1516 2131.

2277 1601 2349 1611 —
2416 1567 2491 1626 de
2533 1567 2792 1626 Vischer
2830 1570 3027 1625 rector
3070 1565 3214 1625 eccl.
3258 1565 3332 1624 de
3371 1564 3722 1640 Akersloot,

2358 1673 2571 1734 deinde
2615 1675 2690 1734 de
2731 1675 3128 1752 Bodegraven
3171 1675 3346 1732 2149.

2285 1819 2357 1829 -
2400 1790 2582 1844 natus
2624 1785 2922 1844 Johannis
2959 1784 3034 1843 de
3062 1784 3279 1843 Borclo
3309 1784 3425 1842 vic.
3455 1781 3725 1859 Zutpha-

2356 1895 2611 1970 niensis,
2662 1894 2856 1953 benef.
2898 1913 2935 1952 a
2977 1912 3107 1971 cap.
3152 1891 3211 1951 8.
3258 1892 3428 1951 Petri
3469 1890 3723 1949 Middel-

2360 2004 2676 2081 burgensis
2720 2004 2896 2062 2159.

2284 2146 2357 2158 —
2403 2113 2614 2173 Potter
2655 2114 2831 2172 2171.

2284 2257 2357 2267 -
2404 2222 2763 2300 Thenkippe
2793 2221 2867 2280 de
2895 2219 3206 2280 Dosborch
3233 2220 3357 2279 tab.
3387 2219 3572 2294 2179,
3602 2219 3722 2277 Int.

2358 2331 2591 2390 XLIX.

2283 2475 2356 2485 ·—
2416 2440 2475 2500 8.
2533 2439 2783 2517 Georgii
2835 2439 2912 2497 ad
2971 2437 3190 2497 Velum
3244 2437 3513 2495 Aureum
3566 2435 3718 2495 diac.

2357 2548 2534 2609 Card.
2579 2548 2724 2623 (32).

2277 2692 2360 2704 —
2400 2661 2581 2716 natus
2603 2655 2917 2714 wilhelmi
2946 2654 3184 2714 comitis
3205 2653 3243 2712 J
3250 2651 3571 2712 uliacensis
3600 2652 3720 2710 Ιο1.

2348 2766 2571 2825 XXII.

2281 2909 2353 2918 —
2397 2874 2588 2934 frater
2611 2874 2736 2933 ord.
2761 2872 3085 2948 Minorum‚
3109 2871 3486 2948 praedicator
3508 2870 3724 2932 Crucis

2357 2983 2476 3042 Int.
2519 2982 2757 3041 LXIII.

2276 3090 2625 3151 Gerlacus
2668 3090 2934 3149 Mathiae
2974 3107 3105 3149 000.
3149 3089 3300 3148 Dav.
3344 3090 3479 3147 810.

2281 3236 2352 3246 -
2416 3200 2671 3261 Gerardi
2725 3201 2889 3278 Eyse
2944 3200 3098 3271 cler..
3142 3197 3335 3258 benef.
3394 3217 3431 3256 a
3484 3216 3614 3275 cap.
3661 3196 3722 3256 8.

2360 3310 2520 3370 Salv.
2568 3311 2732 3387 Traj.
2781 3311 2953 3368 1284.

2281 3453 2354 3463 -
2414 3419 2489 3478 de
2547 3419 2807 3478 Doernic
2871 3418 3182 3493 (Doerinc)
3244 3435 3374 3477 can.
3432 3415 3490 3475 8.
3550 3415 3718 3474 Petri

2360 3529 2553 3605 Traj.,
2598 3546 2759 3605 proc.
2804 3528 2867 3585 in
2901 3527 3071 3586 curia
3103 3527 3284 3601 1280,
3317 3526 3503 3601 1659,
3539 3525 3724 3597 1679,

2360 3638 2544 3713 1997,
2588 3637 2707 3696 Ιο1.
2751 3635 3043 3695 LXXVI.

2277 3779 2350 3789 —
2395 3745 2659 3822 archiep.
2703 3744 3185 3821 Moguntinensis
3232 3742 3403 3801 1550.

2276 3888 2349 3899 —
2408 3855 2483 3913 de
2537 3853 2848 3912 Hembach
2890 3871 3020 3912 000.
3067 3851 3124 3910 8.
3172 3850 3520 3928 walburgis
3562 3850 3721 3909 Arn-

2356 3963 2658 4022 hemensis
2702 3962 2879 4019 2120.

2278 4105 2349 4115 -
2393 4070 2588 4130 Budel
2630 4088 2760 4129 can.
2802 4070 2859 4128 b.
2903 4069 3130 4128 Mariae
3173 4067 3338 4144 Traj.
3381 4069 3557 4127 2133.

2277 4214 2350 4223 —-
2415 4179 2488 4239 de
2542 4178 2979 4239 Montefalcone
3021 4184 3374 4256 praeceptor
3414 4176 3722 4237 bailliviae

2358 4288 2417 4348 8.
2461 4286 2710 4348 Antonii
2753 4288 2816 4346 in
2854 4286 3145 4345 Flandria
3188 4287 3362 4345 2125.

2278 4431 2350 4441 -
2410 4396 2483 4456 de
2544 4398 2805 4456 Batham
2866 4396 3168 4472 (Bakkum
3179 4396 3234 4469 P)
3296 4413 3425 4455 can.
3484 4395 3722 4454 Arnhe-

2356 4506 2579 4565 mensis
2623 4507 2802 4567 2210.

2277 4615 2710 4674 Gernandus
2753 4613 3202 4690 (Ghernandus)
3238 4615 3421 4674 abbas
3452 4612 3510 4672 8.
3543 4613 3720 4672 Ρο011

2361 4724 2525 4800 Traj.
2570 4726 2715 4799 881,
2759 4723 2879 4782 Ine.
2921 4722 3219 4781 LXXIX.

2279 4832 2335 4891 6
2345 4851 2380 4891 0
2389 4852 2420 4890 1
2431 4837 2457 4891 1
2469 4851 2499 4890 1
2511 4852 2551 4891 0
2563 4831 2601 4890 d
2611 4832 2633 4890 i
2645 4850 2673 4889 s
2702 4831 3152 4906 (Gheertrudis)
3175 4831 3418 4890 ducissa
3437 4829 3722 4889 Austriae

2360 4943 2508 5017 203,
2553 4941 2672 4998 Int.
2716 4940 2895 4998 XIX.

2282 5083 2354 5093 —
2399 5050 2474 5108 de
2516 5049 2855 5108 Zuuchvelt
2903 5049 3074 5105 1130.

2282 5193 2354 5203 —
2398 5177 2555 5218 uxor
2599 5157 2954 5217 Theoderici
2995 5158 3272 5234 Meynart
3320 5158 3491 5215 1641.

2281 5300 2354 5311 —
2398 5266 2614 5325 relicta
2654 5265 2950 5324 Florentii
2994 5264 3068 5322 de
3110 5263 3385 5323 Boi-salia
3426 5265 3605 5323 2101.

2279 5373 2807 5434 Ghevehardus
2850 5372 2924 5430 de
2965 5371 3316 5430 Hildeshem
3360 5373 3473 5431 vic.
3514 5373 3570 5431 b.
3605 5372 3721 5430 Le·

2354 5482 2527 5542 buini
2569 5482 2720 5540 Dav.
2769 5481 2938 5539 1909.

2277 5589 2617 5650 Gilibuin
2652 5608 2781 5650 can.
2808 5589 2865 5649 8.
2890 5588 3115 5649 Μο1100
3134 5587 3555 5667 Lugdunensis
3579 5591 3692 5648 167
3703 5639 3719 5656 .

3403 5713 3478 5771 56
