4450 6684
837 624 1069 674 xxvm
2115 609 2608 678 Imaonucrio.

836 828 1247 916 postulantes
1293 848 1364 893 se
1412 828 1669 894 illarum
1719 828 2112 894 auctoritate
2158 827 2242 894 de
2282 827 2621 894 beneficiis
2662 829 3120 896 ecclesiasticis
3159 830 3555 917 provideri.”
3630 830 3760 897 Sed
3801 832 3892 898 ab

836 932 1043 998 altera
1103 937 1291 1020 parte
1355 936 1580 1018 aperte
1643 930 1935 998 declarat
1980 931 2379 998 Wilhelmus
2426 932 2856 1016 Procurator,
2908 934 3085 1022 quod
3137 930 3888 1023 ,Johanne.superstite

837 1036 1192 1102 auctoritas
1238 1035 1491 1101 Nicolai
1538 1037 1665 1101 rite
1713 1035 2100 1122 despicitur,
2149 1036 2276 1101 nisi
2323 1035 2491 1102 forte
2539 1036 2880 1104 Johannes
2926 1041 3152 1127 (papa)
3183 1041 3250 1104 in
3282 1040 3574 1126 generali
3608 1040 3882 1107 concilio

834 1140 1288 1227 reprobetur.”
1349 1139 1746 1226 Hujusmodi
1793 1145 2017 1206 autem
2064 1139 2284 1206 studia
2329 1141 2666 1207 Ludovico
2714 1143 2854 1230 regi
2901 1145 3109 1232 magis
3157 1165 3351 1230 quam
3400 1143 3669 1210 Summo
3710 1145 3892 1211 Pon·

834 1247 994 1311 tifici
1043 1245 1267 1311 dedita
1313 1247 1471 1332 quin
1516 1246 1690 1310 inter
1737 1244 2005 1310 clericos
2039 1250 2107 1310 et
2137 1245 2339 1310 laicos
2371 1245 2545 1334 apud
2580 1267 2699 1313 nos
2732 1248 3016 1313 foverint
3047 1248 3413 1334 complures
3447 1248 3881 1314 dubitandum

833 1372 966 1415 non
1013 1351 1295 1416 videtur.

1058 1454 1257 1520 Anno
1313 1456 1483 1520 1330
1527 1453 1928 1521 Wilhelmus
1976 1457 2373 1525 Hollandiae
2423 1481 2640 1526 comes
2687 1482 2835 1527 cum
2881 1459 3188 1526 Johanne
3220 1481 3392 1548 papa
3423 1457 3632 1525 XXII
3663 1459 3894 1525 simul·

834 1565 1037 1625 tatem
1085 1559 1348 1642 habuit,
1397 1560 1582 1645 cujus
1630 1560 1859 1646 utique
1906 1560 2120 1627 fervor
2167 1563 2387 1649 paullo
2435 1570 2585 1651 post
2632 1572 2732 1631 est
2780 1565 3167 1632 exstinctus.
3248 1564 3550 1631 Adversa
3580 1566 3884 1650 jamtunc

834 1664 1096 1728 fortuna
1157 1663 1492 1729 Ludovico
1555 1664 1811 1729 Bavaro
1873 1665 2190 1732 vindicias
2254 1689 2404 1733 suas
2460 1675 2958 1756 propugnante,
3016 1670 3160 1757 paci
3207 1670 3382 1735 inter
3429 1669 3886 1736 Sacerdotium

834 1777 902 1835 et
963 1768 1321 1855 Imperium
1382 1767 1847 1833 instaurandae
1892 1770 2192 1835 nonnulli
2240 1772 2568 1859 principes
2616 1793 2691 1838 ac
2737 1794 2925 1859 reges
2973 1773 3373 1839 intervenire
3421 1774 3641 1839 conati
3688 1778 3883 1856 sunt,

831 1873 1030 1961 idque
1077 1894 1233 1959 prae
1274 1872 1549 1936 caeteris
1581 1872 1980 1940 Wilhelmus
2011 1896 2228 1941 comes
2260 1876 2365 1941 III
2396 1884 2465 1942 et
2496 1876 2841 1966 Philippus
2873 1899 2990 1943 rex
3025 1879 3373 1960 Franciae3
3407 1880 3551 1966 qui,
3584 1880 3682 1945 uti
3716 1879 3894 1945 Wil-

833 1977 1087 2043 helmus
1149 1976 1543 2042 Procurator
1607 1982 1863 2061 narrat,
1934 1979 2213 2059 „cotidie
2277 2002 2425 2045 cum
2490 1982 2849 2049 Wilhelmo
2905 1984 3144 2048 comite
3191 1983 3413 2049 studet
3461 1990 3530 2049 et
3576 1983 3884 2066 discutit,

832 2082 1111 2170 qualiter
1171 2082 1429 2147 Baurus
1474 2080 1557 2146 ad
1605 2080 1932 2148 Johannis
1978 2105 2188 2170 papae
2237 2086 2512 2170 gratiam
2561 2087 2904 2175 pervenire
2951 2087 3226 2174 possit.”
3253 2089 3307 2171 l)
3399 2088 3636 2154 Comes
3683 2087 3886 2174 igitur

829 2186 1201 2274 praedictus
1249 2185 1356 2251 die
1411 2188 1490 2250 18
1540 2186 1798 2269 Martii,
1847 2189 2163 2253 comitatu
2210 2189 2647 2275 pulcherrimo
2698 2192 2829 2256 800
2876 2192 3212 2278 equitum,
3252 2194 3489 2277 juncto
3538 2192 3660 2257 sibi
3709 2193 3884 2277 regis

827 2290 1143 2355 Franciae
1205 2310 1554 2375 germano,
1604 2290 1872 2355 Parisiis
1919 2292 1988 2356 in
2036 2292 2281 2357 curiam
2329 2291 2731 2380 pontificiam
2778 2291 3110 2380 profectus
3159 2299 3278 2358 est.
3375 2293 3648 2358 Frustra
3693 2314 3882 2376 vem,

835 2395 1181 2481 „quoniam
1245 2393 1370 2458 sibi
1435 2394 1867 2481 omnibusque
1930 2397 2064 2461 suis
2126 2395 2350 2484 Papae
2407 2398 2779 2481 praesentia
2824 2395 3257 2482 denegatur.'’
3353 2396 3660 2463 Summus
3708 2397 3883 2462 enim

826 2498 1174 2578 Pontifex,
1249 2498 1330 2563 de
1402 2497 1533 2563 fide
1601 2499 2067 2586 proponendae
2136 2501 2686 2566 reconciliationis
2758 2499 3067 2565 dubitans
3129 2506 3328 2587 atque
3392 2500 3882 2566 multitudinem

835 2603 1051 2688 gentis
1113 2603 1510 2687 armigerae,
1573 2623 1768 2688 quam
1832 2603 2228 2668 Wilhelmus
2294 2626 2513 2670 secum
2562 2603 2861 2688 duxerit,
2912 2611 3281 2691 suspectam
3329 2605 3617 2688 habens,
3667 2606 3881 2692 ipsum

836 2727 958 2771 nec
1006 2705 1247 2772 audere
1297 2727 1417 2770 nec
1463 2704 1687 2771 videre
1735 2707 1972 2790 voluit,
2011 2713 2409 2795 quapropter
2439 2714 2676 2796 pontes
2708 2715 2887 2773 trans
2922 2704 3320 2775 Rhodanum
3354 2710 3599 2775 flumen
3632 2709 3883 2775 destrui

836 2816 1277 2895 praeceperat.
1349 2809 1494 2873 Hac
1543 2809 1625 2875 de
1673 2831 1870 2875 causa
1915 2811 2342 2877 vehementer
2388 2813 2593 2878 iratus
2639 2813 3037 2878 Wilhelmus
3076 2834 3293 2879 comes
3324 2813 3394 2878 in
3426 2812 3880 2896 Hollandiam,

835 2913 950 2977 ubi
997 2913 1103 2978 die
1156 2915 1238 2978 14
1284 2913 1443 2999 Maji
1492 2913 1798 2999 advenit,
1858 2935 2197 3000 regressus
2246 2922 2316 2981 et
2359 2916 2514 2982 inde
2562 2937 2784 2981 mense
2833 2918 3135 3004 sequenti
3183 2917 3686 2983 Francofurtum
3736 2937 3884 3003 pro·

835 3018 1045 3082 fectus
1092 3023 1211 3082 est.
1278 3017 1423 3093 Qua
1468 3018 1538 3083 in
1585 3018 1850 3085 civitate
1901 3019 2166 3102 ¹,multis
2211 3019 2387 3085 illico
2435 3020 2709 3086 diebus”
2735 3022 2789 3104 2)
2835 3022 3028 3086 simul
3069 3042 3217 3086 cum
3254 3021 3591 3087 Ludovico
3623 3022 3883 3086 Bavaro

835 3127 1301 3205 commoratus,
1350 3122 1531 3208 regia
1576 3123 1771 3208 hujus
1818 3124 2270 3190 munificentia
2315 3125 2510 3190 variis
2556 3125 2765 3212 iisque
2813 3126 3212 3191 notabilibus
3260 3126 3620 3214 privilegiis
3651 3125 3758 3191 die
3797 3127 3882 3191 14

835 3224 1019 3291 Junii
1065 3224 1365 3290 donatur.
1392 3226 1447 3309 3)
1525 3226 1730 3292 Porro
1779 3232 1934 3292 tunc
1981 3248 2021 3291 a
2068 3227 2338 3293 Summo
2386 3228 2708 3294 Pontifice
2758 3234 2890 3293 tam
2938 3228 3151 3295 alieno
3201 3231 3418 3295 animo
3466 3228 3667 3294 fuisse
3711 3228 3880 3294 Wil-

833 3329 1089 3395 helmus
1160 3350 1378 3395 comes
1449 3328 1763 3414 traditur,
1834 3336 1909 3396 ut
1971 3331 2135 3396 duos
2197 3331 2440 3396 milites
2486 3331 2568 3397 ab
2616 3332 3067 3398 Avenionensi
3114 3334 3294 3398 curia
3338 3334 3717 3417 venientes,
3767 3333 3880 3419 qui

837 3433 1171 3498 dominum
1219 3432 1468 3519 Papam
1518 3440 1940 3517 excusarent,
1988 3456 2111 3500 nec
2158 3434 2381 3500 videre
2429 3457 2550 3501 nec
2599 3436 2998 3501 audire'sua
3028 3438 3170 3502 vice
3203 3438 3484 3502 voluerit
3516 3436 3630 3501 sed
3663 3436 3878 3503 verbis

836 3537 1345 3602 comminatoriis
1392 3543 1459 3602 et
1507 3536 1836 3602 derisoriis
1882 3539 2212 3625 repulerit.
2275 3540 2459 3616 Quae
2509 3542 2770 3629 quidem
2819 3541 3142 3608 discordia
3190 3564 3336 3608 cum
3370 3542 3676 3608 Johanne
3709 3563 3879 3628 papa

834 3641 1042 3706 XXII
1104 3641 1243 3706 viro
1306 3660 1639 3727 nunquam
1703 3642 1968 3707 omnino
2031 3644 2373 3730 consopita
2419 3666 2561 3711 esse
2608 3645 2906 3730 videtur,
2967 3646 3227 3712 etiamsi
3272 3648 3371 3711 liti
3419 3645 3572 3711 huic
3620 3665 3880 3731 compo-

835 3745 1092 3810 nendae
1155 3745 1463 3812 Johanna
1523 3746 1861 3812 Wilhelmi
1924 3749 2179 3814 comitis
2247 3770 2415 3813 uxor
2470 3751 2611 3833 jam
2671 3749 2886 3814 media
2932 3757 3184 3816 aestate
3231 3773 3337 3816 an.
3393 3753 3564 3815 1330
3614 3769 3880 3836 operam

836 3848 1109 3915 dederit.
1158 3847 1266 3914 Ad
1303 3854 1436 3914 tres
1468 3850 1835 3916 comitissae
1868 3853 2179 3938 epistolas
2213 3851 2338 3917 sibi
2371 3852 2651 3918 directas
2684 3855 2728 3922 J
2731 3855 3024 3920 ohannes
3057 3875 3227 3943 papa
3258 3854 3578 3920 benevole
3610 3853 3876 3939 quidem

833 3950 1222 4039 respondet,
1294 3953 1785 4019 excusationem
1856 3956 2169 4038 afferens,
2236 3976 2436 4043 quare
2499 3957 2840 4024 Wilhelmi
2904 3960 3120 4023 mariti
3179 3960 3618 4046 praesentiam
3668 3976 3878 4044 nuper

832 4057 1166 4144 rejecisset
1211 4057 1416 4140 (num.
1467 4058 1646 4141 850).
1712 4058 1973 4125 Deinde
2021 4059 2236 4126 eidem
2284 4061 2630 4127 Johannae
2671 4063 3042 4128 comitissae
3076 4063 3392 4128 nonnulla
3424 4061 3876 4128 conceduntur

830 4161 1170 4250 privilegia
1215 4162 1489 4244 (numm.
1540 4163 1701 4245 858,
1754 4164 1933 4247 892).
1997 4165 2471 4232 Verumtamen
2511 4166 2761 4231 nullum
2803 4167 3041 4232 abhinc
3073 4167 3394 4234 Johannis
3427 4186 3634 4254 papae
3667 4165 3880 4233 XXII

830 4265 1117 4353 diploma
1185 4266 1534 4352 reperitur,
1609 4266 1988 4351 singulatim
2043 4268 2125 4333 ad
2172 4268 2606 4337 Wilhelmum
2655 4272 2958 4336 comitem
3010 4271 3441 4353 destinatum,
3507 4270 3633 4335 nisi
3680 4269 3873 4335 modo

827 4391 1003 4435 num.
1055 4371 1216 4452 899,
1264 4390 1489 4435 mense
1537 4369 1775 4435 Martio
1825 4392 1929 4436 an.
1986 4374 2155 4437 1334
2204 4373 2485 4458 editum,
2535 4374 2796 4461 quando
2844 4376 3241 4441 Wilhelmus
3289 4396 3506 4440 comes
3554 4394 3686 4439 una
3725 4395 3871 4439 cum

828 4473 1269 4560 compluribus
1312 4473 1455 4538 aliis
1502 4474 1905 4561 principibus
1954 4475 2034 4541 ad
2086 4477 2304 4543 studia
2349 4478 2868 4544 reconciliatoria
2913 4479 3244 4544 incitatur.
3324 4478 3666 4564 Oonjicere
3717 4499 3872 4566 ergo

824 4577 1008 4658 licet,
1059 4577 1329 4643 amicam
1377 4577 1552 4643 inter
1598 4577 1642 4644 J
1645 4579 1969 4645 ohannem
2014 4602 2250 4668 papam
2284 4588 2481 4669 atque
2513 4582 2945 4647 Wilhelmum
2979 4584 3283 4649 comitem
3318 4582 3868 4648 necessitudinem

826 4701 1160 4767 nunquam
1230 4680 1493 4767 penitus
1562 4681 1761 4747 fuisse
1839 4690 2227 4770 reparatam.
2322 4687 2475 4750 Vim
2540 4691 2759 4752 autem
2824 4685 2956 4751 odii
3016 4687 3191 4752 inter
3244 4693 3596 4773 utrumque
3642 4692 3873 4773 postea

827 4784 1240 4870 aliquatenus
1303 4784 1535 4849 saltem
1598 4784 1928 4853 dimissam
1992 4809 2171 4872 esse,
2237 4790 2547 4855 certiores
2592 4790 2783 4855 fimus
2830 4812 2870 4855 a
2914 4790 3274 4856 Wilhelmo
3324 4790 3755 4857 Procuratore
3779 4792 3870 4877 4),

827 4888 946 4953 sub
1011 4909 1114 4952 an.
1188 4889 1357 4952 1332
1420 4894 1762 4954 narrante:
1825 4890 2258 4958 Wilhelmum
2321 4894 2625 4959 comitem
2694 4894 2954 4981 „Papae
3001 4893 3469 4981 permissione’'
3518 4894 3601 4959 ad
3652 4893 3870 4960 Ludo·

825 4993 1039 5058 vicum
1098 4992 1609 5078 Imperatorem,
1670 4993 2075 5062 Franconiae
2136 5003 2292 5063 tunc
2340 4997 2722 5084 degentem,
2774 4997 3048 5064 tendere
3097 5000 3309 5063 nisum
3358 5019 3537 5082 esse,
3586 5005 3662 5063 ut
3709 5018 3870 5085 pace

824 5096 998 5161 inter
1046 5094 1497 5161 Sacerdotium
1537 5102 1605 5162 et
1643 5096 1999 5183 Imperium
2038 5102 2346 5167 restituta
2394 5102 2641 5183 „omnis
2673 5101 2965 5168 fidelium
3001 5102 3279 5189 populus
3312 5101 3592 5188 armiger
3625 5101 3867 5166 Christi

823 5199 1055 5265 fieret”
1102 5199 1184 5265 ad
1234 5200 1503 5265 Terram
1553 5201 1861 5268 Sanctam
1907 5204 2336 5271 liberandam.

984 5508 1040 5572 1>
1077 5509 1133 5558 L.
1167 5509 1204 5559 l.
1241 5507 1337 5559 705
1372 5523 1482 5573 seq.
1552 5509 1699 5569 Quae
1732 5509 1839 5559 huc
1875 5510 2145 5574 pertinent
2179 5509 2222 5559 J.
2260 5510 2323 5559 de
2359 5508 2500 5559 Beka
2541 5510 2789 5560 Chronica
2823 5510 2922 5561 113
2955 5525 3174 5561 erronee
3208 5511 3273 5561 ad
3310 5525 3397 5561 an.
3433 5508 3563 5561 1327
3599 5509 3806 5560 retulit.

989 5589 1044 5652 2)
1080 5590 1123 5639 A
1159 5591 1242 5640 die
1275 5589 1309 5641 3
1343 5590 1492 5641 Junii
1530 5604 1701 5653 usque
1735 5591 1800 5640 ad
1834 5589 1894 5641 11
1935 5589 2087 5653 Julii3
2126 5589 2288 5640 Wilh.
2328 5589 2645 5641 Procurator
2679 5590 2713 5643 1.
2749 5593 2783 5642 1.

985 5669 1041 5733 3)
1077 5669 1184 5721 Csr.
1218 5686 1318 5721 van
1358 5670 1536 5722 Mieris
1577 5670 1913 5722 Chartam-boel:
1948 5671 2016 5721 11.
2050 5668 2333 5721 497—499.

986 5750 1040 5816 4)
1078 5750 1133 5802 L.
1168 5751 1204 5802 l.
1240 5749 1354 5802 717.
