4450 6684
936 474 1063 539 142
2236 478 2570 546 Ulmum
2614 480 2698 547 V.

1155 696 1313 764 Vite
1361 720 1437 764 ac
1483 718 1756 764 morum.
1786 747 1801 762 .
1830 747 1846 763 .
1875 747 1890 763 .
1940 700 2092 764 Dat.
2140 700 2508 783 Avinione,
2557 700 2698 766 1111
2745 701 2915 766 Non.
2964 702 3157 787 Maji,
3210 722 3382 769 anno
3429 702 3748 768 secundo.

1346 835 1470 898 περ.
1506 835 1604 885 Αυ.
1647 837 1701 885 T.
1740 833 1795 897 7,
1815 837 1874 900 s.
1913 835 2028 885 552.

1077 952 1135 1015 1)
1172 952 1276 1003 Cir.
1315 969 1475 1018 supra
1510 969 1659 1004 num.
1696 953 1847 1005 1741.

2152 1072 2321 1082 -—„-—
2337 1075 2352 1078 -
2381 1073 2642 1080 -.——...-

924 1276 1104 1345 1781.
1979 1281 2157 1344 1364
2173 1327 2191 1362 ,
2244 1279 2414 1362 Maji
2457 1282 2531 1363 4,
2578 1283 2942 1346 Avenionis.

1240 1432 1520 1497 Luberto
1568 1432 1753 1497 Bolle
1797 1436 2090 1498 canonico
2140 1434 2432 1497 ecclesiae
2481 1434 2660 1516 Traj.
2702 1441 3063 1498 reservatur
3105 1433 3419 1518 di9nitas,
3461 1443 3842 1518 personatus
3884 1457 3991 1500 seu

1150 1542 1437 1625 officium
1498 1544 1565 1606 in
1626 1543 1838 1606 eadem
1897 1544 2150 1607 ecclesia
2166 1567 2191 1621 ‚·
2240 1544 2411 1629 quod
2457 1552 2668 1608 autem
2714 1565 2854 1608 cum
2900 1551 3223 1608 assecutus
3269 1544 3508 1627 fuerit,
3557 1548 3992 1610 canonicatum

1146 1658 1205 1713 et
1247 1648 1668 1735 praebendam
1718 1650 1782 1713 in
1830 1648 2281 1713 Daventriensi
2325 1651 2581 1714 ecclesia
2627 1651 2931 1714 dimittat.
2986 1687 3068 1698 —
3121 1649 3538 1735 Deputantur
3586 1661 3957 1717 executores.

1144 1832 1548 1899 Litterarum
1597 1833 1895 1898 sciencia.
1925 1881 1939 1896 .
1969 1881 1983 1896 .
2014 1880 2029 1897 .
2080 1832 2232 1897 Dat.
2284 1833 2647 1914 Avinione‚
2697 1832 2837 1896 1111
2885 1832 3056 1897 Non.
3109 1832 3306 1917 Maji,
3356 1853 3528 1898 anno
3577 1833 3891 1899 secundo.

1337 1967 1461 2031 Rey.
1497 1964 1591 2016 Δυ.
1637 1969 1692 2018 T.
1726 1966 1783 2032 9,
1809 1969 1870 2032 s.
1906 1965 2020 2019 366.

2126 2184 2360 2191 -—-.—---
2387 2184 2626 2191 --——-
2645 2184 2708 2191 —

914 2390 1101 2458 1782.
1943 2392 2155 2475 1364,
2206 2390 2379 2473 Maji
2423 2393 2540 2473 26,
2591 2392 2959 2455 Avenionis.

1236 2545 1575 2610 Machario
1608 2545 1927 2629 Nyelman
1969 2545 2302 2628 confertur
2335 2544 2737 2629 parochialis
2775 2547 3028 2610 ecclesia
3063 2545 3140 2609 de
3189 2545 3496 2610 Woerden
3540 2545 3723 2629 Traj.
3758 2547 3978 2630 dioec.,

1144 2673 1337 2738 quam
1385 2673 1524 2716 cum
1573 2651 1864 2716 Guidone
1909 2655 2190 2736 episcopo
2243 2651 2591 2715 Portuensi
2623 2672 2753 2736 pro
2799 2653 3050 2716 ecclesia
3093 2652 3465 2738 parochiali
3509 2652 3587 2717 de
3625 2652 3830 2717 Barbi
3861 2652 3977 2716 Re-

1138 2760 1364 2823 mensis
1410 2758 1598 2822 dioec.
1636 2760 1897 2843 putavit
1931 2757 2455 2843 permutandam.
2508 2794 2590 2805 —
2640 2757 3056 2842 Deputantur
3105 2766 3476 2825 executores.

1135 2942 1517 3028 Apostolico
1565 2942 1758 3008 sedis.
1788 2990 1804 3007 .
1834 2990 1849 3007 .
1881 2991 1895 3006 .
1943 2943 2097 3008 Dat.
2146 2942 2511 3023 Avinione,
2562 2941 2698 3007 VII
2745 2940 2855 3005 Kl.
2904 2940 3120 3023 Junii,
3171 2962 3343 3005 anno
3392 2940 3705 3006 secundo.

1331 3078 1453 3141 περ.
1492 3080 1590 3128 An.
1634 3080 1687 3127 T.
1724 3076 1783 3141 8,
1808 3079 1868 3143 s.
1905 3077 2018 3128 532

908 3499 1095 3568 1783.
1964 3501 2172 3582 1364,
2224 3499 2402 3564 Julii
2446 3502 2518 3581 4,
2568 3500 2932 3563 Avenionis.

1229 3653 1565 3718 Gherardo
1611 3652 1776 3718 dicto
1838 3652 2031 3717 Witte
2076 3653 2503 3733 conferuntur
2548 3654 2954 3715 canonicatus
2979 3701 2995 3734 ,
3053 3651 3417 3737 praebenda
3462 3659 3521 3715 et
3570 3650 3972 3714 thesauraria

1132 3763 1418 3826 ecclesiae
1464 3760 1519 3824 b.
1570 3758 1823 3823 Mariae
1877 3758 2096 3842 Traj.,
2158 3779 2323 3844 quas
2371 3779 2510 3822 cum
2557 3757 2858 3823 Johanne
2905 3759 2982 3822 de
3027 3757 3352 3822 Iselsteine
3386 3779 3517 3843 pro
3566 3760 3971 3840 canonicatu,

1119 3867 1487 3953 praebenda
1549 3875 1607 3930 et
1651 3866 2076 3950 supplemento
2126 3865 2414 3928 ecclesiae
2462 3865 2529 3928 S.
2581 3865 2853 3929 Lebuini
2896 3865 3378 3929 Daventriensis
3414 3866 3679 3949 putavit
3713 3883 3974 3947 permu-

1129 3975 1377 4038 tandas.
1432 4010 1513 4020 —
1564 3972 1976 4056 Deputantur
2020 3979 2402 4035 executores.

1125 4157 1508 4244 Apostolioe
1557 4153 1794 4219 sedis..
1825 4202 1839 4217 .
1868 4201 1884 4217 .
1935 4155 2084 4219 Dat.
2134 4153 2504 4235 Avinione,
2557 4152 2696 4216 IIII
2742 4150 2912 4216 Non.
2963 4150 3163 4233 Julii,
3215 4170 3388 4214 anno
3439 4147 3753 4214 secundm

1324 4293 1448 4354 περ.
1484 4292 1583 4340 Αυ.
1626 4287 1685 4339 T.
1721 4288 1777 4352 8,
1804 4290 1865 4354 s.
1899 4287 2012 4338 239.

901 4712 1088 4780 1784.
1885 4712 2101 4792 1364,
2150 4710 2435 4793 Auqusti
2481 4710 2558 4787 7,
2609 4706 2976 4770 Avenionis.

1218 4869 1511 4934 Johanni
1569 4866 1779 4931 Wilde
1824 4867 1900 4930 de
1945 4863 2316 4929 Dotinchem
2364 4863 2586 4926 clerico
2644 4861 2825 4943 Traj.
2876 4860 3065 4923 dioec.
3115 4858 3503 4941 conceditur,
3554 4856 3725 4942 quod
3770 4877 3964 4921 reser-

1130 4978 1336 5057 vatiO,
1401 4996 1442 5038 a
1501 4974 1752 5037 domino
1812 4973 2007 5056 Papa
2068 4971 2167 5034 die
2230 4971 2320 5034 30
2381 4968 2542 5032 Νου.
2604 4987 2710 5030 an.
2759 4967 2939 5030 1362
2988 4965 3115 5049 ipsi
3157 4963 3338 5046 facta
3383 4963 3460 5027 de
3506 4962 3794 5045 beneficio
3838 4964 3968 5025 sine

1130 5104 1287 5148 cura
1333 5082 1706 5164 conferendo
1753 5103 1794 5145 a
1840 5080 2119 5164 capitulo
2167 5078 2221 5141 b.
2262 5075 2516 5139 Mariae
2555 5074 2773 5158 Traj.,
2825 5094 2866 5137 a
2898 5073 3000 5136 die
3038 5074 3374 5136 literarum
3405 5072 3696 5155 ipsarum
3728 5070 3972 5134 omnino

1126 5193 1408 5271 valeant,
1456 5210 1582 5255 non
1627 5188 1935 5270 obstante,
1984 5186 2154 5272 quod
2200 5184 2404 5248 eodem
2450 5183 2551 5245 die
2606 5180 2939 5244 Thiderico
2983 5178 3254 5243 Henrici
3282 5178 3447 5242 dicto
3482 5177 3720 5241 Bomne
3750 5176 3967 5240 clerico

1137 5299 1320 5384 Traj.
1367 5299 1556 5363 dioec.
1604 5318 1795 5381 super
1836 5297 2055 5381 qratia
2100 5293 2299 5357 simili
2351 5291 2570 5354 literae
2617 5288 2871 5370 fuerint
2914 5286 3215 5350 directae.

1128 5478 1518 5546 Laudabilia
1560 5424 1930 5563 probitatis.
1961 5522 1973 5537 .
2004 5521 2019 5536 .
2047 5521 2064 5537 .
2114 5474 2266 5538 Dat.
2318 5471 2685 5553 Aviniono,
2732 5468 2868 5534 VII
2915 5467 3013 5531 Id.
3066 5466 3387 5551 Augusti,
3436 5483 3611 5529 anno
3659 5461 3965 5528 secundo.

1324 5611 1448 5674 Ray.
1484 5610 1582 5658 Aa.
1629 5610 1682 5658 T.
1719 5607 1775 5670 7,
1803 5608 1863 5672 s.
1899 5605 2014 5656 627.

2154 5713 2568 5725 .—-———..-—.⁴
