4450 6684
1842 520 2247 585 Guneonms
2291 518 2413 583 XI.
3529 519 3660 583 26⁷

814 743 1198 809 Venerabili
1257 741 1441 806 fratri
1489 789 1506 806 .
1536 789 1552 806 .
1613 741 1920 829 episcopo
1970 742 2402 825 Marsican(o)
2450 747 2518 807 et
2564 741 2822 808 dilectis
2866 741 3018 806 filiis
3065 746 3289 807 sancte
3336 741 3542 806 Marie
3591 746 3660 806 et

591 853 800 918 sancti
847 851 1032 917 Petri
1081 849 1606 935 Trajectensium
1653 850 2075 916 ecclesiarum
2128 848 2394 915 decanis
2443 849 2722 915 salutem
2768 856 2860 914 etc

814 958 1205 1026 Laudabilia
1249 956 1613 1043 probitatis.
1644 1005 1659 1021 .
1686 1006 1702 1021 .
1733 1005 1748 1021 .
1799 958 1949 1023 Dat.
1999 956 2367 1039 Avinione,
2416 956 2549 1023 XV
2595 955 2705 1021 Kl.
2754 957 3131 1037 Februarii,
3180 977 3353 1022 anno
3401 957 3654 1044 quinto.

1008 1093 1132 1157 Ray.
1169 1093 1262 1141 Aa.
1311 1093 1365 1140 T.
1399 1091 1491 1154 24,
1519 1094 1577 1155 s.
1612 1090 1695 1142 63.

590 1447 782 1516 2207.
1551 1451 1760 1531 1375,
1808 1450 2124 1514 Januarii
2168 1451 2288 1529 18,
2338 1450 2702 1513 Aomionis,

903 1601 1137 1666 Iisdem
1191 1603 1618 1667 executoribus
1662 1604 2044 1686 mandatur,
2104 1612 2175 1668 ut
2222 1581 2550 1670 Everardo
2599 1605 2872 1691 Riquim'
2915 1608 3136 1670 clerico
3193 1606 3372 1688 Traj.
3421 1606 3610 1671 dioec.
3634 1656 3651 1688 ‚

814 1709 1144 1774 dummodo
1175 1709 1412 1775 idioma
1444 1710 1828 1775 Daventriae
1858 1714 2166 1776 usitatum
2196 1714 2544 1797 intelliyat,
2585 1714 2918 1794 conferant
2936 1721 3315 1798 perpetuam
3344 1716 3649 1777 vicariam

813 1817 1046 1880 altaris
1110 1815 1177 1879 S.
1243 1815 1433 1881 Petri
1490 1821 1603 1882 siti
1646 1821 1714 1882 in
1760 1820 2013 1883 ecclesia
2062 1819 2127 1883 S.
2179 1819 2452 1884 Lebuini
2497 1820 2973 1903 Daventriensi‚
3022 1823 3203 1886 ultra
3249 1823 3339 1885 20
3382 1820 3654 1902 florenos

814 1925 966 1987 auri
1008 1926 1342 1988 annuatim
1385 1946 1510 1989 non
1557 1927 1862 1989 valentem
1909 1934 1972 1990 et
2003 1948 2128 2011 per
2173 1930 2658 2012 resiynationem
2711 1926 3005 1992 Werneri
3048 1928 3124 1991 de
3154 1927 3361 1992 Puteo
3391 1929 3654 1992 rectoris

802 2030 1203 2115 parochialis
1248 2033 1534 2096 ecclesiae
1580 2032 2033 2096 Arnhemensis
2078 2042 2419 2098 vacantem.

816 2217 1206 2284 Laudabilia
1265 2220 1632 2306 probitatis.
1663 2267 1678 2282 .
1708 2267 1723 2282 .
1753 2267 1769 2284 .
1840 2218 2162 2283 Volumus
2224 2225 2484 2303 autem,
2534 2218 2708 2305 quod
2755 2218 2932 2284 idem
2977 2218 3385 2300 Everardus,
3436 2241 3663 2306 quam·

587 2326 867 2412 primum
927 2332 1267 2413 presentes
1326 2327 1581 2392 litteras
1640 2325 1947 2391 habuerit
2007 2324 2354 2411 expeditas
2413 2326 2522 2391 vel
2571 2346 2686 2411 per
2731 2347 2882 2391 eum
2929 2328 3223 2400 steterit,
3289 2327 3638 2413 quominus

591 2432 836 2498 fuerint
897 2433 1247 2520 expedite,
1311 2433 1392 2498 de
1454 2434 1756 2500 Romana
1820 2433 2002 2498 curia
2084 2431 2412 2497 recedat..
2446 2480 2461 2496 .
2488 2479 2505 2497 .
2576 2432 2730 2497 Dat.
2778 2432 3141 2513 Avinione,
3205 2432 3335 2498 XV
3383 2432 3493 2497 Kl.
3544 2432 3670 2498 Fe·

586 2541 828 2607 bruarii
850 2595 863 2614 .
911 2563 1086 2607 anno
1133 2543 1382 2629 quinto.

1010 2678 1132 2739 Rea.
1167 2679 1264 2727 Aa.
1309 2680 1364 2727 Τ.
1398 2677 1489 2740 24,
1514 2680 1576 2742 s.
1609 2676 1751 2728 181⁹.

589 3045 797 3144 2208.
1542 3052 1722 3115 1375
1739 3099 1756 3133 ,
1803 3050 2122 3116 Januarii
2164 3054 2284 3136 27,
2332 3053 2694 3119 Avenionis.

902 3206 1216 3270 Alemano
1272 3205 1598 3270 Bastardo
1646 3205 2034 3271 Harmoniae
2078 3209 2274 3272 militi
2317 3211 2576 3294 qusque
2622 3210 2813 3274 uxori
2855 3208 3179 3274 Machtild
3233 3209 3413 3293 Traj.
3462 3208 3653 3274 dioec.

812 3313 1169 3378 conceditur
1219 3315 1471 3379 licentia
1517 3314 1789 3379 habendi
1832 3317 2043 3379 altare
2077 3318 2407 3401 portatile.

813 3498 1080 3565 Sincere
1129 3498 1517 3565 devotionis.
1548 3548 1563 3563 .
1593 3548 1608 3563 .
1639 3548 1654 3564 .
1705 3501 1857 3565 Dat.
1908 3500 2276 3583 Avinione,
2325 3500 2425 3565 VI
2470 3501 2559 3566 Κ]
2632 3500 3008 3583 Februarii,
3058 3521 3230 3566 anno
3281 3500 3531 3587 quinto.

1009 3634 1133 3697 Ray.
1168 3635 1265 3682 Ao.
1308 3634 1361 3684 T.
1397 3633 1484 3700 23,
1514 3637 1573 3698 s.
1608 3633 1724 3685 294.

1840 3833 2362 3842 ——-——.-
2403 3837 2418 3842 .-

585 4006 792 4075 2209.
1541 4012 1720 4075 1375
1737 4060 1754 4092 ,
1803 4012 2121 4077 Januarii
2163 4014 2248 4077 31
2271 4062 2288 4097 ,
2338 4015 2697 4079 Avenionis.

902 4166 1131 4250 (Petro
1190 4187 1314 4230 van
1375 4166 1452 4230 de
1510 4165 1733 4252 Velde)
1781 4170 2150 4253 praeposito
2213 4169 2501 4232 ecclesiae
2554 4166 2621 4231 S.
2668 4166 2990 4232 Johannis
3044 4166 3225 4249 Traj.
3272 4166 3651 4249 mandatur,
3749 4119 3751 4122 v

811 4281 885 4339 ut
927 4273 1165 4339 Jacobo
1209 4273 1375 4338 dicto
1422 4273 1626 4339 Bonte
1660 4274 2030 4358 presbytero
2049 4321 2065 4354 ,
2112 4277 2345 4338 rectori
2371 4273 2774 4359 parochialis
2804 4275 3091 4338 ecclesiae
3120 4276 3190 4338 in
3225 4272 3571 4359 Oesterwyc
3599 4272 3658 4356 1)

820 4379 999 4463 Traj.
1047 4380 1236 4445 dioec.
1282 4380 1571 4463 conferat
1615 4382 2050 4445 canonicatum
2095 4388 2155 4444 et
2187 4380 2619 4465 praebendam
2636 4430 2653 4462 ‚
2703 4386 2772 4445 in
2818 4382 3072 4444 ecclesia
3126 4380 3307 4462 Traj.
3354 4387 3647 4444 vacantes

799 4508 925 4571 per
969 4487 1203 4551 obitum
1248 4487 1509 4562 Alberti
1546 4487 1621 4551 de
1669 4486 1935 4550 Mer-ten.

811 4672 1101 4760 Dignum
1146 4674 1557 4739 arbitramur.
1585 4722 1601 4738 .
1630 4722 1644 4737 .
1673 4721 1689 4737 .
1738 4674 1892 4739 Dat.
1944 4674 2310 4755 Avinione‚
2359 4673 2428 4737 H
2475 4672 2584 4738 Kl.
2634 4673 3012 4756 Februarii,
3060 4693 3232 4737 anno
3282 4672 3535 4758 quinto.

1006 4809 1132 4874 Ray.
1167 4811 1265 4859 Aa.
1310 4812 1364 4860 T.
1399 4808 1489 4872 26,
1516 4811 1578 4874 s.
1611 4808 1728 4860 201.

736 4936 794 5003 1)
830 4936 1169 5004 Oosterwijk,
1208 4952 1375 5005 pagus
1408 4953 1570 5003 prope
1604 4938 1958 4989 Gorcomium.

586 5329 780 5399 2210.
1538 5334 1746 5415 1375,
1792 5330 2110 5397 Januarii
2152 5334 2271 5417 31,
2320 5332 2682 5396 Avenionis.

899 5485 1353 5572 Infra-scriptis
1395 5487 1764 5570 mandatur,
1811 5496 1886 5553 ut
1939 5488 2314 5554 Theoderico
2359 5488 2635 5573 Riquim‘
2677 5488 2901 5552 clerico
2955 5483 3136 5565 Traj.
3184 5482 3374 5547 dioec.
3390 5530 3408 5564 ,
3457 5481 3648 5546 Petri

806 5591 875 5656 S.
909 5592 1166 5657 Mariae
1200 5595 1270 5657 in
1316 5591 1442 5658 Via
1470 5592 1645 5658 Lata
1674 5594 1928 5660 diaconi
1965 5595 2337 5660 Cardinalis
2364 5595 2717 5678 familiari,
2758 5592 3093 5675 conferant
3121 5592 3559 5654 canonicatum
3588 5596 3649 5652 et

795 5692 1355 5783 praebendam,'in
1384 5702 1637 5766 ecclesia
1661 5701 2082 5767 Arnhemensi
2110 5708 2399 5766 vacantes
2419 5720 2544 5786 per
2573 5698 2808 5764 obitum
2835 5697 3141 5762 Gherlaci
3168 5695 3245 5759 de
3269 5695 3568 5760 Batham.
3593 5694 3649 5778 1)
