4450 6684
907 498 1039 563 246
2154 496 2557 564 Gna-contus
2600 496 2725 563 XL

904 719 979 782 fit
1022 717 1266 805 lapsior
1314 722 1381 781 et
1428 716 1805 803 exemplum
1848 716 2241 802 impunitate
2287 716 2712 802 periculosius
2758 714 2830 779 in
2875 715 3038 779 alios
3080 713 3435 796 derivatur,
3483 720 3754 801 propter
3785 714 3960 801 quod

902 822 984 888 ad
1022 822 1431 909 presidencie
1472 822 1754 887 officium
1792 822 2082 907 pertinet
2121 821 2211 886 sic
2254 821 2544 886 debitam
2583 820 3050 885 execucionem
3090 819 3403 885 adbibere
3437 821 3734 905 justicie,
3788 819 3959 906 quod

902 930 1243 994 commissa
1292 930 1433 1013 jam
1496 928 1768 993 crimina
1829 928 2061 1014 puniat
2110 933 2178 992 et
2228 926 2845 993 committendorum
2892 927 3321 1012 imposterum
3369 925 3710 991 audaciam
3757 928 3954 991 inter·

900 1035 1094 1100 dicat.
1190 1035 1364 1099 Sane
1424 1034 1867 1100 lamentabilis
1930 1033 2319 1098 dilectorum
2376 1033 2656 1098 filiorum
2706 1080 2722 1096 .
2750 1080 2766 1096 .
2817 1033 3134 1119 prepositi
3183 1038 3252 1098 et
3299 1038 3662 1097 conventus
3712 1054 3962 1097 monas·

896 1143 1045 1206 terii
1090 1142 1159 1206 in
1206 1141 1506 1206 Belbeim
1552 1142 1702 1224 (sic)
1747 1162 1865 1228 per
1910 1142 2316 1228 prepositum
2364 1140 2538 1204 soliti
2586 1140 2968 1225 gubernari,
3017 1139 3262 1204 ordinis
3309 1140 3518 1205 sancti
3563 1141 3943 1225 Augustini,

894 1249 1337 1332 Trajectensis
1385 1246 1690 1328 diocesis,
1739 1249 2006 1333 querela
2052 1253 2347 1311 nostrum
2395 1248 2685 1312 turbavit
2726 1246 3054 1329 auditum,
3103 1248 3483 1312 amaricavit
3527 1252 3596 1312 et
3638 1254 3958 1330 mentem,

893 1353 1069 1441 quod
1131 1354 1431 1417 nonnulli
1477 1353 1844 1438 iniquitatis
1892 1353 2046 1435 filii,
2094 1374 2134 1417 a
2179 1373 2455 1439 quorum
2505 1353 2708 1416 oculis
2758 1352 2882 1416 Dei
2930 1352 3126 1417 timor
3173 1352 3492 1434 abcessit,
3544 1354 3614 1417 in
3661 1353 3952 1439 partibus

891 1460 1021 1525 illis
1083 1464 1394 1546 pretextu
1455 1480 1871 1544 guerrarum,
1937 1459 2176 1545 quibus
2234 1465 2456 1544 partes
2501 1459 2643 1544 ipse
2692 1457 2999 1522 dicuntur
3045 1458 3498 1544 multipliciter
3543 1458 3840 1543 fatigari,
3887 1464 3952 1522 et

894 1567 1055 1631 alias
1103 1573 1347 1630 temere
1393 1586 1704 1652 personas
1752 1564 2226 1630 ecclesiasticas
2275 1564 2600 1629 seculares
2648 1571 2717 1628 et
2765 1565 3099 1649 regulares
3147 1565 3352 1629 eciam
3403 1566 3471 1629 in
3521 1564 3951 1649 dignitatibus

891 1671 1283 1736 constitutas
1353 1670 1510 1734 dicti
1583 1670 1997 1752 monasterii,
2070 1671 2477 1756 prioratuum
2543 1690 2618 1734 ao
2681 1669 2955 1734 aliorum
3023 1671 3613 1735 ecclesiasticorum
3669 1670 3954 1734 locorum

889 1778 1278 1844 secularium
1341 1786 1410 1842 et
1473 1778 1869 1862 regularium
1933 1778 2222 1863 parcium
2289 1774 2646 1840 earundem
2711 1776 2792 1841 ab
2858 1776 3089 1841 eodem
3141 1778 3536 1841 monasterio
3584 1776 3956 1863 dependen-

890 1884 1099 1965 cium,
1162 1883 1415 1948 bellicis
1477 1883 1734 1947 actibus
1799 1903 1868 1946 se
1916 1883 2183 1947 minime
2231 1882 2711 1963 immiscentes,
2760 1902 2893 1945 non
2942 1882 3192 1968 absque
3238 1883 3597 1966 injectione
3643 1902 3952 1946 manuum

886 1989 1179 2052 violenta
1225 2007 1493 2073 capere,
1544 1986 1873 2068 detinere,
1922 1986 2292 2051 carceribus
2341 1987 2750 2072 mancipare,
2799 1988 3144 2051 tormentis
3191 1988 3523 2069 subicere,
3570 1988 3950 2053 verberibus

888 2093 1159 2176 cedere,
1231 2093 1609 2174 vulnerare,
1682 2094 1874 2156 morti
1946 2092 2204 2157 tradere
2268 2099 2336 2157 et
2398 2092 2773 2157 crudelibus
2820 2092 3286 2157 afflictionibus
3331 2091 3413 2155 ad
3463 2091 3946 2178 redemptiones

886 2199 1215 2263 indebitas
1277 2198 1706 2285 personaliter
1767 2198 2150 2280 cohercere,
2217 2207 2287 2263 et
2352 2200 2818 2263 monasterium
2866 2219 2942 2262 ac
2989 2198 3314 2284 prioratus
3363 2205 3432 2262 et
3476 2198 3606 2262 alia
3650 2197 3762 2283 pia
3808 2198 3951 2261 loca

886 2306 1211 2390 regularia
1270 2304 1353 2369 ab
1418 2303 1650 2368 eodem
1711 2305 2108 2368 monasterio
2157 2302 2611 2390 dependencia
2656 2303 3003 2385 invadere,
3052 2304 3391 2388 frangere,
3440 2323 3711 2389 capere,
3761 2323 3950 2367 occu·

885 2432 1071 2498 pare,
1120 2416 1440 2497 occupata
1485 2409 1813 2493 detinere,
1863 2409 2123 2475 diruere
2171 2417 2241 2474 et
2285 2409 2591 2475 incendio
2639 2431 3054 2476 concremare
3100 2431 3176 2474 ac
3224 2409 3727 2490 monasterium,
3772 2409 3940 2494 prio-

887 2524 1068 2583 ratus
1130 2539 1203 2582 ac
1264 2518 1408 2581 loca
1467 2517 1610 2602 ipsa
1668 2517 1887 2597 libris,
1954 2517 2303 2597 calicibus,
2362 2517 2663 2581 crucibus
2684 2565 2701 2598 ,
2749 2523 3124 2581 sanctorum
3171 2515 3501 2601 reliquiis,
3547 2514 3950 2601 paramentis

887 2624 1030 2690 aliis
1099 2623 1319 2688 divino
1392 2623 1599 2688 cultui
1666 2627 1737 2688 et
1807 2622 2032 2687 usibus
2102 2622 2436 2710 deputatis
2500 2624 2780 2710 spoliare
2844 2631 2912 2688 et
2958 2621 3332 2706 hujusmodi
3381 2622 3619 2702 libros,
3667 2621 3941 2702 calices,

885 2751 1144 2813 cruces,
1216 2735 1588 2794 sanctorum
1657 2729 2000 2815 reliquias,
2073 2736 2460 2794 ornamenta
2518 2736 2586 2795 et
2647 2735 3033 2816 paramenta
3098 2750 3262 2793 ausu
3318 2730 3634 2814 sacrilego
3683 2748 3938 2793 necnon

882 2837 1162 2919 fructus,
1208 2835 1536 2917 redditus,
1584 2856 1688 2900 res
1736 2841 1804 2899 et
1848 2835 2024 2900 bona
2068 2836 2199 2901 alia
2236 2837 2824 2901 ecclesiasticarum
2856 2855 3283 2922 personarum
3313 2834 3726 2917 monasterii,
3777 2834 3943 2921 prio-

884 2948 1144 3008 ratuum
1207 2949 1274 3008 et
1336 2943 1612 3007 aliorum
1670 2944 1962 3007 locorum
2010 2942 2387 3029 hujusmodi
2435 2948 2570 3007 tam
2614 2944 2684 3007 in
2729 2944 2887 3030 ipsis
2935 2964 3134 3029 quam
3179 2948 3372 3007 extra
3415 2941 3529 3006 illa
3575 2942 3938 3007 existencia

885 3050 1088 3114 eciam
1149 3050 1470 3113 violenter
1529 3048 1856 3135 recipere,
1920 3047 2267 3135 depredari
2319 3069 2395 3112 ac
2440 3049 2509 3112 in
2554 3048 2825 3136 predam
2873 3047 3197 3112 abducere
3246 3067 3364 3111 seu
3409 3052 3746 3133 asportare
3791 3067 3934 3133 pre·

891 3159 1311 3241 sumpserunt
1371 3154 1693 3219 hactenus
1756 3162 1825 3220 et
1888 3154 2129 3220 cotidie
2175 3175 2552 3241 presumere
2599 3176 2733 3219 non
2778 3158 3129 3235 verentur,
3180 3157 3446 3239 propter
3493 3174 3621 3238 que
3668 3173 3946 3239 persone

884 3260 1302 3341 monasterii,
1368 3260 1779 3346 prioratuum
1842 3266 1914 3326 et
1967 3261 2264 3325 locorum
2310 3261 2601 3347 ipsorum
2650 3281 2731 3326 ea
2777 3261 2988 3325 coacti
3038 3258 3478 3324 deseruerunt
3522 3266 3591 3324 et
3637 3259 3950 3324 deserunt

889 3388 963 3431 ac
1028 3366 1304 3430 ecclesie
1353 3365 1685 3451 obsequiis
1733 3366 1976 3431 debitis
2024 3372 2092 3432 et
2140 3366 2618 3431 Christifideles
2667 3367 3108 3431 Sacramentis
3157 3366 3619 3430 ecclesiasticis
3667 3388 3743 3431 ac
3790 3387 3949 3454 pau-

885 3491 1076 3560 peres
1138 3476 1206 3535 et
1266 3471 1506 3535 infirmi
1566 3473 1677 3557 pia
1735 3472 2206 3558 hospitalitatis
2270 3473 2714 3537 subvencione
2761 3471 3184 3554 fraudentur3
3252 3471 3561 3558 quodque
3609 3471 3947 3554 nonnulli,

887 3578 1000 3664 qui
1061 3577 1460 3661 gloriantur,
1526 3599 1674 3642 cum
1731 3578 2216 3662 malefecerint,
2265 3578 2643 3663 hujusmodi
2691 3579 3035 3643 criminum
3084 3582 3454 3664 patratores
3501 3598 3761 3643 necnon
3807 3598 3954 3664 per-

887 3704 1081 3749 sonas
1128 3683 1604 3748 ecclesiasticas
1652 3690 1720 3749 et
1766 3684 2103 3769 religiosas
2150 3690 2377 3771 captas
2424 3684 2508 3749 ab
2556 3684 2651 3749 eis
2699 3690 2769 3749 et
2813 3687 3081 3771 insuper
3125 3705 3230 3749 res
3269 3690 3337 3748 et
3366 3685 3544 3749 bona
3573 3684 3949 3769 hujusmodi

885 3811 1003 3877 per
1049 3811 1162 3855 eos
1207 3790 1278 3854 in
1322 3790 1593 3876 predam
1641 3790 1929 3855 abducta
1976 3813 2093 3855 seu
2140 3797 2479 3877 asportata
2524 3792 2809 3856 scienter
2852 3791 2922 3855 in
2970 3790 3387 3872 civitatibus,
3435 3791 3695 3872 castris,
3745 3791 3946 3874 villis,

889 3896 1265 3978 fortaliciis,
1332 3898 1523 3961 terris
1587 3902 1654 3961 et
1714 3897 1860 3962 aliis
1921 3896 2081 3962 locis
2147 3918 2376 3962 eorum
2431 3902 2938 3983 receptaverunt
2983 3903 3053 3962 et
3099 3903 3481 3984 receptant,
3538 3898 3743 3983 aliqui
3790 3919 3943 3963 vero

885 4002 1202 4088 premissa
1249 4003 1465 4066 omnia
1514 4023 1633 4066 seu
1681 4003 2001 4066 nonnulla
2048 4023 2134 4067 ex
2182 4002 2278 4067 eis
2326 4002 2467 4067 fieri
2515 4022 2632 4066 seu
2679 4003 2999 4067 committi
3048 4003 3350 4067 fecerunt
3397 4009 3465 4067 et
3512 4003 3718 4067 eciam
3767 4022 3951 4067 man·

886 4108 1211 4173 daverunt
1270 4129 1388 4172 seu
1449 4129 1674 4172 eorum
1739 4108 2004 4172 nomine
2064 4114 2180 4173 aut
2227 4107 2538 4173 mandato
2586 4108 2762 4171 facta
2807 4108 2945 4172 sive
2993 4109 3339 4172 commissa
3384 4112 3529 4171 rata
3571 4107 3950 4172 habuerunt

885 4221 955 4280 et
999 4215 1282 4296 habent,
1331 4216 1442 4279 alii
1488 4216 1694 4279 eciam
1744 4214 1991 4280 eisdem
2024 4214 2469 4301 predictorum
2502 4214 2846 4278 criminum
2880 4215 3327 4300 patratoribus
3358 4216 3428 4277 in
3459 4212 3946 4278 committendis

885 4321 1132 4386 eisdem
1180 4321 1559 4386 excessibus
1605 4342 1721 4407 per
1768 4342 1838 4385 se
1885 4327 1954 4386 et
2000 4322 2163 4386 alios
2209 4321 2641 4406 prestiterunt
2688 4325 2758 4383 et
2802 4325 3099 4406 prestant
3151 4318 3473 4383 auxilium
3520 4325 3587 4383 et
3622 4319 3944 4401 favorem3

886 4447 1094 4513 eaque
1143 4427 1390 4508 omnia,
1440 4448 1565 4512 que
1610 4427 1681 4491 in
1728 4448 1995 4512 gravem
2042 4426 2251 4491 eciam
2299 4426 2518 4490 divine
2567 4426 2933 4509 majestatis
2975 4424 3318 4505 offensam,
3370 4426 3734 4489 animarum
3775 4425 3945 4511 peri-

885 4533 1142 4614 culum,
1213 4532 1652 4596 ecclesiastice
1718 4532 2045 4596 libertatis
2114 4536 2565 4618 contemptum
2634 4536 2702 4595 et
2772 4531 3201 4616 plurimorum
3271 4530 3648 4595 scandalum
3710 4530 3947 4596 cedere

886 4639 1346 4718 dinoscuntur,
1393 4639 1461 4700 in
1511 4636 1755 4701 eisdem
1803 4639 2101 4725 partibus
2149 4638 2242 4701 sic
2291 4643 2445 4701 sunt
2491 4636 2781 4719 notoria,
2830 4638 2922 4700 sic
2969 4656 3048 4699 ea
3096 4636 3364 4722 publica
3409 4637 3582 4701 fama
3620 4636 3948 4720 divulgat,

885 4745 1108 4830 sicque
1171 4743 1432 4823 nociva,
1496 4742 1658 4827 proh
1708 4742 1921 4806 dolor!
1971 4742 2393 4830 experiencia
2439 4741 2854 4823 manifestat,
2905 4740 3079 4826 quod
3129 4741 3682 4826 tergiversacione
3730 4742 3952 4827 aliqua

886 4857 1261 4936 nequentur
1321 4848 1651 4914 occultari.
1746 4847 2108 4934 Cupientes
2172 4849 2375 4933 igitur
2435 4848 2588 4912 huic
2651 4848 2915 4930 morbo,
2979 4868 3063 4912 ne
3128 4869 3247 4934 per
3309 4868 3524 4913 moras
3579 4853 3949 4934 temporum

885 4958 1098 5021 factus
1167 4955 1466 5018 cronicus
1535 4954 1828 5018 fomenta
1896 4960 2163 5040 respuat
2235 4953 2595 5034 medicine,
2666 4959 3056 5040 oportunam
3118 4959 3188 5018 et
3234 4974 3591 5039 congruam
3637 4952 3954 5018 adhibere

886 5061 1245 5142 medelam,
1294 5058 1680 5124 discrecioni
1727 5064 1942 5124 vestre
1991 5080 2108 5146 per
2154 5060 2513 5145 apostolica
2560 5058 2804 5145 scripta
2850 5057 3274 5141 mandamus,
3323 5060 3634 5145 quatinus
3681 5079 3799 5124 vos
3846 5058 3951 5123 vel

887 5169 1017 5232 duo
1065 5174 1181 5231 aut
1228 5186 1397 5230 unus
1445 5171 1736 5231 vestrum
1782 5187 1900 5251 per
1944 5186 2060 5230 vos
2106 5167 2214 5230 vel
2261 5166 2461 5229 alium
2508 5186 2624 5230 seu
2673 5164 2867 5244 alios,
2915 5184 3140 5229 omnes
3188 5170 3258 5229 et
3304 5165 3598 5251 singulos
3644 5170 3781 5229 tam
3821 5165 3951 5229 cle·

885 5275 1053 5340 ricos
1115 5293 1311 5360 quam
1370 5272 1608 5354 laicos,
1658 5273 2107 5358 cujuscunque
2156 5277 2405 5354 status,
2453 5270 2701 5335 ordinis
2750 5271 2856 5335 vel
2902 5268 3307 5336 condicionis
3354 5272 3676 5354 existant,
3723 5270 3953 5354 hujus·

885 5379 1063 5447 modi
1122 5378 1712 5444 ecclesiasticarum
1776 5384 1846 5441 et
1905 5378 2359 5463 religiosarum
2421 5396 2850 5462 personarum
2913 5397 2983 5441 se
3006 5426 3023 5460 ,
3088 5384 3163 5441 ut
3211 5378 3648 5463 premittitur,
3698 5375 3949 5442 bellicis

888 5487 1140 5552 actibus
1185 5505 1321 5549 non
1366 5484 1910 5564 immiscentium,
1960 5489 2296 5569 captores,
2346 5482 2753 5566 detentores,
2803 5483 3048 5548 carceri
3095 5484 3610 5570 mancipaturos,
3659 5482 3945 5569 compul-

891 5611 1101 5673 sores,
1166 5589 1655 5671 verberatores,
1694 5573 2208 5670 ‘vulneratores,
2259 5588 2579 5652 occisores
2627 5607 2884 5651 necnon
2930 5588 3219 5674 ipsarum
3268 5608 3697 5676 personarum
3744 5589 3949 5653 eccle·
