4450 6684
1850 525 2185 591 Unnmus
2237 524 2322 591 V.
3505 526 3631 589 139

550 749 732 816 1774.
1498 749 1706 829 1364,
1758 746 2104 811 Februarii
2147 749 2273 828 29,
2320 747 2687 812 Avenionis.

871 901 1070 966 Petro
1131 900 1208 965 de
1254 898 1761 986 Smaleyhanqhe
1792 897 2195 984 presbytero,
2232 905 2544 984 perpetuo
2590 900 2920 983 capellano
2969 900 3201 964 altaris
3249 899 3316 964 S.
3366 900 3626 966 Nicolai

779 1012 849 1074 in
908 1007 1276 1093 parochiali
1343 1008 1597 1071 ecclesia
1665 1006 1743 1069 de
1813 1005 2258 1089 Gloetinqhen,
2325 1008 2629 1090 maqistro
2691 1008 2760 1069 in
2822 1005 3068 1071 artibus
3129 1014 3187 1069 et
3247 1008 3318 1070 in
3362 1006 3626 1072 decretis

778 1115 1086 1196 studenti,
1133 1119 1495 1178 reservatur
1542 1112 1903 1194 beneficium
1949 1111 2396 1193 conferendum
2445 1111 2523 1176 ab
2572 1114 2853 1197 episcopo
2899 1119 2959 1177 et
3002 1114 3290 1197 capitulo
3343 1111 3521 1195 Traj.
3571 1122 3631 1178 et

779 1243 918 1286 cum
978 1242 1135 1284 cura
1192 1223 1312 1302 25,
1374 1222 1508 1284 sine
1570 1239 1727 1282 cura
1788 1240 1930 1283 vero
1999 1219 2085 1283 18
2142 1238 2503 1283 marcarum
2555 1221 2804 1304 arqenti
2847 1221 3120 1284 valorem
3171 1240 3454 1284 annuum
3503 1241 3629 1284 non

780 1327 1090 1392 excedens.
1143 1363 1224 1373 -—
1275 1325 1691 1411 Deputantur
1738 1332 2112 1389 executores.

775 1511 1176 1576 Litterarum
1224 1509 1517 1575 seientia.
1549 1558 1565 1573 .
1595 1559 1609 1574 .
1641 1559 1654 1573 .
1707 1511 1860 1575 Dat.
1911 1509 2280 1593 Avinione,
2329 1509 2399 1574 II
2445 1510 2556 1575 Kl.
2614 1510 2871 1592 Martii,
2918 1530 3092 1574 anno
3141 1510 3450 1577 seeundo,

974 1626 1100 1690 Rea.
1137 1628 1233 1675 Αυ.
1279 1628 1333 1677 T.
1367 1626 1426 1690 9,
1453 1628 1513 1691 s.
1549 1626 1671 1675 532*

1821 1794 2408 1801 m*

549 2002 727 2070 1775.
1535 2000 1751 2081 1364,
1799 1999 2037 2064 Martii
2082 2002 2172 2065 25
2190 2048 2209 2083 ,
2263 2001 2621 2066 Avenionis.

873 2156 1206 2221 Thiderico
1266 2155 1500 2221 Vresen
1564 2155 1895 2239 confertur
1948 2159 2358 2221 canonicatus
2405 2164 2463 2220 et
2512 2165 2922 2222 reservantur
2955 2157 3325 2243 praebenda
3371 2168 3430 2223 et
3472 2180 3624 2244 sup-

761 2264 1191 2348 plementum,
1258 2284 1495 2328 necnon
1557 2263 1875 2348 diynitas,
1929 2269 2317 2348 personatus
2376 2283 2485 2327 seu
2552 2263 2836 2345 officium
2883 2269 2952 2328 in
2998 2266 3251 2329 ecclesia
3305 2264 3485 2348 Traj.
3539 2305 3620 2315 —

770 2370 1187 2454 Deputantur
1234 2376 1600 2434 executores.

773 2554 931 2618 Vite
979 2574 1055 2618 ac
1101 2572 1377 2617 merum.
1406 2600 1421 2616 .
1453 2601 1468 2615 .
1500 2600 1515 2617 .
1567 2553 1718 2617 Dat.
1767 2552 2138 2634 Avinione,
2188 2553 2363 2618 VIII
2407 2553 2519 2619 Kl.
2570 2554 2850 2642 Aprilis,
2900 2576 3072 2620 anno
3122 2555 3429 2621 secundo.

866 2709 869 2714 .
970 2671 1097 2735 περ.
1133 2672 1229 2722 Aa.
1275 2673 1328 2721 T.
1363 2669 1421 2732 9,
1449 2672 1509 2735 f.
1546 2670 1660 2720 355.

546 3044 735 3112 1776.
1537 3046 1754 3128 1364,
1801 3044 2040 3109 Martii
2086 3045 2210 3126 31,
2259 3045 2629 3109 Avenionis.

865 3199 1006 3266 Pro
1040 3202 1266 3286 priore
1310 3207 1370 3263 et
1412 3198 1736 3282 fratribus
1782 3198 2221 3264 Eremitarum
2270 3198 2338 3264 S.
2390 3200 2747 3285 Auyustini
2790 3202 2908 3265 loci
2945 3201 3022 3267 de
3051 3202 3392 3268 Durdraco
3432 3204 3618 3287 Traj.

771 3305 962 3370 dioec.
1010 3327 1226 3391 super
1292 3305 1715 3370 observatione
1777 3305 2113 3369 decretalis
2175 3305 2509 3387 Bonifacii
2558 3327 2775 3391 papae
2851 3306 3067 3390 VIII,
3135 3331 3297 3393 quae
3355 3313 3618 3396 incipit:

771 3412 1016 3498 Super
1063 3412 1539 3494 cathedram,
1592 3411 2000 3496 infrascripti
2048 3412 2447 3497 deputantur
2497 3420 2976 3478 conservatores.

767 3593 1150 3659 Venerabili
1197 3595 1381 3660 fratri
1428 3641 1444 3658 .
1475 3641 1491 3658 .
1542 3594 1848 3681 episcopo
1893 3595 2296 3659 Ternaeensi
2344 3600 2413 3659 et
2463 3595 2719 3661 dilectis
2766 3597 2917 3662 filiis
2967 3646 2982 3661 .
3015 3646 3030 3663 .
3080 3600 3288 3664 saneti
3320 3599 3609 3666 Bavonie

532 3701 737 3786 juxta
780 3699 1171 3767 Gandavum
1226 3722 1300 3765 ac
1349 3699 1431 3766 de
1480 3700 1808 3766 Oesbroec
1856 3701 2294 3766 Tornaoensis
2344 3707 2412 3766 et
2460 3702 2899 3787 Trajectensis
2947 3703 3301 3770 diocensium
3349 3727 3604 3771 monas-

542 3806 858 3871 teriorum
905 3806 1253 3871 abbatibus
1301 3805 1581 3870 salutem
1629 3813 1739 3870 etc.

630 3931 641 3941 ·
760 3911 1170 3998 Frequentes
1218 3911 1556 3975 hactenus.
1585 3958 1600 3975 .
1630 3907 1646 3974 ’.
1675 3958 1690 3975 .
1740 3911 1893 3975 Dat.
1944 3911 2310 3994 Avinione,
2360 3911 2428 3976 II
2475 3912 2586 3977 ΚΙ.
2639 3912 2923 4000 Aprilis,
2974 3935 3146 3979 anno
3196 3915 3506 3980 secundo.

958 4028 1084 4091 Ray.
1119 4029 1214 4077 Ao.
1262 4029 1315 4075 T.
1351 4025 1412 4090 9,
1439 4028 1500 4091 s.
1536 4025 1653 4076 598.

539 4400 710 4467 1777.
1541 4402 1758 4483 1364,
1807 4402 2064 4485 Aprilis
2112 4405 2185 4483 s,
2236 4402 2603 4465 Avenionis.

873 4555 1210 4620 Wilhelmo
1273 4555 1440 4620 dicto
1486 4554 1564 4620 de
1609 4555 2035 4640 Hamersteyn
2084 4556 2416 4636 confertur
2465 4556 2875 4619 canonicatus
2921 4563 2980 4620 et
3025 4563 3385 4620 reservatur
3419 4579 3615 4641 prae·

767 4662 965 4727 benda
1011 4665 1078 4726 in
1124 4664 1379 4727 ecclesia
1434 4662 1615 4744 Traj.
1670 4700 1752 4709 —
1803 4661 2219 4746 Deputantur
2267 4668 2640 4726 executores.

767 4847 1111 4913 Attributa
1157 4846 1340 4911 tibi..
1369 4894 1385 4909 .
1415 4894 1431 4910 .
1482 4845 1634 4910 Dat.
1682 4847 2050 4928 Avinione‚
2099 4844 2198 4907 VI
2245 4843 2342 4907 Id.
2395 4843 2678 4930 Aprilis,
2734 4864 2907 4909 anno
2956 4845 3267 4909 secunde.

962 4964 1085 5026 περ.
1118 4964 1217 5013 Aa.
1261 4964 1313 5013 r.
1350 4962 1404 5026 9,
1433 4964 1493 5026 s.
1527 4961 1644 5013 385.

539 5319 721 5387 1⁷78.
1525 5320 1733 5401 1364,
1780 5319 2038 5404 Aprilis
2084 5319 2204 5401 15,
2255 5318 2623 5382 Avenionis.

856 5471 1186 5538 Johannes
1248 5472 1355 5555 (de
1414 5471 1656 5555 Arkel)
1716 5472 2042 5555 episcopus
2114 5470 2297 5555 Traj.
2361 5469 2758 5552 transfertur
2815 5468 2902 5531 ad
2945 5470 3258 5534 ecclesiam
3305 5470 3608 5536 Leodien·

766 5599 909 5643 sem.
978 5616 1060 5626 -
1128 5579 1327 5664 Cujus
1385 5578 1835 5643 nominationis
1899 5577 2169 5659 diversi,
2236 5599 2506 5663 quorum
2554 5579 2847 5658 interest,
2911 5578 3203 5640 certiores
3247 5579 3607 5644 redduntur

766 5693 825 5751 et
869 5686 945 5750 de
991 5685 1338 5751 obedientia
1357 5736 1375 5769 ,
1420 5686 1771 5749 reverentia
1791 5732 1808 5766 ,
1854 5683 2077 5766 favore
2122 5684 2317 5747 eidem
2364 5684 2657 5749 Johanni
2689 5682 3104 5767 praestandis
3149 5682 3589 5749 admonentur.
