4450 6684
913 499 1046 564 212
2158 497 2563 564 Gnaeonms
2607 501 2732 567 XI.

1139 719 1545 785 Litterarum
1593 720 1886 785 scientia.
1915 769 1930 785 .
1962 769 1978 785 .
2009 770 2024 787 .
2077 718 2233 785 Dat.
2282 718 2650 804 Avinione,
2697 721 2832 788 VII
2877 721 2976 787 Id.
3023 724 3282 809 Martii,
3329 747 3504 792 anno
3551 726 3860 793 secundo.

1337 838 1456 901 περ.
1494 841 1586 889 Ao.
1633 841 1687 887 T.
1721 836 1810 899 ιι,
1836 840 1897 903 s.
1932 837 2070 888 1780.

908 1113 1113 1181 2045.
1911 1117 2120 1196 1372,
2169 1115 2406 1179 Martii
2449 1118 2568 1199 15,
2616 1118 2980 1181 Avenionis.

1226 1269 1519 1334 Arnoldo
1550 1268 1714 1333 Prel
1743 1269 2167 1351 conferuntur
2196 1274 2634 1353 canonicatus,
2672 1272 3041 1357 praebenda
3070 1280 3132 1337 et
3159 1275 3661 1359 supplementum
3689 1276 3966 1339 ecclesiae

1135 1375 1649 1456 Daventriensis,
1717 1396 1880 1459 quae
1943 1396 2081 1439 cum
2145 1375 2482 1443 Lamberto
2542 1377 2619 1441 de
2685 1377 2980 1442 Oestende
3025 1400 3155 1464 pro
3190 1379 3564 1464 parochiali
3607 1382 3859 1444 ecclesia
3903 1380 3966 1445 S.

1136 1480 1473 1545 Michaelis
1512 1502 1716 1565 prope
1762 1480 2002 1565 Bruyis
2052 1481 2400 1546 Tornacen.
2440 1483 2629 1547 dioec.
2663 1486 2926 1568 putavit
2954 1486 3408 1570 permutanda.
3446 1524 3528 1534 —
3561 1486 3969 1570 Deputantur

1132 1595 1499 1652 executores.

1132 1767 1515 1855 Apostolice
1564 1765 1756 1830 sedis.
1788 1813 1802 1828 .
1833 1814 1847 1828 .
1878 1814 1892 1829 .
1942 1766 2095 1831 Dat.
2143 1764 2512 1850 Avinione,
2559 1767 2657 1832 Id.
2707 1767 2961 1850 Martii,
3010 1789 3184 1834 anno
3233 1770 3542 1836 secundo.

1326 1884 1451 1946 περ.
1489 1885 1584 1931 Αυ.
1630 1880 2069 1946 r.11,s.113=.

2224 2050 2498 2057 ——..-...——
2521 2052 2736 2058 ——-———

907 2163 1114 2231 2046.
1903 2163 2119 2243 1372,
2168 2160 2404 2226 Martii
2449 2164 2565 2244 18,
2614 2163 2976 2227 Aoenionis.

1226 2314 1684 2398 Infra-scriptis
1752 2312 2113 2398 exequenda
2183 2313 2608 2380 demandatur
2675 2320 3017 2401 sententia,
3078 2327 3230 2403 post
3290 2319 3573 2384 diversas
3635 2321 3966 2384 instantias

1139 2420 1389 2485 tandem
1435 2419 1753 2500 definitive
1797 2419 2177 2500 confirmata
2223 2422 2292 2483 in
2339 2441 2565 2504 causa,
2614 2444 2806 2507 quam
2857 2423 3217 2508 Stephanus
3263 2424 3339 2489 de
3379 2425 3656 2490 Manhcr
3702 2434 3762 2489 et
3807 2426 3969 2508 capi-

1137 2526 1341 2590 tulum
1406 2525 1472 2588 S.
1537 2525 1726 2589 Petri
1794 2524 1975 2606 Traj.
2042 2525 2154 2587 diu
2203 2527 2270 2588 in
2317 2529 2498 2590 curia
2547 2537 2907 2607 moverant,·
2960 2531 3194 2594 scilicet
3239 2531 3410 2616 quod
3441 2533 3763 2615 provisio,
3812 2530 3969 2594 dicto

1140 2631 1464 2716 Stephano
1510 2631 1585 2694 de
1630 2632 1881 2695 ecclesia
1920 2631 2292 2715 parochiali
2337 2634 2406 2695 in
2453 2631 2708 2697 Malsen
2753 2634 2994 2697 dudum
3041 2636 3252 2718 facta,
3313 2639 3612 2701 canonica
3656 2639 3741 2701 sit
3787 2655 3971 2720 (19πο-

1132 2737 1386 2817 scenda,
1436 2737 1545 2800 sed
1590 2735 1760 2821 quod
1806 2736 2168 2823 Stephanus
2202 2758 2334 2821 pro
2381 2741 2670 2822 eoepensis
2720 2740 2850 2804 litis
2898 2740 3088 2804 eidem
3136 2742 3416 2825 capitulo
3462 2741 3538 2805 de
3583 2743 3672 2806 53
3717 2741 3969 2822 florenis

1130 2845 1288 2907 auri
1320 2844 1585 2927 plenam
1630 2843 2125 2924 satisfactionem
2170 2843 2385 2907 debeat
2430 2844 2802 2929 impendere.

1137 3027 1493 3113 Gregorius
1540 3027 1911 3112 episcopua,
1961 3046 2186 3090 servus
2235 3044 2572 3091 servorum
2605 3026 2760 3109 Dei,
2803 3025 3059 3092 dilectis
3098 3027 3248 3091 filiis
3288 3075 3304 3092 .
3333 3076 3349 3092 .
3389 3028 3736 3114 prepositis
3770 3028 3975 3093 sancti

913 3133 1238 3202 Johannis
1278 3140 1347 3197 et
1384 3132 1578 3197 beate
1616 3131 1823 3196 Marie
1856 3132 2379 3216 Trajectensium
2419 3153 2493 3196 ac
2540 3180 2556 3197 .
2580 3180 2595 3196 .
2638 3133 2848 3197 sancti
2881 3133 3173 3219 Agricoli
3203 3133 3686 3199 Avenionensis
3720 3133 3978 3198 decanis

915 3241 1341 3307 ecclesiarum
1391 3239 1670 3304 salutem
1718 3244 1785 3302 et
1833 3238 2257 3324 apostolicam
2304 3239 2851 3304 benedictionem.

1135 3346 1382 3411 Petitio
1432 3344 1818 3410 dilectorum
1865 3345 2147 3408 filiorum
2199 3393 2213 3408 .
2246 3391 2262 3408 .
2312 3343 2544 3409 decani
2592 3351 2660 3410 et
2707 3345 2980 3431 capituli
3026 3347 3298 3411 ecclesie
3347 3347 3556 3411 sancti
3602 3346 3789 3410 Petri
3827 3346 3981 3411 Tra-

903 3453 1224 3538 jectensis
1287 3452 1475 3515 nobis
1540 3451 1838 3515 exhibita
1900 3451 2320 3533 continebat,
2385 3451 2560 3538 quod
2625 3452 2780 3516 licet
2829 3453 2981 3517 olim
3029 3454 3452 3539 parrochialis
3508 3457 3532 3537 ΙΙ
3589 3453 3867 3519 ecclesia
3912 3454 3981 3518 in

912 3558 1169 3624 Malsen
1230 3557 1672 3643 Trajectensis
1733 3557 2009 3621 diocesis
2072 3577 2297 3622 mense
2357 3557 2678 3622 dictorum
2727 3559 2958 3625 decani
3007 3567 3074 3624 et
3120 3560 3390 3646 capituli
3438 3560 3751 3625 canonice
3799 3561 3983 3623 unita

918 3666 1182 3749 fuisset,
1246 3670 1578 3729 reservata
1634 3663 1715 3727 de
1763 3663 2193 3749 proventibus
2240 3662 2446 3747 ipsius
2495 3666 2766 3729 ecclesie
2815 3686 3106 3751 congrua
3150 3667 3454 3754 portione
3501 3686 3619 3751 pro
3665 3671 3983 3752 perpetuo

918 3773 1159 3837 vicario
1221 3771 1383 3835 inibi
1445 3770 1727 3835 Domino
1776 3776 2096 3856 perpetuo
2145 3771 2510 3853 servitum,
2570 3778 2639 3836 et
2684 3793 2804 3858 per
2850 3773 3162 3838 vicarium
3210 3780 3600 3859 perpetuum
3647 3773 3788 3856 regi
3835 3792 3985 3836 con-

914 3878 1238 3943 suevisset
1284 3878 1539 3964 ipsique
1588 3876 1874 3940 decanus
1925 3882 1991 3941 et
2027 3877 2387 3961 capitulum
2422 3876 2698 3942 eandem
2731 3879 3204 3964 parrochialem
3240 3879 3581 3943 ecclesiam
3613 3899 3653 3941 a
3685 3882 3981 3963 tempore

919 3986 1181 4050 unionis
1255 3987 1278 4067 ΙΙ
1349 3981 1727 4068 huJusmodi
1790 3989 1858 4047 et
1927 3984 2114 4067 cujus
2162 3983 2474 4047 contrarii
2522 3985 2837 4049 memoria
2881 4007 3016 4050 non
3064 3986 3326 4068 existit,
3375 3986 3445 4049 in
3491 3984 3788 4072 proprios
3833 4005 3988 4049 usus

928 4092 1297 4156 tenuissent
1366 4096 1435 4154 et
1502 4090 1947 4176 possedissent
2019 4097 2086 4153 et
2156 4095 2312 4152 tunc
2376 4091 2574 4154 etiam
2637 4096 2940 4156 tenerent
3000 4098 3068 4156 et
3128 4091 3540 4178 possiderent
3603 4090 3875 4177 pacifice
3922 4096 3988 4154 et

922 4198 1185 4284 quiete,
1251 4204 1470 4261 tamen
1534 4196 1909 4281 Stephanus
1976 4194 2057 4260 de
2122 4193 2436 4275 Manher,
2505 4195 2616 4281 qui
2672 4217 2742 4260 se
2790 4197 2961 4282 gerit
3006 4218 3123 4284 pro
3172 4197 3407 4261 clerico
3456 4196 3628 4261 dicte
3676 4194 3986 4277 diocesis,

915 4305 1081 4368 falso
1145 4324 1441 4368 asserens
1504 4301 1745 4366 dictam
1806 4302 2148 4366 ecclesiam
2211 4300 2686 4388 parrochialem
2735 4303 2816 4367 ad
2867 4324 2937 4367 se
2986 4310 3317 4391 spectare,
3364 4302 3740 4390 impedivit,
3791 4307 3982 4389 prout

921 4408 1200 4496 impedit
1247 4431 1321 4473 ac
1368 4409 1526 4473 fecit
1572 4414 1639 4473 et
1685 4408 1874 4491 facit,
1926 4408 2275 4494 quominus
2321 4407 2602 4492 predicti
2650 4408 2939 4474 decanus
2986 4417 3055 4475 et
3085 4410 3443 4497 capitulum
3475 4407 3753 4473 eandem
3786 4408 3986 4473 eccle·

915 4519 1079 4581 siam
1141 4515 1614 4602 parrochialem
1677 4515 1930 4601 possint
1997 4513 2268 4600 pacifice
2335 4512 2670 4599 possidere
2734 4516 3114 4601 fructusque
3176 4514 3510 4601 percipere
3546 4514 3618 4597 1).
3645 4560 3661 4576 .
3692 4562 3706 4576 .
3736 4559 3754 4577 .
3831 4513 3980 4578 Dat.

921 4622 1286 4703 Avinione,
1333 4622 1466 4687 XV
1514 4621 1621 4685 Kl.
1673 4621 1952 4706 Aprilis,
2004 4620 2426 4707 pontificatus
2479 4620 2684 4684 nostri
2741 4642 2914 4686 anno
2964 4621 3270 4687 secundo,

1332 4737 1723 4799 Autoyraphum
1750 4754 1857 4785 cum
1884 4737 2055 4800 si9illo
2071 4737 2325 4800 plumbeo,
2361 4736 2619 4785 chordulis
2643 4737 2937 4786 cannabinis
2961 4753 3196 4801 appenso,
3238 4737 3293 4785 in
3313 4736 3516 4785 archivo
3533 4750 3679 4799 prov.
3715 4735 3908 4798 meras.
3929 4732 3992 4782 P.

2533 4826 2589 4880 Χ

1269 4941 1393 5004 369;
1432 4942 1592 4990 latere
1624 4931 1833 4990 sinistro
1867 4944 2197 5007 subscriptum
2231 4947 2332 4992 cst:
2534 4889 2590 5007 ξ
2762 4959 2775 5004 ;
2811 4960 2959 5008 svper
2983 4943 3128 5008 plica
3159 4942 3406 5007 ¹3²⁸.l²'⁴⁹⁹“'‘²¹'⁸⁵
3429 4942 3501 4991 “d
3522 4942 3682 4990 dext*
3715 4909 3993 5036 JoAlfzvtiuidffi

2370 5074 2427 5124 P.
2456 5017 2753 5125 Ga1>i<aldani

1270 5173 1305 5204 a
1339 5158 1512 5218 tergo.-
1550 5153 1819 5204 Sanderus
1854 5156 1918 5204 de
1955 5155 2289 5221 Heynsberg,
2328 5160 2379 5206 et
2404 5158 2588 5221 paullo
2621 5157 2804 5221 infra.-
2841 5156 2902 5206 R.

1339 5237 1538 5287 Mullor-
1572 5238 1815 5301 Regesten
1850 5237 2006 5300 463*;
2044 5239 2106 5288 de
2141 5239 2324 5289 eadem
2357 5240 2453 5290 lite
2486 5241 2631 5289 varia
2667 5240 2989 5290 documenta
3024 5219 3151 5288 sunt
3185 5238 3417 5288 indicata
3451 5237 3590 5301 apud
3627 5235 3818 5286 Muller
3842 5235 3993 5286 Cata-

1272 5322 1424 5387 logus
1476 5337 1560 5385 pp.
1605 5321 1899 5384 369-3723
1944 5323 2037 5372 csr.
2071 5323 2233 5372 etiam
2275 5323 2728 5386 dissertationem,
2776 5336 2938 5386 quam
2975 5322 3114 5371 idem
3150 5327 3336 5371 auctor
3369 5321 3582 5384 scripsit
3615 5325 3776 5383 atque
3812 5333 3996 5384 quam-

1268 5405 1513 5469 pluribus
1548 5406 1880 5457 documentis
1915 5406 2204 5456 illustravit
2238 5405 2459 5457 Archiei'
2489 5405 2912 5470 Acquoy-Rogge
2949 5404 3018 5456 11.
3052 5403 3147 5454 371
3186 5419 3333 5469 seqq.
3369 5409 3422 5454 et
3459 5403 3556 5453 111.
3590 5401 3690 5454 280
3722 5417 3839 5467 sqq.

1066 5533 1125 5596 1)
1161 5532 1418 5597 Sequitur
1450 5532 1562 5582 litis
1591 5533 1705 5596 jam
1740 5532 1841 5584 sub
1878 5533 2093 5583 Urbano
2127 5547 2262 5596 papa
2298 5531 2340 5581 V
2376 5533 2432 5582 in
2468 5533 2619 5583 curia
2653 5533 2882 5598 agitatae
2916 5533 3119 5595 prolixa
3153 5538 3204 5581 et
3242 5537 3478 5581 tortuosa
3512 5526 3797 5580 enarratiO.
