4450 6684
1738 540 2145 608 Gnaeonms
2184 543 2309 611 XL
3428 551 3558 615 223

711 759 1032 825 Provenit
1078 780 1184 825 ex.
1215 808 1232 825 .
1262 809 1277 825 .
1306 808 1321 824 .
1372 761 1528 827 Dat.
1578 760 1759 849 apud
1802 763 2284 829 Villamnovam
2318 764 2791 833 Avinionensis
2835 766 3148 853 diocesis,
3196 769 3408 836 XIIH
3438 770 3552 836 Kl.

500 865 932 953 Septembris,
980 887 1154 932 anno
1201 865 1511 932 secundo.

914 1002 1039 1066 περ.
1072 1004 1169 1052 Ao.
1214 1000 1275 1053 T.
1310 1002 1403 1066 11,
1428 1004 1488 1068 s.
1526 1003 1665 1055 5542.

497 1434 698 1504 2082.
1326 1443 1535 1524 1372,
1582 1441 1869 1527 Augusti
1913 1443 2033 1523 31,
2082 1461 2186 1525 ap.
2247 1441 2732 1506 Villamnovam.

818 1591 1096 1658 Henrico
1142 1594 1219 1658 de
1266 1593 1536 1659 Homoet
1581 1594 1833 1658 domino
1883 1595 2001 1659 loci
2044 1593 2120 1659 de
2162 1594 2524 1660 Nienborch
2553 1596 2602 1678 ¹)
2649 1597 2904 1681 ejusque
2941 1597 3132 1660 uxori
3160 1595 3568 1680 Marqaritae

726 1697 1039 1763 nobilibus
1094 1699 1275 1783 Traj.
1325 1701 1515 1766 dioec.
1566 1701 1925 1766 conceditur
1976 1701 2225 1766 licentia
2278 1701 2550 1765 habendi
2595 1703 2804 1767 altare
2837 1704 3170 1787 portatile.

724 1880 994 1947 Sincere
1058 1881 1499 1948 devotionis..
1528 1931 1543 1946 .
1580 1931 1596 1947 .
1662 1883 1817 1947 Dat.
1881 1882 2056 1969 apud
2107 1883 2593 1949 Villamncvam
2642 1892 2789 1968 etc.,
2847 1884 2917 1948 Π
2963 1883 3075 1951 Kl.
3125 1884 3567 1971 Septembris,

506 2007 678 2052 anno
725 1987 1032 2053 secundo.

919 2124 1044 2187 περ.
1077 2126 1174 2173 Ao.
1222 2127 1276 2175 T.
1310 2124 1403 2183 13,
1430 2127 1488 2190 s.
1524 2124 1640 2175 591.

657 2249 714 2316 1)
750 2251 1080 2319 Nienwburg
1114 2252 1194 2303 vel
1229 2252 1548 2319 Nyenburg‚
1584 2253 1711 2304 olim
1746 2268 1841 2304 arx
1875 2268 2035 2318 prope
2069 2252 2413 2304 Alcmarium.

516 2719 719 2789 2083.
1282 2727 1501 2809 1372,
1550 2725 1930 2810 Septembris
1958 2729 2093 2809 19,
2142 2748 2248 2812 ap.
2311 2727 2795 2792 Villamnovam.

825 2874 1117 2941 Johanni
1161 2878 1454 2943 Mathiae
1486 2878 1862 2965 presbytero
1917 2879 2098 2962 Traj.
2147 2879 2337 2944 dioec.
2386 2880 2752 2944 conceditur
2785 2881 3201 2965 privileqium
3235 2880 3574 2965 plenariae

721 2990 1130 3067 peccatorum
1176 2986 1557 3050 remissionis
1606 2988 1673 3050 in
1721 2987 1994 3051 articulo
2040 2988 2281 3052 mortis.

735 3165 1061 3233 Provenit
1123 3189 1231 3236 ex,
1260 3216 1276 3235 .
1307 3218 1321 3234 .
1348 3217 1365 3234 .
1430 3169 1584 3235 Dat.
1652 3168 1828 3256 apud
1889 3169 2375 3235 Villamnovam
2422 3177 2531 3235 etc.
2554 3220 2571 3255 ,
2631 3169 2808 3235 XIII
2852 3169 2969 3236 Kl.
3016 3168 3354 3253 Octobris,
3403 3190 3577 3235 anno

512 3271 821 3339 secundo.

921 3380 1046 3444 Ray.
1080 3382 1178 3430 Ao.
1222 3378 1281 3432 T.
1318 3381 1407 3444 15,
1434 3385 1495 3448 f.
1530 3379 1609 3430 63.

1726 3653 1965 3661 —-.--——-.
1992 3652 2314 3659 ———

525 3845 730 3914 2084.
1297 3855 1513 3936 1372,
1562 3852 1940 3939 Septembris
1985 3856 2108 3937 29,
2157 3876 2263 3940 ap.
2326 3855 2812 3921 Villamnovam.

824 4004 1183 4090 (Gerardo)
1230 4009 1512 4093 episcopo
1569 4008 2004 4074 Cameracensi
2048 4009 2136 4073 ad
2172 4011 2697 4095 supplicationem
2733 4009 2952 4074 Caroli
2979 4010 3146 4094 reyis
3175 4007 3575 4072 Francorum

731 4112 1178 4196 committitur,
1243 4120 1316 4177 ut
1359 4134 1423 4177 se
1469 4115 1647 4197 infor
1659 4123 1783 4179 met
1827 4122 1886 4180 et
1931 4116 2181 4181 domino
2228 4115 2456 4201 Papae
2501 4115 2805 4180 rescribat
2846 4134 3039 4198 super
3084 4112 3572 4197 impedi-mentis,

733 4216 960 4302 quibus
1029 4240 1156 4284 non
1217 4219 1605 4286 obstantibus
1671 4222 1993 4288 Henricus
2044 4222 2121 4287 de
2183 4222 2394 4286 Viana
2439 4230 2498 4287 et
2545 4220 2853 4307 Helwiqis
2897 4220 2974 4285 de
3019 4219 3300 4284 Herlaer
3342 4217 3577 4283 nobiles

744 4321 929 4407 Traj.
976 4324 1167 4390 dioec.
1218 4327 1401 4409 infra
1446 4329 1532 4392 14
1582 4331 1810 4393 aetatis
1855 4349 2094 4394 annum
2141 4331 2467 4394 constituti
2511 4329 2988 4393 matrimonium
3032 4332 3505 4391 contraxerunt.

733 4505 1122 4572 Venerabili
1167 4508 1352 4574 fratri
1401 4558 1417 4574 .
1447 4558 1462 4574 .
1513 4511 1834 4599 episcopo
1883 4511 2341 4578 cameracensi
2386 4510 2667 4576 salutem
2714 4516 2823 4574 etc.

727 4610 910 4677 Exhi
922 4614 1062 4678 bita
1107 4615 1296 4679 nobis
1342 4637 1459 4702 pro
1508 4625 1696 4703 parte
1756 4618 1996 4683 nobilis
2040 4618 2163 4683 viri
2195 4618 2470 4684 Henrici
2502 4616 2584 4682 de
2619 4617 2865 4699 Viana,
2914 4615 3137 4680 dilecti
3167 4613 3286 4678 filii
3318 4613 3574 4680 Ghisel-

524 4717 697 4782 berti
739 4718 983 4785 domini
1026 4722 1152 4786 loci
1187 4721 1268 4788 de
1299 4724 1517 4789 Viana
1548 4725 1687 4789 nati
1706 4773 1723 4808 ,
1758 4724 2084 4791 domicelli
2118 4731 2186 4790 et
2217 4725 2456 4790 nobilis
2486 4723 2777 4789 mulieris
2807 4722 3128 4808 Helwigis
3159 4720 3240 4786 de
3272 4720 3573 4804 Herlaer,

530 4825 859 4910 quondam
905 4825 1231 4893 «Iohannis
1280 4829 1526 4896 domini
1571 4833 1697 4898 loci
1746 4829 1827 4897 de
1875 4830 2178 4918 Aymeda
2222 4832 2450 4916 (sic)1)
2498 4837 2689 4915 nate,
2744 4829 3087 4895 domicello
3133 4827 3574 4913 Trajectensis

536 4928 848 5013 diocesis,
918 4935 1158 5020 peticio
1227 4937 1645 5020 continebat,
1717 4937 1892 5024 quod
1962 4940 2259 5023 quamvis
2317 4939 2490 5003 inter
2552 4957 2663 5002 eos
2727 4937 3046 5002 nonnulla
3101 4935 3574 5021 impedimenta

530 5036 917 5124 existerent,
966 5047 1236 5128 propter
1281 5064 1407 5128 que
1454 5043 1702 5130 absque
1750 5044 2247 5132 dispensacione
2292 5043 2654 5132 apostolica
2697 5042 2963 5106 insimul
3008 5041 3576 5106 matrimonialiter

532 5143 823 5229 copulari
883 5146 1280 5232 nequibant,
1343 5155 1565 5214 tamen
1625 5149 1826 5215 iidem
1872 5149 2202 5214 Henricus
2250 5156 2318 5215 et
2365 5148 2686 5235 Helwigis
2735 5145 3206 5234 impedimenta
3249 5145 3393 5232 ipsa
3438 5165 3573 5210 non

529 5247 908 5334 ignorantes
953 5273 1028 5317 ac
1075 5253 1246 5318 infra
1288 5254 1920 5340 quartumdecimum
1968 5257 2163 5321 etatis
2210 5277 2327 5321 sue
2359 5276 2605 5320 annum
2637 5253 3008 5336 constituti,
3057 5258 3391 5337 tamquam
3424 5250 3574 5314 sim-

527 5355 729 5441 plices
792 5363 860 5421 et
910 5359 1080 5443 Juris
1125 5359 1369 5444 ignari,
1426 5360 1507 5425 de
1555 5362 1826 5426 consilio
1874 5363 2317 5428 communium
2363 5362 2718 5426 amicorum
2766 5379 3027 5423 suorum
3074 5358 3159 5423 ad
3206 5355 3570 5422 sedandum

510 5459 905 5547 discordias,
936 5485 1065 5551 que
1098 5465 1212 5530 diu
1242 5466 1415 5531 inter
1445 5487 1677 5532 eorum
1710 5474 2018 5555 parentes
2051 5468 2408 5555 dampnose
2439 5468 2817 5553 viguerant,
2851 5463 3026 5530 etad
3052 5464 3363 5528 unionem
3386 5463 3566 5549 pacis

516 5567 1027 5634 conservandam
1073 5572 1561 5636 matrimonium
1606 5573 1781 5639 inter
1828 5595 1899 5640 se
1946 5574 2357 5640 clandestine
2404 5594 2522 5660 per
2571 5571 2773 5637 verba
2817 5570 3109 5656 legitime
3150 5568 3232 5633 de
3270 5567 3562 5653 presenti

514 5680 985 5740 contraxerunt
1032 5681 1102 5742 et
1146 5676 1407 5743 demum
1452 5679 1617 5745 illud
1664 5681 1910 5745 carnali
1955 5682 2192 5767 copula
2239 5681 2804 5760 consummarunt,
2854 5673 3162 5762 quodque
3208 5694 3296 5739 ex
3334 5694 3562 5739 eorum
