4450 6684
1780 555 2181 621 Gan-aomos
2225 555 2349 621 XI.
3469 557 3598 621 237

756 779 1097 845 Universis
1142 786 1254 843 etc.
1304 798 1424 841 nos
1472 776 1672 841 frater
1718 775 2007 841 Poncius
2052 776 2481 841 miseracione
2521 774 2744 840 divina
2773 774 3039 839 humilis
3070 776 3275 843 abbas
3308 783 3376 843 ot
3407 798 3599 843 cano·

533 885 721 949 nicus
779 884 1157 949 monasterii
1221 882 1429 947 sancti
1491 880 1790 946 Antonii.
1819 928 1834 943 .
1864 928 1878 944 .
1909 926 1927 945 .
1998 881 2242 945 Actum
2307 887 2417 944 etc.
2474 880 2544 945 in
2592 879 2766 945 dicto
2812 881 3212 947 monasterio
3261 889 3374 949 etc.
3421 902 3594 947 anno

530 999 603 1057 ut
651 1011 883 1076 supra,
932 990 1039 1055 die
1087 1010 1263 1055 nona
1307 988 1548 1053 mensis
1597 987 1885 1073 Augusti
1931 995 2043 1052 etc.

757 1097 940 1162 Nulli
1003 1117 1159 1182 ergo
1222 1104 1333 1161 etc.
1385 1100 1608 1160 nostre
1657 1094 2178 1159 confirmacionis
2225 1093 2582 1180 infringere
2628 1102 2737 1159 etc.
2809 1095 2963 1160 Dat.
3012 1095 3378 1179 Avinioue,
3425 1096 3598 1161 Non.

536 1204 877 1271 Februarii
893 1254 911 1288 ‚
960 1225 1133 1269 auno
1181 1203 1404 1268 torcio.

949 1339 1073 1402 περ.
1108 1339 1209 1388 Aa.
1252 1339 1303 1388 T.
1339 1336 1431 1399 16,
1459 1340 1518 1402 s.
1552 1335 1668 1386 375.

683 1484 734 1549 1)
771 1485 1020 1551 Legatum
1066 1483 1320 1550 usuagiiS.

528 1931 720 1999 2126.
1460 1933 1636 1996 1373
1657 1981 1674 2015 ,
1725 1931 2070 1996 Februarii
2115 1934 2237 2014 12,
2284 1934 2648 1997 Αυεηίοηὶε.

846 2085 1138 2150 Huberto
1176 2085 1252 2149 de
1282 2085 1522 2170 Ena-*pic
1550 2087 1600 2169 ¹)
1646 2085 2108 2168 confirmantur
2139 2088 2573 2169 canonicatus,
2602 2086 2969 2172 praebenda
3000 2096 3058 2152 et
3086 2090 3586 2173 supplementum

758 2192 1043 2255 ecclesiae
1102 2190 1170 2254 S.
1236 2190 1424 2254 Petri
1495 2189 1712 2274 Traj.,
1776 2211 1938 2276 quae
1999 2192 2186 2274 olim,
2249 2212 2389 2255 cum
2447 2214 2564 2276 per
2617 2192 2850 2257 obitum
2895 2192 3263 2258 Hermanni
3310 2194 3591 2259 Cromnae

755 2304 1088 2379 vacarent,
1136 2298 1347 2381 viqore
1397 2297 1731 2361 literarum
1778 2296 2272 2382 apostolicarum
2318 2302 2880 2383 exspectativarum
2925 2302 3285 2384 acceptavit.

861 2479 1254 2545 Laudabilia
1302 2479 1665 2567 probitatis.
1695 2529 1711 2543 .
1742 2528 1756 2543 .
1785 2528 1799 2544 .
1849 2480 2003 2545 Dat.
2051 2480 2418 2562 Aviniono,
2466 2479 2536 2543 II
2582 2479 2681 2544 Id.
2730 2480 3105 2562 Februarii,
3154 2502 3326 2546 anno
3376 2480 3592 2545 tortio.

953 2614 1083 2676 περ.
1117 2614 1216 2662 Ao.
1261 2615 1315 2663 T.
1358 2613 1436 2674 ιθ,
1464 2614 1523 2677 J.
1559 2613 1698 2665 390v.

694 2756 752 2822 1)
786 2757 957 2807 Codex
992 2756 1176 2807 habet:
1215 2758 1279 2808 de
1312 2757 1516 2822 Enspit.

553 3208 743 3277 2127.
1492 3212 1705 3294 1373,
1753 3210 2096 3275 Februarii
2139 3214 2261 3294 14,
2313 3211 2676 3276 AvenioniS.

867 3362 1246 3427 Bernartius
1310 3361 1388 3425 H
1387 3363 1583 3426 enrici
1643 3362 1720 3425 de
1780 3361 2137 3426 Daventria
2198 3363 2461 3426 clericus
2504 3368 2887 3447 surroqatur
2929 3363 3000 3425 in
3045 3382 3221 3427 omne
3246 3365 3401 3447 ju3,
3451 3364 3622 3449 quod

781 3467 1059 3533 Jacobus
1122 3468 1386 3554 Honqer
1439 3468 1517 3532 de
1559 3467 1797 3553 Leydis
1844 3470 2108 3533 clericus
2153 3467 2243 3531 ad
2287 3469 2724 3533 canonicatum
2768 3475 2828 3532 et
2859 3467 3290 3552 praebendam
3335 3470 3621 3535 ecclesiae

781 3573 848 3639 S.
917 3575 1105 3639 Petri
1166 3574 1743 3659 Middelburyensis
1805 3574 1926 3639 sibi
1968 3581 2307 3658 competere
2352 3575 2626 3638 asseruit
2670 3581 2730 3638 et
2775 3573 2946 3659 quod
2992 3574 3178 3639 libere
3222 3596 3389 3640 nunc
3431 3578 3626 3661 resiq-

778 3683 984 3761 naoit,·
1028 3701 1221 3767 super
1267 3681 1490 3767 quibus
1530 3683 1906 3745 canonicatu
1944 3688 2004 3745 et
2031 3680 2428 3766 praebenda,
2479 3701 2620 3744 cum
2642 3701 2769 3765 per
2797 3680 3029 3746 obitum
3060 3680 3382 3747 Johannis
3411 3682 3626 3747 Fran-

780 3792 948 3853 conis
1007 3797 1341 3871 vacarent,
1392 3788 1554 3852 idem
1599 3786 1880 3853 Jacobus
1928 3809 2068 3852 cum
2115 3787 2416 3853 Johanne
2462 3786 2538 3850 de
2587 3786 2823 3852 Callcer
2858 3786 3225 3874 presbytero
3279 3787 3461 3871 Traj.
3509 3790 3625 3854 diu

776 3896 846 3959 in
890 3896 1071 3960 curia
1124 3896 1418 3980 litiqavit.

784 4076 1142 4143 Probitatis
1190 4081 1259 4141 et
1308 4075 1648 4140 virtutum.
1677 4122 1694 4139 .
1723 4121 1741 4140 .
1769 4121 1786 4138 .
1836 4074 1989 4139 Dat.
2040 4074 2404 4156 Aviniono‚
2452 4071 2621 4138 XVI
2668 4070 2781 4137 Kl.
2827 4071 3082 4155 Martii,
3129 4094 3302 4139 anno
3350 4075 3567 4140 tertie.

972 4212 1095 4274 Ray.
1135 4212 1233 4261 Ao.
1277 4212 1332 4260 T.
1367 4208 1458 4272 18,
1483 4211 1543 4274 s.
1579 4209 1721 4260 484⁰.

1802 4470 2384 4477 .———.----—-———-—

560 4708 1014 4778 2128—2129.
1494 4711 1708 4793 1373,
1753 4708 2098 4774 Februarii
2140 4709 2265 4791 18,
2309 4707 2674 4772 Avenionis.

874 4865 959 4932 A.
1032 4866 1301 4951 Huyoni
1344 4865 1420 4929 de
1473 4862 1934 4949 Thorenburqh

874 4972 953 5037 B.
1047 4970 1332 5036 Waltero
1391 4970 1734 5053 Wulfardi

789 5081 966 5164 qium
998 5078 1338 5163 plenariae
1369 5084 1771 5164 peccatorum
1816 5075 2198 5140 remissioni-s
2241 5076 2311 5139 in
2356 5076 2629 5140 articulo
2672 5079 2912 5141 mortis.

1967 4870 1991 5058 ἶ
2020 4911 2391 4999 presbytero
2459 4911 2641 4996 Traj.
2701 4912 2890 4979 dioec.
2951 4914 3307 4981 conceditur
3358 4919 3622 5003 privile·

793 5261 1111 5327 Provenit
1158 5281 1263 5326 ex.
1291 5308 1309 5327 .
1336 5307 1354 5326 .
1385 5307 1403 5326 .
1449 5234 1603 5325 Dat.
1651 5259 2022 5342 Avinione‚
2070 5258 2211 5325 XII
2257 5259 2368 5325 Kl.
2416 5259 2676 5343 Martii,
2725 5282 2897 5327 anno
2945 5263 3163 5329 tortio.

976 5398 1105 5459 περ.
1139 5397 1238 5445 Aa.
1283 5397 1336 5444 Τ.
1372 5394 1468 5455 16,
1490 5396 1554 5460 s.
1586 5393 1725 5445 2910.
