4450 6684
316 3055 649 3107 Procuratoris

373 3125 601 3174 officium.

704 568 923 616 Lxxlv
1986 547 2478 615 Inraonuorm.

704 771 895 835 stites
962 769 1418 853 Trajectenses
1480 764 1743 831 Limina
1787 763 2257 851 Apostolorum
2304 784 2521 829 coram
2568 764 2906 847 visitasse,
2947 765 3087 849 jam
3135 785 3175 828 a
3223 768 3517 851 tempore
3564 762 3633 828 S.
3683 762 3752 828 S.

706 872 1133 939 Willebrordi
1194 877 1262 936 et
1322 870 1640 935 Bonifatii
1704 874 2032 933 testantur
2092 866 2420 933 Chronica
2480 872 2762 933 vetusta.
2858 867 2966 933 Sic
3023 867 3223 932 etiam
3272 867 3339 933 S.
3389 864 3764 933 Radbodus

706 977 1050 1064 episcopus
1110 974 1194 1040 ad
1247 976 1359 1060 jus
1423 994 1613 1039 suum
1677 977 1905 1038 contra
1962 970 2520 1057 Meguntbardum
2583 972 2888 1037 comitem
2936 970 3412 1036 Flandrensem
3458 971 3528 1034 in
3574 971 3756 1035 curia

703 1081 919 1168 papali
964 1077 1428 1144 vindicandum
1476 1079 1755 1142 Romam
1804 1098 1873 1142 se
1921 1077 2219 1142 contulit.
2259 1076 2310 1159 ¹)
2387 1076 2484 1142 Αθ
2536 1078 2707 1141 1123
2756 1075 3178 1142 Godebaldus
3225 1075 3485 1162 praesul
3533 1080 3758 1140 noster

702 1184 996 1250 Concilio
1044 1181 1477 1248 Lateranensi
1521 1181 1558 1246 I
1603 1182 1744 1268 ipse
1790 1181 2110 1246 interfuit.
2137 1180 2191 1264 2)
2253 1180 2512 1246 Deinde
2561 1179 2632 1245 αθ
2684 1182 2855 1246 1143
2903 1180 3333 1245 Heribertum
3372 1179 3752 1266 episcopum

702 1309 886 1354 suam
947 1288 1018 1351 in
1082 1285 1431 1351 dioecesim
1493 1284 1575 1349 ab
1625 1285 1806 1349 Urbe
1856 1285 2201 1349 revertisse
2250 1285 2570 1352 novimus.
2597 1286 2653 1371 3)
2749 1286 3142 1351 Wilhelmus
3189 1282 3530 1350 Bertholdi
3579 1285 3752 1349 circa

701 1416 806 1459 an.
878 1393 1050 1457 1300
1112 1392 1358 1456 curiam
1420 1391 1788 1454 Romanam
1853 1389 2091 1454 adiisse
2138 1389 2300 1454 item
2348 1390 2646 1455 traditur.
2671 1393 2729 1475 4)
2821 1389 3118 1455 Tandem
3166 1388 3384 1455 Guido
3433 1387 3515 1454 de
3566 1389 3749 1454 Han-

701 1497 933 1580 nonia,
1008 1496 1122 1582 qui
1190 1516 1294 1559 an.
1367 1496 1531 1557 1311
1595 1492 1888 1558 Concilio
1952 1492 2319 1558 Viennensi
2381 1492 2624 1578 adfuit,
2697 1502 2894 1582 atque
2955 1494 3294 1560 Jobannes
3357 1493 3440 1559 de
3502 1492 3746 1576 Arkel,

700 1603 813 1690 qui
879 1601 1025 1688 plus
1087 1600 1290 1664 semel
1351 1599 1419 1662 in
1484 1598 1699 1663 Gallia
1759 1603 2196 1663 commoratus
2256 1600 2468 1682 est,⁵)
2530 1599 2754 1685 procul
2803 1598 3003 1664 dubio
3053 1599 3319 1684 negotia
3365 1619 3483 1663 sua
3529 1619 3747 1664 coram

702 1707 969 1773 Summo
1017 1703 1340 1769 Pontifice
1388 1703 1648 1788 saepius
1696 1707 2079 1766 tractarunt.

924 1810 1242 1876 Attamen
1303 1813 1482 1871 certo
1548 1806 1821 1871 definire
1886 1827 2017 1871 non
2083 1806 2272 1890 licet,
2330 1812 2546 1872 utrum
2596 1807 2974 1893 hujusmodi
3022 1806 3104 1872 ad
3153 1808 3399 1872 curiam
3447 1807 3748 1894 papalem

695 1916 937 1980 itinera
999 1913 1276 1977 fecerint
1337 1910 1627 1997 episcopi
1690 1910 1932 1993 nostri,
1982 1916 2057 1974 ut
2102 1912 2366 1998 proprie
2411 1912 2672 1976 Limina
2715 1911 3186 1998 Apostolorum
3233 1912 3614 1994 visitarent,
3665 1932 3751 1975 an

698 2021 918 2106 potius
993 2023 1070 2082 ut
1146 2037 1347 2101 grave
1423 2014 1749 2101 quoddam
1822 2022 1890 2079 et
1960 2035 2201 2099 urgens
2272 2016 2609 2101 negotium
2681 2016 3194 2081 ecclesiasticum
3267 2020 3749 2103 promoverent.

700 2124 965 2210 Duplex
1036 2119 1310 2207 proinde
1381 2119 1616 2204 conjici
1683 2120 1873 2183 licet:
1948 2120 2055 2183 vel
2116 2117 2319 2204 (quod
2389 2126 2608 2183 tamen
2670 2120 2880 2185 rarius
2945 2120 3244 2185 evenisse
3291 2121 3616 2206 putarem)
3666 2117 3748 2183 ad

695 2214 902 2293 instar
962 2225 1285 2292 Jobannis
1347 2223 1430 2288 de
1494 2221 1727 2309 Syrick
1789 2223 1996 2305 (num.
2047 2224 2205 2307 408)
2254 2243 2451 2309 super
2496 2223 2706 2289 officio
2762 2224 3195 2305 „visitationis
3243 2222 3568 2289 verbalis”
3619 2222 3748 2287 dis-

695 2331 1147 2420 pensationem
1209 2328 1510 2414 papalem
1571 2328 2041 2413 impetrarunt3
2107 2327 2211 2391 vel
2257 2347 2375 2412 per
2421 2329 2731 2393 nuncium
2779 2329 2916 2394 sive
2962 2335 3450 2416 procuratorem
3497 2329 3745 2393 curiam

693 2437 1081 2515 visitarunt,
1146 2432 1338 2495 sicuti
1401 2429 1772 2495 Johannem
1838 2430 1919 2495 de
1980 2430 2172 2495 Diest
2234 2431 2306 2495 αθ
2377 2433 2548 2496 1320
2604 2432 2834 2498 fecisse
2884 2439 3165 2498 testatur
3212 2432 3500 2519 diploma
3547 2453 3746 2519 supra

699 2540 1060 2626 adjectum,
1108 2557 1237 2623 quo
1286 2556 1440 2599 casu
1488 2535 1800 2599 ecclesiae
1849 2556 2007 2599 suae
2055 2541 2300 2599 statum
2347 2537 2602 2624 scriptis
2645 2537 3036 2624 quandoque
3069 2538 3468 2620 retulerunt,
3518 2557 3746 2622 quem-

695 2644 1044 2711 admodum
1093 2642 1163 2705 αθ
1216 2642 1380 2705 1331
1436 2639 1607 2704 idem
1658 2639 1997 2705 Johannes
2046 2640 2390 2726 episcopus
2437 2642 2647 2724 (num.
2682 2642 2861 2725 857).
2936 2642 3141 2706 Porro
3180 2642 3251 2706 in
3282 2640 3744 2729 promissione,

696 2771 889 2836 quam
962 2766 1158 2833 super
1226 2744 1601 2809 visitatione
1674 2743 2061 2828 regulariter
2121 2744 2422 2810 facienda
2483 2745 2785 2811 emittere
2851 2746 3152 2810 solebant
3216 2746 3370 2810 novi
3417 2744 3743 2830 episcopi,

696 2874 921 2920 eorum
970 2849 1238 2915 arbitrio
1287 2849 1550 2934 penitus
1597 2848 1900 2912 relictum
1947 2848 2147 2913 fuisse
2194 2848 2475 2932 videtur,
2525 2851 2662 2916 sive
2708 2851 2835 2937 ipsi
2883 2851 3019 2916 sive
3074 2872 3231 2937 „per
3276 2855 3528 2915 certum
3577 2868 3750 2912 nun·

693 2955 911 3022 cium”
961 2960 1075 3019 aut
1123 2957 1610 3039 procuratorem
1659 2950 1791 3016 tale
1841 2950 2125 3016 officium
2172 2953 2423 3018 vellent
2469 2954 2673 3020 obire.

872 3059 995 3124 ·Β.
1089 3057 1551 3122 Procuratores
1618 3059 1687 3120 in
1755 3059 1937 3120 curia
1993 3059 2234 3141 papali
2301 3058 2667 3144 complures
2737 3058 3102 3124 Bullarium
3166 3062 3461 3123 nostrum
3519 3055 3739 3121 refert.

693 3165 976 3231 Nomine
1024 3161 1460 3249 procuratoris
1506 3160 1614 3225 hic
1660 3159 2129 3246 intelligendus
2177 3166 2306 3226 est:
2363 3162 2712 3246 „vicarius,
2753 3163 2969 3228 locum
3011 3170 3277 3246 tenens,
3317 3161 3432 3248 qui
3470 3160 3742 3225 alterius

691 3271 868 3335 vices
916 3265 1241 3352 gerit,”ss)
1288 3270 1363 3328 ut
1410 3263 1656 3328 domini
1705 3265 1805 3329 sui
1856 3264 2220 3349 delegantis
2269 3270 2517 3330 certum
2566 3266 2897 3352 quoddam
2946 3268 3286 3352 negotium
3326 3270 3511 3330 curet
3540 3263 3759 3349 idque-

690 3373 1003 3460 impensis
1074 3371 1271 3455 hujus
1343 3367 1608 3433 domini.
1633 3370 1689 3452 7)
1784 3368 1892 3434 Sic
1964 3370 2076 3455 qui
2149 3371 2418 3454 negotia
2486 3371 2927 3437 ecclesiastica
2988 3372 3113 3436 sibi
3176 3370 3518 3437 commissa
3566 3365 3739 3454 apud

693 3476 931 3543 Sedem
994 3473 1444 3560 Apostolicam
1508 3477 1866 3537 tractarent
1920 3472 2359 3559 undequaque
2405 3474 2666 3559 plurimi
2713 3475 2997 3540 Romam
3045 3475 3465 3540 confluebant
3511 3492 3741 3559 procu-

692 3586 964 3645 ratoreS.
1028 3578 1229 3643 Initio
1279 3575 1543 3663 quidem
1591 3583 1858 3662 propter
1906 3578 2255 3663 specialem
2304 3599 2564 3643 causam
2614 3579 2916 3666 deputari
2954 3580 3254 3644 solebant
3286 3584 3740 3665 procuratores

692 3705 902 3771 eaque
966 3682 1269 3747 absoluta
1329 3681 1418 3744 in·
1445 3680 1723 3766 patriam
1772 3702 1955 3745 suam
2003 3688 2311 3768 poterant
2358 3685 2634 3767 reverti,
2703 3691 2933 3770 postea
2977 3705 3132 3750 vero
3180 3691 3256 3749 ut
3301 3681 3740 3771 procuratoris

690 3808 961 3853 munere
1030 3786 1100 3850 in
1171 3784 1464 3870 qualibet
1535 3804 1605 3848 re
1669 3784 1792 3849 sibi
1838 3784 2006 3851 forte
2054 3785 2422 3873 deleganda
2467 3787 2936 3873 fungerentur,
2985 3810 3188 3876 prope
3235 3789 3442 3876 ipsam
3492 3785 3740 3852 curiam

691 3891 1087 3957 domicilium
1136 3889 1489 3954 habebant.

912 3994 1175 4080 Duplici
1222 3999 1443 4058 autem
1493 3992 1686 4057 modo
1736 3992 2094 4079 diplomata
2138 4000 2363 4060 nostra
2401 4002 2896 4081 procuratorum
2931 3996 3454 4083 TraJectensium
3487 3994 3739 4059 faciunt

688 4100 1127 4164 mentionem:
1178 4097 1423 4162 directe
1472 4097 1722 4162 scilicet
1769 4104 1837 4162 et
1885 4118 2195 4183 expresse
2242 4098 2323 4163 iis
2374 4099 2503 4164 tale
2552 4100 2833 4164 officium
2881 4100 3333 4184 attribuend0,
3382 4099 3489 4165 vel
3537 4098 3735 4164 etiam

685 4203 1004 4269 indirecte
1054 4208 1123 4267 et
1171 4202 1389 4266 tacite.
1484 4201 1632 4265 Hoc
1680 4200 1873 4265 modo
1921 4204 2362 4287 procuratoris
2408 4224 2648 4269 nomen
2688 4225 3160 4291 nonnunquam
3190 4202 3482 4292 produnt
3516 4203 3736 4267 bullae

686 4309 952 4395 papales
1024 4328 1064 4371 a
1132 4311 1356 4390 terg0,
1420 4304 1535 4369 ubi
1594 4305 1743 4387 ille,
1810 4305 1915 4370 cui
1978 4305 2157 4371 bulla
2210 4313 2385 4371 esset
2432 4307 2786 4392 tradenda,
2835 4315 3219 4395 procurator
3265 4308 3548 4391 scilicet,
3599 4309 3735 4372 sive

686 4432 997 4497 expresso
1061 4410 1205 4494 ejus
1267 4407 1533 4472 nomine
1596 4408 1733 4473 sive
1801 4408 1928 4473 alio
1988 4409 2271 4495 quodam
2317 4411 2516 4475 verbo
2565 4410 2894 4498 designari
2942 4413 3218 4479 solebat.
3248 4412 3300 4496 8)
3395 4411 3738 4498 Quotquot

685 4536 891 4600 usque
956 4512 1038 4578 ad
1101 4534 1207 4577 an.
1276 4513 1447 4576 1378
1513 4511 1927 4596 negotiorum
1991 4512 2073 4577 ad
2134 4519 2355 4600 partes
2420 4520 2675 4580 nostras
2746 4517 3183 4602 spectantium
3246 4517 3315 4581 in
3363 4516 3737 4602 curia'pro-

685 4625 1015 4682 curatores
1086 4615 1400 4680 alterutro
1471 4613 1664 4680 modo
1729 4623 2108 4700 occurrunt,
2174 4638 2455 4704 sequens
2514 4619 2828 4685 elenchus
2876 4621 3333 4706 chronologice
3383 4618 3761 4705 dispositos.

685 4720 976 4785 exhibet.

847 5118 902 5179 1)
939 5117 1044 5169 Csr.
1078 5131 1230 5168 num.
1263 5117 1297 5168 5
1332 5123 1386 5168 et
1420 5132 1581 5182 supra
1616 5118 1815 5168 Introd.
1850 5133 1899 5182 p.
1934 5118 1998 5169 X.

846 5199 901 5263 2)
938 5199 1248 5250 Harduinus
1289 5199 1471 5249 Concil.
1512 5197 1599 5249 VI.
1634 5198 1681 5249 2.
1718 5214 1767 5262 p.
1799 5198 1931 5249 1114
1968 5214 2076 5265 seq.

844 5278 900 5343 3)
937 5280 1238 5331 Chronicon
1275 5279 1680 5346 Groninganum
1716 5279 1776 5330 A.
1812 5279 2110 5331 Matthaeus
2144 5282 2400 5335 Analecta
2435 5285 2475 5337 1.
2511 5285 2591 5338 70.

845 5360 901 5425 4)
937 5360 1041 5413 Csr.
1076 5375 1282 5412 numm.
1319 5359 1416 5412 437
1452 5366 1504 5411 et
1539 5358 1664 5423 440;
1703 5358 1825 5410 Moll
1862 5360 2334 5425 Kerkyeschiedenis
2370 5366 2436 5417 11.
2474 5379 2510 5418 1.
2546 5366 2659 5418 128.

843 5440 899 5504 5)
935 5442 979 5494 s.
1016 5443 1080 5492 de
1116 5442 1257 5493 seua
1298 5442 1549 5493 aaronica
1582 5439 1707 5505 107,
1743 5439 1869 5505 108,
1903 5440 2018 5492 117.
2125 5428 2143 5443 ‘

840 5522 896 5587 6)
934 5523 1016 5574 Ita
1051 5523 1303 5588 Ducange
1343 5523 1661 5573 Glossarium
1696 5523 1731 5573 i.
1765 5536 1811 5572 v.

844 5601 899 5666 7)
937 5602 1041 5654 Cfr.
1077 5605 1283 5655 Decret.
1318 5604 1470 5669 Greg.
1506 5604 1618 5654 Lib.
1656 5602 1696 5653 1.
1731 5602 1831 5652 Tit.
1869 5602 2165 5656 XXXVIII.
2201 5622 2315 5672 cap.
2347 5606 2395 5658 6.

842 5681 898 5747 8)
935 5683 1038 5734 Cfr.
1074 5684 1243 5735 Fiuke
1275 5685 1709 5751 Papnurkunden
1755 5683 2071 5749 Westsalcm
2104 5686 2411 5755 Einleitung
2444 5688 2642 5740 xxm.
