4450 6684
1756 525 1975 590 INDEX
2023 524 2515 590 Pnnsomnun.

588 748 803 807 Elias
845 746 918 807 de
942 746 1243 807 Vodromo
1271 745 1529 805 nuncius
1561 750 1623 804 et
1645 746 1782 806 coll.
1804 746 2041 827 papalis

671 859 858 934 2052,
902 859 1017 916 Int.
1060 857 1278 915 LXIX.

590 967 980 1028 Elisabeth
1040 967 1310 1043 (Elseba)
1374 965 1590 1025 relicta
1652 965 1950 1026 «Iohannis
2010 964 2041 1022 I

672 1078 910 1138 comitis
951 1076 1114 1136 Holl.
1159 1077 1305 1151 456,
1351 1077 1464 1135 Int.
1508 1075 1712 1135 XXII.

596 1220 670 1231 —
715 1205 882 1247 soror
927 1187 968 1246 J
971 1186 1224 1246 ohannis
1254 1185 1329 1244 de
1356 1185 1703 1262 Beusicom,
1734 1203 1890 1245 uxor
1920 1183 2046 1263 Gy-

678 1297 929 1357 selberti
971 1296 1045 1356 de
1089 1296 1236 1358 Oats
1278 1296 1416 1354 608.

598 1440 672 1451 —
718 1426 876 1467 uxor
916 1406 1215 1466 Florentii
1257 1405 1331 1464 de
1377 1404 1654 1464 Barsalia
1699 1404 1871 1463 1125.

598 1551 673 1562 —
734 1536 889 1577 uxor
946 1517 987 1576 J
989 1516 1242 1576 ohannis
1299 1515 1452 1575 dom.
1511 1515 1585 1574 de
1627 1514 2048 1592 Oruininghen

683 1628 868 1702 1126,
916 1628 1099 1702 1328,
1145 1626 1266 1685 Int.
1308 1626 1438 1685 XL.

600 1770 675 1781 —
721 1754 876 1795 uxor
920 1735 1276 1795 Theoderici
1319 1734 1394 1794 de
1435 1735 1774 1794 Zuuchvelt
1821 1734 1994 1792 1129.

602 1881 676 1890 -
721 1846 960 1906 domina
999 1846 1073 1905 de
1115 1846 1318 1905 Monte
1365 1847 1537 1904 1167.

604 1990 678 1999 -
721 1975 878 2016 uxor
934 1955 1306 2016 Ghiselberti
1361 1955 1436 2014 de
1478 1955 1829 2015 Lonresloet
1874 1954 2048 2013 1182.

605 2099 678 2109 -
721 2066 933 2143 regina
973 2065 1328 2143 Hungariae
1374 2066 1548 2124 1238.

604 2207 680 2218 —
725 2176 797 2234 de
838 2176 1269 2253 Broechuysen
1309 2174 1625 2235 domicella
1658 2175 1842 2249 1435,
1876 2174 2049 2233 1479.

606 2317 679 2327 -
724 2284 797 2342 (18
837 2284 1109 2361 Hoerne,
1138 2303 1295 2344 uxor
1325 2284 1623 2343 «Iohannis
1651 2283 1725 2341 de
1757 2281 2049 2342 HokeIem

688 2394 859 2452 1489.

608 2538 682 2547 —
726 2504 800 2562 de
841 2503 1133 2565 Gandavo
1176 2503 1492 2563 domicella
1537 2504 1710 2562 1531.

607 2646 680 2656 —
725 2619 869 2672 nata
910 2612 1158 2672 Henrici
1202 2613 1350 2673 dicti
1396 2611 1590 2672 Golke
1636 2612 1809 2670 1610.

615 2756 687 2765 —
733 2724 805 2782 de
849 2722 1090 2781 Striena
1131 2741 1288 2782 uxor
1330 2722 1701 2781 Wormboldi
1743 2720 1817 2780 de
1860 2720 2055 2780 Vinea

689 2833 1004 2893 domicella
1049 2834 1222 2891 1692.

607 2976 683 2988 -
728 2943 801 3002 de
844 2942 1226 3002 Cotherwold
1273 2943 1443 3000 1693.

611 3084 684 3095 -
728 3070 885 3111 uxor
929 3052 1226 3111 «Iohannis
1268 3052 1342 3110 de
1383 3052 1604 3111 Brakel
1637 3050 1845 3111 domic.
1876 3052 2052 3110 2036.

610 3193 684 3204 -
714 3161 930 3220 relicta
947 3162 1305 3221 Theoderici
1321 3163 1558 3221 comitis
1572 3161 1647 3220 de
1660 3163 1858 3221 Morse
1875 3163 2051 3220 2071.

609 3302 682 3312 -
729 3289 885 3330 uxor
928 3270 1172 3331 Ottonis
1221 3272 1445 3331 domini
1490 3272 1563 3330 de
1602 3272 1793 3330 Arkel
1837 3272 2014 3331 2106.

608 3412 682 3423 -
743 3380 877 3438 Van
933 3380 1040 3439 der
1093 3380 1267 3439 Made
1312 3400 1465 3440 uxor
1509 3381 1783 3459 Philippi
1825 3381 1900 3440 de
1941 3380 2056 3440 Po-

694 3489 872 3549 lanen
915 3491 1092 3549 2135.

609 3633 685 3646 -
728 3601 803 3659 de
844 3601 1185 3661 Brunsvica
1226 3620 1383 3661 uxor
1424 3602 1732 3660 Wilhelmi
1763 3602 2059 3661 Romano·

688 3728 822 3769 rum
864 3711 1030 3788 regis
1074 3711 1196 3769 Int.
1240 3711 1408 3770 XIX.

608 3818 925 3879 Emilius
967 3820 1094 3879 dec.
1141 3820 1303 3896 Traj.
1350 3821 1485 3878 326.

614 3960 686 3970 —
732 3928 930 3987 dictus
975 3927 1208 3988 Swarte
1243 3935 1442 3989 rector
1470 3931 1527 3989 b.
1560 3930 1787 3989 Mariae
1814 3930 2059 4007 Civilis,

691 4037 908 4097 deinde
950 4057 1081 4098 can.
1127 4038 1187 4098 8.
1231 4040 1400 4098 Petri
1444 4040 1609 4116 Traj.
1658 4042 1830 4100 1351.

614 4179 689 4190 —
753 4148 827 4206 de
866 4148 1078 4207 Wolde
1120 4166 1251 4207 can.
1291 4149 1349 4207 b.
1393 4149 1621 4208 Mariae
1666 4149 1832 4225 Traj.
1879 4149 2060 4227 1905,

695 4257 880 4332 2025,
924 4258 1102 4315 2216.

612 4399 687 4410 -
734 4365 810 4424 de
851 4367 1115 4445 Mynden
1156 4368 1351 4444 presb.
1398 4368 1585 4443 2268,
1628 4368 1749 4426 Int.
1796 4367 1925 4426 XL.

612 4475 783 4536 Emo
826 4494 1030 4554 praep.
1073 4476 1306 4535 Floridi
1350 4476 1530 4536 Horti
1579 4478 1914 4536 106-108.

611 4584 663 4642 Ε
675 4603 716 4643 11
729 4604 770 4662 g
784 4585 847 4644 el
860 4587 899 4644 b
909 4604 942 4644 8
952 4604 984 4644 1·
994 4591 1017 4644 t
1029 4605 1070 4644 u
1083 4604 1111 4643 s
1144 4586 1519 4663 (Engbertus
1534 4628 1550 4662 ,
1581 4586 2033 4664 Enghelbertus
2045 4630 2062 4664 ,

690 4693 1116 4772 Engilbertus,
1187 4695 1622 4771 Enkelbertus)
1692 4697 1960 4775 archiep.
2030 4696 2064 4754 I

688 4802 896 4863 Colon.
956 4805 1060 4880 72,
1119 4805 1227 4881 91,
1271 4805 1376 4880 93,
1423 4806 1529 4880 97,
1574 4806 1679 4882 98,
1727 4807 1870 4883 100,
1919 4808 2062 4883 101,

694 4912 834 4987 1033
890 4914 1157 4992 archiep.
1220 4914 1287 4973 II
1331 4915 1679 4990 289-291,
1723 4915 1869 4992 294,
1914 4916 2061 4993 297,

691 5024 836 5098 313,
900 5025 1045 5100 322,
1110 5025 1254 5099 324,
1318 5025 1465 5100 329,
1529 5025 1675 5100 376,
1737 5025 1880 5101 389,
1939 5026 2058 5085 Int.

688 5129 901 5207 LXII,
944 5131 1140 5208 LXV,
1184 5132 1449 5192 LXVII.

610 5271 683 5282 —
728 5257 822 5318 ep.
867 5240 900 5298 I
942 5239 1431 5320 osnaburgensis
1477 5245 1622 5319 1163
1672 5244 1819 5320 1903
1863 5262 1955 5322 ep.
1995 5245 2063 5303 II

689 5350 827 5409 507.

722 5695 768 5757 1)
808 5694 950 5743 [dem
965 5695 991 5744 ‘l

3541 525 3676 588 383

2222 744 2726 823 Engelbertus
2786 764 2916 806 can.
2983 744 3042 804 8.
3109 743 3248 804 Joh.
3312 748 3375 803 et
3431 743 3557 803 dec.
3614 744 3674 802 b.

2303 855 2537 916 Mariae
2580 855 2743 932 Traj.
2790 856 2932 931 170,
2982 855 3113 914 182.

2232 1000 2304 1010 -
2351 965 2551 1027 dictus
2592 965 2667 1024 de
2706 966 2762 1024 A
2807 966 2943 1024 346.

2233 1109 2306 1120 -
2352 1076 2426 1134 de
2465 1074 2765 1135 Hornerio
2808 1092 3012 1152 praep.
3059 1072 3118 1133 8.
3149 1072 3310 1132 Salv.
3342 1073 3506 1149 Traj.
3537 1073 3676 1131 461.

2235 1220 2306 1230 -
2352 1204 2549 1245 8011188
2592 1184 2666 1244 de
2705 1184 2917 1245 Marka
2959 1185 3096 1243 671.

2235 1329 2306 1339 -
2353 1294 2427 1355 de
2468 1294 2715 1355 Marcha
2755 1312 2887 1354 can.
2932 1293 3096 1370 Traj.
3140 1294 3276 1352 866.

2235 1439 2308 1449 -
2354 1424 2447 1483 ep.
2477 1404 2690 1481 Leod.,
2721 1403 2934 1463 deinde
2961 1403 3226 1480 archiep.
3258 1402 3465 1464 Colon.
3495 1402 3678 1477 1252,

2278 1498 2497 1591 1485,
2547 1516 2729 1590 1778,
2778 1515 2959 1589 1834,
3012 1514 3183 1572 1835.

2233 1657 2306 1669 —
2351 1624 2552 1684 dictus
2595 1624 2742 1683 Elze
2786 1623 2885 1700 (de
2927 1622 3099 1698 Elze)
3141 1626 3339 1681 rector
3374 1640 3500 1699 par.
3530 1622 3676 1681 eccl.

2312 1735 2385 1793 de
2444 1733 2742 1810 Hierden,
2806 1733 3022 1793 deinde
3084 1751 3211 1792 can.
3269 1731 3680 1790 Embricensis

2317 1845 2498 1920 1277,
2546 1845 2728 1920 1579,
2775 1845 2946 1903 1580.

2235 1987 2307 1999 -
2367 1954 2696 2014 Scubekini
2751 1955 2826 2013 de
2881 1954 3151 2013 Arnhem
3192 1952 3365 2029 cler.,
3407 1949 3684 2010 notarius

2317 2065 2493 2124 1542.

2240 2209 2313 2221 —
2358 2173 2433 2233 de
2477 2173 2898 2233 Thisenhusen
2946 2174 3119 2231 1689.

2239 2317 2313 2328 -
2358 2284 2433 2343 de
2475 2284 2678 2361 Angia
2723 2284 2903 2358 1787,
2952 2282 3364 2341 1819-1821,

2238 2428 2311 2438 -
2355 2394 2529 2454 Β8118
2585 2393 2659 2453 de
2714 2393 2998 2452 Embrica
3047 2392 3165 2452 vic.
3211 2390 3270 2450 8.
3314 2390 3682 2453 catharinae

2311 2503 2720 2564 Embricensis
2763 2504 2939 2562 2072.

2233 2615 2762 2693 Ermengardis
2817 2633 2974 2673 uxor
3030 2612 3311 2672 Reinaldi
3367 2613 3392 2670 1
3443 2610 3684 2670 comitis

2318 2724 2559 2785 Gelriae
2601 2727 2737 2784 409.

2235 2835 2597 2894 Ernestus
2640 2834 2714 2893 de
2756 2833 2951 2894 Esche
2992 2850 3123 2893 can.
3167 2832 3317 2891 Dav.
3367 2831 3541 2890 1612.

2234 2945 2613 3004 Ertmarus
2681 2944 2757 3004 de
2828 2943 3164 3021 Suntheym
3227 2939 3376 3001 civis
3440 2941 3688 2999 Tremo-

2314 3054 2539 3115 niensis
2581 3056 2716 3113 372.

2234 3164 2503 3224 Esicns
2547 3164 2804 3224 Scibada
2847 3169 3046 3223 rector
3074 3164 3138 3222 in
3167 3162 3484 3222 Froneken
3513 3161 3689 3236 (Fra-

2316 3274 2571 3351 nekerP)
2617 3275 2804 3350 1106,
2853 3275 2966 3332 [nt.
3011 3274 3113 3332 lX.

2239 3383 2757 3463 Etpeisselina
2798 3402 2955 3443 uxor
2985 3382 3285 3442 Gherardi
3314 3381 3462 3441 dicti
3491 3380 3694 3440 Vrent

2325 3495 2502 3554 1845.

2192 3640 2197 3645 -
2245 3603 2345 3663 Ev
2361 3604 2719 3663 erhardus
2776 3602 3172 3679 (Everardus)
3214 3602 3479 3680 archiep.
3525 3601 3694 3661 Salz·

2322 3713 2643 3790 burgensis
2690 3713 2822 3772 125.

2243 3856 2316 3865 -
2366 3842 2570 3901 praep.
2616 3823 2878 3882 Tilensis
2927 3822 3068 3898 159,
3112 3821 3300 3896 (159).

2247 3966 2321 3975 -
2367 3950 2461 4009 ep.
2502 3932 2994 3992 Monasteriensis
3039 3933 3174 3990 383.

2246 4075 2317 4085 —
2364 4042 2438 4099 de
2480 4041 2654 4099 Diest
2683 4060 2888 4119 praep.
2917 4041 3102 4117 Dav„
3138 4044 3348 4117 postea
3376 4057 3470 4117 ep.
3500 4040 3692 4099 Leod.

2325 4151 2471 4227 219,
2515 4153 2660 4228 332,
2707 4152 2820 4210 Int.
2863 4152 3085 4209 XXXI.

2247 4295 2321 4304 -
2367 4279 2498 4320 can.
2542 4260 3028 4338 osnaburgensis
3072 4261 3209 4318 231.

2249 4404 2317 4413 —
2366 4370 2626 4430 Sculteti
2671 4373 2806 4430 366.

2245 4513 2318 4522 —
2363 4480 2437 4539 de
2482 4480 2921 4540 Stoutenberch
2963 4481 3099 4539 346.

2245 4623 2317 4632 -
2363 4591 2437 4648 de
2477 4590 2831 4665 Embrica1)
2875 4607 3003 4648 can.
3049 4589 3201 4647 Dav.
3248 4590 3394 4664 772,
3440 4588 3575 4646 983.

2248 4732 2319 4742 -
2365 4697 2438 4757 de
2479 4699 2784 4758 Averlake
2826 4699 2962 4756 944.

2248 4841 2318 4851 -
2365 4808 2440 4868 de
2495 4809 2684 4868 Fossa
2740 4809 2814 4867 de
2858 4808 3141 4868 Embrica
3171 4808 3213 4883 ¹)
3254 4826 3384 4867 can.
3427 4807 3578 4865 Dav.
3625 4811 3690 4864 et

2323 4918 2732 4979 Embricensis
2774 4919 2917 4994 983,
2967 4919 3148 4994 1033,
3197 4919 3369 4977 1379.

2247 5061 2318 5071 -
2367 5028 2725 5088 Theoderici
2768 5047 2898 5088 can.
2943 5028 3107 5105 Traj.
3155 5029 3337 5105 1226,
3386 5029 3558 5087 1236.

2246 5170 2319 5181 —
2362 5138 2618 5198 Arnoldi
2674 5139 2997 5198 canonicus
3051 5138 3109 5196 8.
3156 5137 3215 5197 8.
3257 5138 3686 5216 Apostolorum

2325 5247 2530 5307 Colon.
2561 5253 2623 5307 et
2652 5249 2897 5325 Majoris
2928 5248 3122 5325 Traj.,
3155 5254 3353 5308 rector
3384 5247 3530 5307 eccl.
3561 5265 3692 5324 par.

2326 5357 2390 5414 in
2432 5354 2794 5416 Oudewater
2841 5359 3023 5432 1231,
3071 5359 3242 5416 1360.

3374 5810 3450 5866 55
