4450 6684
1878 544 2262 609 Appnnmx.
3471 553 3600 614 325

756 763 988 829 Eidem
1037 763 1261 829 dilatio
1313 770 1387 828 ut
1434 785 1661 850 supra,
1712 765 1817 829 die
1867 765 2039 829 XIII
2086 766 2329 829 mensis
2376 765 2660 852 Augusti
2714 789 2885 832 anno
2935 767 3207 834 decimo.

760 870 929 936 Item
965 870 1233 953 dilacio,
1268 870 1374 936 die
1409 872 1638 936 ultima
1672 871 1973 936 Octobris
2007 892 2179 935 anno
2212 872 2301 936 X.
2339 909 2419 919 —
2460 886 2656 937 Ibidem
2689 889 2819 936 rom.
2843 887 2965 947 575,
2991 889 3050 951 f.
3075 887 3184 947 542
3209 888 3271 951 f.
3293 886 3404 952 cce,
3429 889 3488 952 f.
3514 888 3617 940 75».

1684 1096 1861 1164 1399
1881 1143 1897 1176 ,
1946 1093 2304 1158 Decembris
2350 1097 2457 1158 23.

759 1247 1156 1313 Conceditur
1202 1245 1413 1312 eidem
1463 1246 1811 1312 Frederico
1862 1248 2095 1312 dilacio
2144 1254 2218 1312 ut
2266 1269 2481 1334 supra.
2541 1247 2692 1312 Dat.
2741 1249 2985 1314 XXIII
3033 1251 3273 1314 mensis
3323 1250 3597 1315 Decem-

532 1356 665 1420 bris
714 1376 886 1421 anno
935 1354 1305 1420 undecimO.
1359 1394 1439 1403 —
1492 1371 1689 1419 Ibidem
1737 1373 1867 1420 Tom.
1903 1369 2027 1433 575,
2057 1372 2114 1435 f.
2151 1369 2261 1421 95⁹.

1746 1580 1960 1660 1400,
2008 1577 2246 1641 Marta·
2290 1579 2400 1640 13.

755 1729 939 1796 Idem
989 1730 1182 1796 solvit
1230 1753 1344 1818 per
1391 1751 1620 1795 manus
1669 1729 1914 1794 domini
1962 1729 2192 1795 Alardi
2242 1729 2323 1795 de
2370 1729 2750 1795 Molendino
2799 1732 3113 1817 prepositi
3157 1732 3348 1797 beate
3394 1733 3598 1798 Mai-ie

529 1839 973 1925 Trajectensis
1020 1846 1128 1904 etc.
1179 1839 1582 1923 Prorogatur
1629 1837 1944 1902 terminus
1992 1844 2102 1902 ele.
2152 1837 2304 1901 Dat.
2337 1843 2411 1900 ut
2444 1858 2667 1923 supra,
2718 1837 2823 1902 die
2858 1838 3030 1903 XIII
3063 1841 3303 1904 mensis
3337 1839 3594 1922 Marcii,

530 1946 951 2032 pontificatus
999 1968 1169 2011 anno
1220 1945 1586 2011 undecim0.
1641 1983 1722 1993 —-
1776 1960 1971 2008 Ibidem
2025 1962 2154 2008 Tom.
2189 1956 2317 2017 573,
2341 1959 2402 2022 f.
2436 1957 2574 2008 1062

1766 2251 1983 2256 -—.-.
2026 2250 2350 2257 -———-—

532 2474 811 2542 XVIII.
1848 2470 1861 2480 “
1966 2476 2161 2538 1406.

851 2628 1225 2693 Fredericus
1272 2629 1378 2710 (de
1424 2628 1917 2714 Blanltenheim)
1963 2631 2286 2714 episcopus
2342 2628 2520 2711 Traj.
2586 2628 2669 2690 W
2667 2628 2921 2693 ilhelmo
2960 2629 3207 2694 domino
3252 2629 3326 2693 de
3357 2630 3597 2696 Brouc-

761 2736 936 2800 horst
1005 2738 1091 2800 ad
1156 2759 1393 2801 annum
1463 2739 1735 2803 concedit
1806 2740 2117 2803 licentiam
2189 2738 2459 2802 habendi
2524 2739 2732 2802 altare
2782 2739 3126 2823 portatile,
3186 2740 3596 2826 privilegium

760 2847 1178 2908 immunitatis
1226 2845 1303 2909 ab
1348 2846 1716 2929 interdicto,
1769 2848 1986 2911 literas
2033 2845 2534 2928 confessionales.

762 3029 1148 3095 Fredericus
1217 3029 1343 3095 Dei
1413 3031 1624 3115 gratia
1692 3032 2033 3117 episcopus
2098 3030 2538 3115 Trajectensis
2603 3030 2842 3094 dilecto
2905 3029 2974 3094 in
3023 3030 3282 3096 Christo
3334 3029 3597 3095 domino

538 3137 894 3202 Wilhelmo
944 3136 1206 3202 domino
1257 3136 1336 3201 de
1378 3137 1778 3201 Bronchorst
1811 3144 2031 3202 nostre
2068 3137 2343 3202 diocesis
2377 3137 2654 3202 salutem
2687 3136 2754 3201 in
2795 3135 3076 3202 Domino
3112 3137 3597 3222 sempiternam.

761 3244 855 3308 Ut
900 3244 969 3308 in
1019 3264 1409 3330 quocunque
1456 3244 1599 3309 loco
1650 3249 1870 3308 nostre
1919 3244 2232 3327 diocesis,
2282 3243 2347 3307 in
2399 3264 2528 3329 quo
2576 3244 2919 3326 veneritis,
2970 3250 3038 3308 et
3083 3244 3151 3308 in
3197 3242 3390 3309 domo
3421 3244 3605 3309 habi-

540 3351 814 3415 tacionis
862 3355 1077 3415 vestre
1124 3351 1267 3414 loco
1316 3350 1574 3415 decenti
1624 3356 1692 3414 et
1741 3356 1970 3414 ornato
2021 3372 2094 3415 ac
2145 3370 2430 3436 congrue
2479 3349 2788 3436 adaptato
2831 3370 3027 3437 super
3064 3349 3349 3436 lapidem
3390 3356 3613 3436 porta-

544 3459 723 3525 tilem
774 3464 1222 3524 consecratum
1273 3458 1495 3523 divina
1524 3457 1870 3522 Missarum
1916 3457 2126 3522 officia
2157 3478 2276 3545 per
2307 3477 2783 3543 quemcumque
2817 3457 3266 3543 presbyterum
3302 3456 3611 3521 idoneum

540 3565 755 3631 facere
804 3564 1115 3630 celebrari
1165 3565 1429 3651 possitis
1477 3570 1546 3630 et
1594 3586 1671 3629 ea
1719 3585 1867 3628 cum
1911 3565 2157 3629 familia
2196 3570 2415 3629 vestra
2450 3563 2677 3629 audire
2715 3585 2847 3628 una
2879 3585 3025 3628 cum
3060 3563 3283 3628 decem
3318 3564 3612 3649 personis

543 3694 660 3759 per
692 3693 807 3736 vos
841 3671 1189 3756 eligendis,
1226 3671 1591 3737 interdictis
1624 3677 1692 3737 et
1725 3672 2307 3736 excommunicatis
2342 3671 2657 3753 exclusis,
2695 3672 2851 3756 jure
2886 3670 3305 3757 parrochialis
3340 3671 3614 3734 ecclesie

545 3779 671 3844 loci
717 3778 1093 3864 hujusmodi
1142 3779 1210 3843 in
1260 3779 1560 3842 omnibus
1608 3799 1865 3863 semper
1912 3779 2123 3859 salvo,
2158 3777 2356 3841 etiam
2390 3783 2464 3841 ut
2497 3797 2629 3841 non
2665 3776 2968 3841 obstante
3002 3774 3350 3839 interdicto
3387 3780 3608 3839 nostro

542 3892 658 3950 aut
705 3891 1099 3951 statutorum
1150 3885 1646 3972 provincialium
1694 3887 1799 3950 vel
1847 3884 2260 3970 synodalium
2309 3905 2425 3948 seu
2468 3884 2743 3969 alicujus
2777 3888 3000 3946 nostra
3030 3881 3354 3945 inferioris
3389 3887 3611 3946 aucto·

546 3994 740 4059 ritate
801 3994 936 4058 lato
1000 3994 1105 4058 vel
1169 3993 1439 4058 ferendo
1503 4014 1634 4057 una
1682 4014 1828 4058 cum
1879 3997 2160 4078 quatuor
2207 3992 2502 4077 personis
2549 3991 2618 4055 in
2667 3990 2857 4054 dictis
2904 3990 3063 4054 locis
3111 4010 3228 4053 seu
3277 3989 3568 4053 ecclesiis
3600 4038 3617 4072 ,

542 4122 672 4187 quo
732 4083 1078 4183 veneritis,
1128 4100 1365 4165 divinis
1412 4100 1756 4165 Missarum
1809 4098 2072 4181 officiis,
2114 4098 2339 4184 januis
2389 4097 2656 4180 clausis,
2705 4097 3024 4161 interesse
3070 4095 3381 4178 valeatis,
3432 4095 3616 4159 dum·

542 4207 737 4274 modo
800 4230 914 4273 vos
978 4215 1093 4273 aut
1156 4208 1266 4273 ille
1332 4207 1457 4272 alie
1517 4228 1796 4294 persone
1845 4205 2218 4291 hujusmodi
2272 4206 2676 4270 occasionem
2726 4205 2901 4268 illius
2951 4225 3084 4269 non
3132 4202 3445 4268 dederitis
3495 4209 3613 4268 aut

543 4314 883 4398 dederint,
950 4336 1207 4379 necnon
1258 4320 1333 4378 ut
1379 4336 1494 4379 vos
1544 4321 1610 4380 et
1659 4314 1855 4378 etiam
1905 4334 2183 4399 persone
2234 4333 2350 4399 per
2397 4334 2511 4377 vos
2562 4310 2861 4396 eligende
2912 4330 3387 4397 quemcumque
3436 4331 3614 4396 pres·

542 4421 845 4506 byterum
907 4421 1237 4507 ydoneum
1300 4422 1368 4484 in
1432 4421 1870 4487 confessorem
1918 4427 2207 4484 vestrum
2260 4419 2502 4503 eligere
2550 4418 2849 4503 possitis,
2913 4418 3025 4504 qui
3073 4439 3189 4482 vos
3238 4439 3276 4481 a
3322 4418 3612 4503 peccatis

543 4528 777 4594 vestris
840 4529 1177 4610 omnibus,
1243 4550 1370 4615 que
1429 4529 1549 4593 sibi
1601 4528 2110 4608 confitebimini,
2177 4528 2246 4591 in
2295 4526 2551 4590 casibus
2601 4526 2800 4590 etiam
2849 4526 3120 4590 occultis
3170 4531 3390 4590 nostre
3440 4524 3611 4589 ordi·

545 4635 726 4698 narie
773 4635 1086 4720 potestati
1133 4634 1215 4699 de
1254 4636 1436 4718 jure,
1481 4639 1759 4716 statuto,
1793 4633 2135 4719 privilegio
2169 4636 2285 4696 aut
2318 4630 2795 4696 consuetudine
2829 4631 3198 4717 specialiter
3229 4632 3607 4713 reservatis,

545 4739 842 4824 injuncta
906 4739 1091 4804 vobis
1140 4745 1208 4804 et
1255 4739 1413 4826 ipsis
1460 4761 1575 4825 pro
1625 4738 1817 4804 modo
1866 4740 2056 4825 culpe
2102 4738 2470 4825 penitentia
2517 4737 2825 4821 salutari,
2881 4737 3219 4803 absolvere
3269 4743 3336 4802 et
3385 4737 3610 4802 Sacra-

544 4850 841 4909 mentum
910 4844 1401 4929 Eucharistiae,
1475 4847 1778 4932 quotiens
1851 4846 2072 4910 divina
2141 4845 2533 4932 disponente
2604 4845 2815 4930 gratia
2884 4843 3079 4909 fuerit
3138 4850 3611 4930 opportunum,

541 4951 911 5017 ministrare
980 4953 1231 5035 valeat,
1306 4953 1491 5018 vobis
1562 4954 1717 5040 ipsis
1790 4959 1858 5018 et
1927 4952 2329 5039 presbyteris
2393 4958 2620 5018 tenore
2683 4952 3095 5038 presencium
3159 4950 3612 5036 indulgemus3

544 5061 960 5146 presentibus
1031 5067 1182 5148 post
1245 5083 1487 5126 annum
1535 5062 1802 5126 minime
1851 5062 2165 5126 valituris.
2261 5061 2415 5126 Dat.
2464 5081 2638 5126 anno
2687 5060 2955 5125 Domini
3001 5059 3345 5124 millesimo
3396 5057 3612 5123 CCCC

539 5172 731 5233 sexto
779 5175 889 5233 etc.

963 5305 1323 5369 Apoqraphum
1358 5320 1582 5353 coaevum
1620 5304 1670 5352 in
1708 5304 1916 5354 archivo
1942 5320 2087 5368 prov.
2135 5304 2330 5369 Ultraj.
2372 5305 2603 5354 chartul.
2641 5304 2711 5355 B.
2745 5304 2815 5353 A.
2849 5303 2939 5366 82,
2967 5304 3024 5367 f.
3060 5300 3199 5351 128¹·-
