4450 6684
816 393 947 458 262
2066 398 2470 465 Guneonms
2515 399 2639 465 XI.

811 612 1014 681 2202.
1751 617 1960 700 1374,
2018 617 2368 682 Decembris
2415 621 2532 701 24,
2580 619 2943 684 AvenioniS.

1130 770 1611 853 Confirmantur
1683 771 1902 834 literae
1973 771 2192 836 Caroli
2260 773 2663 856 imperatoris
2725 770 2844 835 IV
2897 771 3028 836 dd.
3095 776 3183 837 26
3245 772 3441 838 Junii
3499 795 3606 838 an.
3669 776 3882 857 1364,

1034 877 1259 963 quibus
1305 879 1606 961 episcopis
1661 876 1842 956 Trai.
1893 877 2270 959 conceditur,
2316 878 2482 963 quod
2529 887 2834 942 monetam
2872 900 3135 943 auream
3173 888 3232 944 et
3273 889 3632 965 arqenteam
3676 882 3892 960 facere

1033 1006 1141 1048 seu
1199 984 1423 1049 cudere
1482 985 1772 1069 aliasque
1832 992 2108 1049 monetas
2158 988 2565 1070 principum,
2627 989 2955 1067 comitum,
3013 986 3347 1069 nobilium,
3401 990 3880 1051 universitatum

1034 1092 1214 1175 infra
1264 1093 1489 1156 limites
1534 1090 1939 1155 districtuum
1973 1094 2255 1177 episcopo
2298 1091 2474 1171 Traj.
2511 1093 2870 1175 specialiter
2900 1092 3317 1171 subjectorum
3353 1101 3577 1159 taxare
3607 1096 3879 1159 valeant.

1031 1276 1137 1342 Ad
1186 1281 1572 1362 perpetuam
1620 1276 1713 1340 rei
1763 1276 2166 1341 memoriam.

1030 1384 1214 1465 Hiis,
1264 1403 1392 1469 que
1441 1403 1558 1467 pro
1606 1382 2027 1447 ecclesiarum
2060 1389 2127 1447 et
2161 1384 2751 1449 ecclesiasticarum
2783 1379 3206 1470 personarum
3245 1385 3580 1452 utililitate
3614 1386 3881 1473 provide

804 1492 979 1556 facta
1041 1496 1229 1569 sunt,
1292 1495 1369 1553 ut
1413 1488 1669 1554 illibata
1715 1489 2112 1572 consistant,
2168 1491 2457 1555 libenter
2503 1490 2820 1556 adicimus
2867 1492 3208 1578 apostolici
3257 1493 3638 1557 muniminis
3684 1493 3881 1556 firmi-

807 1605 1030 1662 tatem.
1125 1596 1299 1661 Sane
1361 1596 1602 1682 peticio
1665 1617 1782 1682 pro
1847 1603 2032 1683 parte
2092 1598 2485 1662 venerabilis
2533 1598 2749 1662 fratris
2797 1599 3001 1662 nostri
3053 1598 3331 1663 Arnoldi
3381 1600 3672 1685 episcopi
3718 1600 3876 1665 Tra-

798 1704 1117 1790 jectensis
1165 1704 1354 1767 nobis
1401 1724 1609 1789 nuper
1657 1704 1955 1768 exhibita
2001 1705 2414 1786 continebat,
2465 1705 2639 1790 quod
2688 1706 2842 1769 olim
2891 1707 3260 1769 carissimus
3308 1707 3377 1770 in
3411 1706 3673 1771 Christo
3706 1706 3878 1770 filius

808 1816 1032 1875 noster
1079 1809 1348 1873 Carolus
1395 1809 1845 1873 Romanorum
1891 1810 2248 1896 imperator
2286 1830 2544 1896 semper
2580 1819 2898 1896 augustus
2939 1814 3244 1899 episcopo
3278 1812 3715 1896 Trajectensi,
3772 1812 3879 1898 qui

808 1926 966 1983 tunc
1029 1924 1205 1998 erat,
1270 1923 1339 1980 et
1399 1916 1882 1980 successoribus
1946 1917 2078 1979 suis
2144 1937 2230 1980 ex
2292 1916 2646 2003 imperialis
2709 1920 3057 2003 potestatis
3107 1918 3522 2004 plenitudine
3571 1940 3656 1982 ex
3705 1925 3881 1983 certa

808 2026 1085 2090 scientia
1142 2025 1626 2110 imperpetuum
1685 2023 2008 2086 concessit
2057 2029 2125 2087 et
2172 2022 2378 2087 eciam
2425 2023 2736 2106 indulsit,
2783 2024 2957 2111 quod
3007 2026 3351 2110 episcopus
3399 2025 3876 2108 Trajectensis,

807 2133 918 2220 qui
967 2139 1140 2197 esset
1187 2152 1303 2217 pro
1355 2139 1677 2215 tempore,
1727 2150 1991 2194 auream
2025 2151 2141 2194 seu
2174 2137 2555 2214 argenteam
2589 2137 2920 2195 monetam
2953 2132 3168 2196 facere
3201 2153 3318 2196 seu
3352 2131 3592 2196 cudere
3627 2131 3876 2196 valeret

809 2240 1058 2326 equalis
1120 2239 1356 2303 valoris
1421 2245 1684 2300 monete
1748 2237 2196 2301 Romanorum
2261 2239 2730 2322 imperatorum
2792 2238 2997 2323 ipsius
3062 2238 3278 2302 Caroli
3341 2237 3874 2323 predecessorum

805 2347 1052 2431 absque
1116 2346 1547 2430 requisicione
1608 2365 1724 2408 seu
1772 2363 2093 2407 consensu
2140 2345 2539 2430 prelatorum
2591 2351 2660 2410 et
2706 2346 2862 2409 cleri
2911 2346 3334 2410 ecclesiarum
3383 2347 3668 2409 civitatis
3716 2345 3873 2409 Tra-

798 2453 1145 2539 jectensis,
1191 2451 1583 2516 vasallorum
1633 2452 1737 2515 vel
1786 2471 2343 2536 quorumcumque
2393 2452 2699 2533 aliorum,
2747 2453 2917 2515 infra
2949 2451 3285 2516 districtus
3322 2459 3640 2516 terrarum
3673 2453 3877 2537 ipsius

808 2560 1094 2646 episcopi
1142 2561 1720 2640 commorancium,
1768 2559 1837 2621 in
1886 2557 2117 2623 eadem
2166 2559 2433 2622 civitate
2482 2558 2890 2642 Trajectensi
2939 2559 3042 2622 vel
3091 2559 3159 2622 iu
3207 2559 3334 2622 alio
3380 2559 3522 2622 loco
3559 2565 3878 2623 terrarum

810 2688 1106 2748 suarum,
1164 2673 1239 2730 ut
1288 2666 1409 2729 sibi
1460 2665 1690 2730 melius
1739 2664 2073 2729 videretur
2121 2664 2472 2751 expedire3
2521 2665 2824 2751 quodque
2874 2666 3035 2729 alias
3086 2686 3310 2729 omnes
3359 2673 3656 2729 monetas
3705 2665 3880 2750 prin-

806 2773 1050 2859 cipum,
1104 2773 1447 2853 comitum,
1496 2772 1842 2852 nobilium,
1895 2771 2399 2835 universitatum
2448 2772 2916 2857 quorumlibet,
2964 2773 3169 2857 ipsius
3218 2772 3434 2836 Caroli
3482 2777 3551 2838 et
3598 2774 3873 2836 aliorum

803 2880 1272 2965 imperatorum
1321 2884 1389 2942 et
1437 2898 1663 2963 regum
1714 2878 2164 2942 Romanorum
2210 2898 2327 2963 pro
2363 2885 2656 2963 tempore
2691 2878 3126 2942 existencium
3160 2876 3505 2942 dumtaxat
3538 2879 3877 2964 exceptis,

803 2986 1144 3051 moderare
1193 2993 1261 3050 et
1309 2989 1538 3049 taxare
1586 2984 1835 3048 valeret
1882 2983 2243 3048 secundum
2293 2986 2580 3049 valorem
2618 2985 2758 3049 auri
2791 2984 2971 3071 puri,
3022 2984 3197 3071 quod
3230 2991 3380 3070 post
3413 2984 3876 3069 probacionem

808 3115 925 3159 seu
958 3092 1523 3158 examinacionem
1557 3090 1989 3155 sufficientem
2021 3092 2090 3155 in
2122 3091 2275 3176 igne
2309 3091 2548 3156 factam
2582 3099 2954 3157 remaneret
2985 3112 3072 3156 ex
3106 3091 3386 3174 eisdem,
3435 3091 3605 3155 infra
3634 3091 3878 3155 limites

808 3201 1152 3266 dumtaxat
1200 3199 1611 3263 districtuum
1659 3199 1962 3284 episcopo
2011 3199 2417 3283 Trajectensi
2466 3199 2836 3283 specialiter
2883 3198 3362 3281 subjectorum,
3413 3204 3611 3283 prout
3654 3199 3726 3261 in
3772 3198 3877 3262 lit-

807 3309 964 3373 teris
1031 3306 1413 3371 auttenticis
1476 3305 1679 3391 ipsius
1746 3304 1959 3369 Caroli
2026 3305 2440 3391 imperatoris
2495 3305 2707 3390 sigillo
2757 3306 3060 3384 munitis,
3128 3325 3400 3391 quarum
3451 3312 3746 3369 tenorem
3796 3290 3878 3369 de

807 3415 1007 3480 verbo
1057 3413 1138 3478 ad
1187 3413 1459 3477 verbum
1508 3412 1923 3497 presentibus
1971 3413 2171 3478 inseri
2203 3413 2508 3493 fecimus,
2544 3412 2801 3496 plenius
2836 3412 3231 3478 continetur.
3290 3413 3509 3488 Quare
3542 3434 3658 3497 pro
3691 3418 3876 3497 parte

808 3522 966 3586 dicti
1039 3518 1317 3585 Arnoldi
1388 3519 1674 3604 episcopi
1747 3518 1935 3581 nobis
2008 3520 2234 3582 extitit
2295 3519 2632 3583 humiliter
2694 3519 3167 3604 supplicatum,
3236 3525 3309 3582 ut
3355 3519 3760 3583 concessioni
3809 3524 3875 3583 et

804 3629 1059 3692 indulto
1109 3626 1487 3711 hujusmodi
1536 3646 1652 3711 per
1700 3625 1945 3689 dictum
1995 3626 2489 3712 imperatorem,
2542 3634 2615 3690 ut
2661 3627 3018 3711 prefertur,
3067 3626 3255 3690 factis
3298 3627 3497 3689 robur
3537 3627 3875 3691 confirmaÎ‡

804 3737 1009 3801 cionis
1058 3734 1315 3799 adicere
1365 3734 1445 3799 de
1493 3734 1903 3817 benignitate
1954 3734 2312 3818 apostolica
2359 3734 2796 3819 dignaremur.
2865 3734 3001 3796 Nos
3047 3733 3270 3817 igitur,
3318 3732 3694 3816 hujusmodi
3728 3755 3876 3818 sup-

804 3841 1273 3930 plicacionibus
1320 3840 1649 3920 inclinati,
1700 3842 2188 3903 concessionem
2240 3846 2308 3904 et
2350 3839 2681 3903 indultum
2717 3838 3045 3924 predicta,
3097 3859 3229 3903 non
3264 3840 3680 3904 obstantibus
3713 3860 3874 3904 non-

804 3949 1002 4014 nullis
1049 3948 1264 4013 verbis
1309 3949 1379 4010 in
1427 3947 1672 4010 eisdem
1720 3946 1956 4009 litteris
2004 3947 2295 4028 insertis,
2347 3946 2654 4011 videlicet
2702 3947 3121 4010 ecclesiarum
3170 3947 3626 4032 principalium
3659 3967 3874 4011 sacro-

803 4062 1029 4120 sancto
1079 4056 1377 4119 Romano
1426 4054 1701 4139 imperio
1751 4054 2223 4137 subjectarum,
2279 4075 2405 4139 que
2447 4054 2517 4118 in
2548 4055 2785 4118 litteris
2817 4054 2977 4137 ipsis
3010 4054 3207 4117 inseri
3242 4053 3506 4117 minime
3542 4054 3872 4119 debuntur

804 4163 983 4245 (sic),
1033 4168 1174 4225 rata
1222 4169 1288 4224 et
1336 4167 1523 4245 grata
1570 4160 1920 4241 habentes,
1968 4161 2081 4223 illa
2128 4162 2521 4225 auctoritate
2570 4161 2930 4245 apostolica
2975 4181 3060 4222 ex
3109 4166 3288 4223 certa
3333 4160 3608 4224 scientia
3645 4166 3872 4223 tenore

799 4268 1209 4356 presencium
1257 4267 1715 4331 confirmamus
1764 4272 1832 4330 et
1880 4268 2202 4352 presentis
2252 4268 2474 4352 scripti
2519 4267 2881 4353 patrocinio
2918 4267 3417 4329 communimus.
3465 4267 3684 4330 Tenor
3715 4286 3869 4330 vero

802 4374 1125 4440 dictarum
1171 4374 1539 4437 litterarum
1590 4372 1736 4436 talis
1787 4379 1918 4437 est:

1027 4480 1105 4543 In
1154 4479 1415 4542 nomine
1464 4486 1687 4543 sancte
1738 4484 1805 4543 et
1850 4478 2188 4542 individue
2231 4478 2572 4542 Trinitatis
2612 4478 2890 4542 feliciter
2932 4471 3170 4543 Amen,
3241 4478 3527 4543 Karolus
3567 4485 3866 4565 quartus,

808 4586 1030 4650 divina
1074 4587 1335 4650 favente
1384 4587 1740 4650 clemencia
1786 4586 2235 4649 Romanorum
2281 4586 2635 4671 imperator
2677 4607 2933 4672 semper
2964 4593 3282 4670 augustus
3317 4592 3384 4650 et
3415 4586 3686 4650 Boemie
3719 4607 3864 4666 rex,

802 4693 885 4758 ad
932 4698 1317 4779 perpetuam
1368 4693 1462 4755 rei
1510 4693 1909 4755 memoriam.

1024 4798 1265 4862 Divino
1311 4797 1767 4861 retribucionis
1815 4799 2121 4862 meritum
2170 4819 2245 4861 ac
2294 4798 2672 4884 temporalis
2720 4798 3171 4883 prosperitatis
3213 4805 3638 4882 augmentum
3679 4797 3867 4861 nobis

800 4905 1229 4969 infallibiliter
1277 4905 1620 4989 provenire
1668 4925 1801 4967 non
1847 4905 2269 4988 ambigimus,
2318 4903 2472 4968 dum
2509 4905 2963 4990 principalium
3000 4905 3417 4969 ecclesiarum
3451 4910 3862 4969 sacrosancto

803 5013 1104 5078 Romano
1167 5011 1610 5096 subjectarum
1672 5011 1946 5096 imperio
1995 5017 2063 5075 et
2112 5032 2534 5096 personarum
2583 5011 3168 5076 ecclesiasticarum
3215 5011 3531 5074 honorem
3579 5016 3648 5074 et
3693 5030 3867 5074 com-

804 5119 999 5182 moda
1044 5119 1169 5183 rite
1215 5117 1664 5204 pretendimus
1712 5124 1780 5180 et
1825 5117 2276 5181 liberabilibus
2322 5118 2675 5202 imperialis
2724 5117 3192 5182 munificientie
3234 5117 3469 5201 graciis
3507 5116 3862 5200 graciosius

803 5223 1222 5309 adaugemus.
1318 5223 1491 5286 Sane
1556 5221 1638 5286 ad
1702 5222 2007 5286 devotam
2074 5221 2575 5307 supplicacionis
2637 5221 3024 5285 instanciam
3089 5221 3479 5285 venerabilis
3540 5220 3865 5285 Johannis

802 5330 1091 5416 episcopi
1153 5327 1428 5395 ecclesie
1491 5326 1877 5392 Leodiensis
1938 5327 2249 5412 principis
2313 5333 2380 5390 et
2427 5326 2894 5411 consanguinei
2958 5327 3164 5390 nostri
3212 5326 3554 5408 carissimi,
3608 5325 3692 5391 de
3738 5325 3862 5389 hoc

801 5457 921 5522 per
986 5437 1200 5521 ipsum
1268 5434 1604 5499 humiliter
1675 5432 1862 5499 nobis
1931 5433 2205 5515 factam,
2271 5453 2527 5497 necnon
2591 5431 2674 5496 ad
2735 5432 3052 5498 honorem
3107 5433 3233 5498 Dei
3281 5432 3750 5519 omnipotentis
3796 5436 3863 5497 et

801 5541 1176 5607 beatissime
1239 5539 1530 5624 Virginis
1593 5539 1799 5603 Marie
1863 5538 2085 5602 matris
2141 5539 2348 5624 ipsius
2407 5558 2663 5602 necnon
2710 5539 2919 5602 sancti
2966 5537 3232 5603 Martini
3277 5539 3536 5624 patroni
3585 5537 3860 5603 ecclesie

1166 6639 1275 6646 â€”--â€”
1302 6641 1357 6646 â€”-
1396 6641 1411 6645 -
1446 6640 1601 6650 Î“,
1624 6641 1899 6650 ÎœÎ½Î³Î“-Î³ÏÎµ-ÎµÎ³-Î½-
1918 6642 2768 6651 mmmâ€”*Q
2815 6649 2846 6650 j
