4450 6684
789 511 934 559 Lxx
2073 495 2558 561 Itu-nonnemo.

788 713 1109 778 novimus.
1201 711 1357 777 Mox
1431 732 1622 794 vero,
1693 712 1763 777 in
1834 713 2075 778 nostris
2144 712 2378 777 saltem
2447 713 2782 800 partibus,
2851 714 3037 780 Eliae
3102 715 3440 802 praedicto
3505 723 3837 805 tamquam

795 818 1145 898 „collector
1189 815 1557 902 generalis”
1606 818 1919 882 successit
1963 815 2342 882 Bernardus
2390 815 2472 882 de
2520 818 2739 883 Berne
2787 821 3140 885 canonicus
3188 820 3254 886 S.
3298 820 3610 887 Andreae
3649 822 3840 888 Colo·

788 921 1053 987 niensis.
1081 922 1135 1006 1)
1228 920 1336 986 Sic
1398 922 1573 986 enim
1631 920 1816 985 audit
1861 921 1930 986 in
1978 921 2338 1009 diplomate
2387 919 2494 986 die
2543 925 2584 987 8
2629 921 2853 988 Martii
2898 944 3004 989 an.
3062 925 3231 989 1376
3280 926 3566 1010 Trajecti
3616 924 3835 1010 edito,

785 1047 916 1111 quo
982 1031 1298 1108 testatur,
1361 1045 1431 1089 se
1500 1023 1623 1107 ¹,ad
1685 1024 2121 1111 colligendam
2185 1023 2504 1090 decimam
2569 1026 2639 1090 in
2695 1026 2962 1093 civitate
3009 1034 3079 1093 et
3126 1027 3408 1094 dioecesi
3456 1031 3836 1116 Trajecten·

784 1129 1007 1194 sibus”
1072 1129 1471 1194 commisisse
1532 1130 1708 1195 vices
1771 1150 1920 1195 suas
1981 1127 2281 1195 Arnoldo
2329 1127 2411 1193 de
2460 1127 2692 1193 Hoorn
2740 1130 3086 1219 episcope,
3135 1139 3203 1198 et
3251 1153 3379 1219 quo
3435 1132 3835 1214 „secundum

782 1235 1192 1299 taxationem
1254 1233 1546 1299 decimae
1609 1233 1863 1322 papalis
1923 1234 1995 1298 in
2058 1233 2326 1297 civitate
2388 1237 2457 1296 et
2503 1230 2788 1298 dioecesi
2835 1233 3186 1300 antedictis
3232 1236 3314 1300 ab
3363 1237 3635 1322 antiquo
3682 1257 3836 1301 con-

784 1337 1084 1402 suetam'’
1133 1340 1423 1425 quinque
1470 1338 1758 1425 capitula
1803 1337 2256 1423 Trajectensia
2301 1355 2419 1423 pro
2468 1356 2723 1401 summa
2769 1340 2900 1404 200
2948 1340 3342 1404 florenorum
3389 1340 3515 1406 rite
3562 1346 3832 1428 accepta

783 1444 1083 1509 absolvit.
1111 1444 1165 1526 2)

400 1543 759 1623 Οῡῦῡθζηῑῡῑὶθ
1005 1547 1088 1612 D.
1185 1547 1696 1629 Conservatores,
1767 1569 1807 1612 a
1875 1545 2111 1633 quibus
2180 1544 2494 1610 adversus
2561 1547 2834 1633 injurias
2897 1547 3409 1615 defenderentur
3466 1549 3829 1636 supplices,

462 1612 687 1661 offimum.
778 1652 959 1718 hisce
1023 1651 1342 1738 deputare
1406 1650 1611 1717 Sedes
1660 1650 2043 1738 Apostolica
2090 1649 2455 1735 antiquitus
2501 1652 2864 1717 consuevit.
2959 1652 3223 1718 Etenim
3268 1655 3609 1719 Romanus
3656 1654 3831 1718 Pon-

779 1756 944 1822 tifex
992 1777 1333 1843 supremus
1368 1756 1539 1841 juris
1584 1760 1919 1843 protector
1951 1752 2397 1840 debiliumque
2432 1760 2659 1819 contra
2689 1757 2948 1842 iniquos
2988 1777 3401 1842 aggressores
3434 1763 3613 1822 tutor
3643 1778 3828 1844 prae-

778 1862 1072 1927 eminens
1120 1861 1353 1925 merito
1400 1859 1787 1946 appellatur.
1850 1857 2016 1923 Cum
2064 1864 2287 1923 autem
2333 1858 2578 1945 ubique
2625 1864 2944 1925 terrarum
2981 1862 3093 1946 jus
3134 1861 3449 1926 violatum
3482 1862 3654 1926 tueri
3686 1862 3827 1949 ipse

777 1971 1104 2052 nequeat,
1147 1985 1298 2029 suas
1344 1963 1467 2027 hac
1514 1963 1582 2027 in
1630 1984 1700 2028 re
1747 1963 1922 2027 vices
1971 1960 2277 2047 delegare
2325 1963 2494 2027 solet
2531 1962 2866 2048 judicibus
2914 1966 3503 2031 conservatoribus.
3531 1966 3585 2049 ⁸)
3631 1964 3827 2031 Unde

776 2074 1197 2135 conservator
1259 2068 1530 2133 dicitur:
1604 2066 1848 2152 „judex
1909 2065 2101 2131 datus
2164 2065 2247 2131 ad
2312 2065 2798 2133 defendendum
2860 2069 3112 2155 aliquos
3172 2076 3402 2135 contra
3446 2069 3824 2135 manifestas

775 2175 1083 2261 injurias,
1123 2172 1422 2259 judiciali
1469 2171 1781 2257 indagine
1829 2191 1963 2236 non
2012 2170 2358 2253 utens.’'4)

1000 2278 1101 2343 De
1165 2276 1731 2342 conservatoribus
1770 2277 1882 2361 jus
1930 2274 2272 2340 Canonnm
2320 2275 2638 2340 nonnulla
2684 2277 2952 2360 statuit,
3010 2298 3178 2364 quae
3224 2278 3331 2342 hic
3377 2277 3830 2364 praenotanda

773 2383 1100 2448 videntur.
1196 2382 1493 2447 Scilicet:
1564 2401 1624 2444 α.
1686 2385 1763 2443 ut
1832 2379 2093 2443 nonnisi
2163 2400 2202 2443 a
2263 2379 2626 2444 manifestis
2674 2381 2931 2465 injuriis
2979 2388 3048 2447 et
3093 2383 3423 2447 violentiis
3470 2381 3822 2449 defendere

776 2488 1029 2572 possint
1075 2507 1196 2551 nec
1243 2486 1325 2550 ad
1374 2486 1533 2568 alia,
1581 2504 1751 2570 quae
1789 2482 2174 2568 judicialem
2220 2483 2601 2568 indaginem
2650 2486 2958 2571 exigunt,
3011 2508 3194 2551 suam
3243 2486 3604 2553 extendere
3645 2494 3828 2574 pote·

776 2600 1046 2675 statem3
1094 2591 1149 2655 b.
1199 2596 1274 2655 ut
1320 2611 1360 2654 a
1404 2587 1972 2653 conservatoribus
2020 2585 2340 2673 delegatis
2387 2587 2470 2653 ad
2517 2590 2799 2676 primum
2847 2590 3295 2676 delegantem,
3343 2592 3385 2654 i.
3435 2612 3494 2656 e.
3541 2592 3826 2678 Aposto-

772 2698 966 2761 licam
1036 2693 1312 2776 Sedem,
1382 2698 1639 2757 tantum
1710 2691 2025 2779 appellari
2096 2697 2434 2778 oporteat3
2503 2715 2555 2757 c.
2618 2700 2694 2757 ut
2756 2699 3248 2759 conservatores
3302 2694 3642 2781 „deputari
3689 2715 3820 2760 non

773 2802 1029 2888 possint
1090 2799 1212 2862 nisi
1273 2796 1563 2884 episcopi
1623 2795 1729 2862 vel
1790 2816 2015 2860 eorum
2061 2796 2429 2882 superiores
2477 2803 2592 2863 aut
2637 2798 2911 2863 abbates
2959 2820 3075 2863 seu
3123 2799 3480 2884 dignitates
3526 2800 3633 2864 vel
3680 2820 3825 2886 per-

775 2911 1045 2970 sonatus
1104 2905 1173 2967 in
1235 2900 1718 2967 cathedralibus
1763 2900 1871 2965 vel
1917 2899 2279 2984 collegiatis
2326 2902 2618 2967 ecclesiis
2666 2903 3042 2969 obtinentes
3062 2904 3123 2988 ;’'
3186 2905 3249 2968 d.
3300 2910 3375 2969 ut
3424 2906 3534 2991 qui
3582 2904 3822 2969 limites

774 3010 899 3075 sibi
945 3007 1227 3073 traditae
1274 3006 1620 3093 potestatis
1667 3004 2072 3070 excesserint
2117 3012 2650 3090 conservatores,
2710 3028 2789 3072 eo
2837 3008 2979 3094 ipso
3027 3030 3146 3096 per
3193 3029 3397 3073 unum
3446 3029 3691 3073 annum
3739 3009 3821 3073 ab

776 3115 986 3180 officio
1035 3114 1166 3178 sint
1212 3111 1544 3197 suspensi,
1592 3130 1743 3196 pars
1789 3130 1974 3193 vero,
2023 3129 2192 3194 quae
2238 3111 2363 3174 hoc
2409 3110 2552 3176 fieri
2599 3113 3075 3198 procuraverit,
3126 3112 3821 3177 excommunicationis

770 3221 1061 3285 incurrat
1107 3216 1523 3283 sententiam.
1549 3215 1603 3297 5)

996 3324 1201 3388 Porro
1269 3319 1507 3406 quibus
1576 3319 1897 3383 bonorum
1968 3324 2165 3404 atque
2235 3319 2720 3405 privilegiorum
2792 3327 3283 3386 conservatores
3344 3321 3820 3402 instituuntur,

774 3426 1290 3493 conservatorias
1345 3424 1568 3487 literas
1625 3423 2048 3487 creberrimas
2096 3422 2458 3487 Bullatium
2509 3432 2803 3489 nostrum
2850 3425 3146 3490 exhibet.
3236 3423 3437 3490 Modo
3487 3423 3570 3489 ad
3618 3444 3821 3488 unum

774 3533 879 3598 vel
926 3533 1179 3618 plures,
1228 3529 1612 3616 plerumque
1660 3532 1827 3610 treS,
1877 3532 2366 3593 conservatores
2414 3529 2752 3613 speciatim
2800 3536 2955 3594 sunt
3004 3528 3290 3594 directae
3323 3530 3411 3612 (v.
3446 3549 3541 3613 gr.
3577 3548 3820 3592 numm.

776 3640 891 3721 25,
947 3638 1100 3718 103,
1157 3635 1313 3716 140,
1362 3634 1548 3715 523),
1597 3629 1790 3695 modo
1838 3637 2059 3696 autem
2108 3632 2457 3715 universis,
2512 3632 2633 3713 „ad
2672 3654 2949 3719 quorum
2988 3634 3291 3697 notitiam
3329 3630 3822 3718 pervenerint’',

774 3739 1083 3828 praelatis
1130 3737 1494 3823 generatim
1538 3734 1890 3821 inscriptae
1939 3741 2092 3799 sunt
2138 3738 2225 3818 (v.
2276 3757 2371 3820 gr.
2421 3757 2664 3800 numm.
2718 3739 2839 3821 68,
2896 3741 3056 3820 121,
3109 3740 3276 3820 243,
3325 3738 3504 3820 261).
3601 3735 3820 3801 Semel

775 3850 1031 3909 tantum
1100 3839 1475 3928 hujusmodi
1542 3838 1767 3904 literas
1836 3838 1918 3902 ad
1989 3842 2526 3905 communitatem
2596 3841 2995 3907 saecularem
3057 3841 3419 3906 destinatas
3480 3841 3817 3922 novimus,

774 3950 1023 4014 scilicet
1082 3968 1200 4034 pro
1260 3945 1548 4029 Hugone
1611 3944 1851 4008 abbate
1915 3949 1983 4007 et
2044 3951 2373 4008 conventu
2436 3943 3043 4030 Egmondensibus,
3090 3947 3202 4032 qui
3250 3946 3383 4010 suis
3431 3966 3578 4009 cum
3627 3943 3816 4007 bonis

763 4053 1155 4139 juribusque
1202 4049 1615 4115 universitati
1662 4046 1886 4135 oppidi
1932 4047 2402 4112 Dordracensis
2449 4050 2532 4113 ab
2579 4047 2968 4114 Innocentio
3016 4070 3188 4136 papa
3231 4049 3332 4113 VI
3378 4044 3815 4113 commendati

770 4158 970 4222 fuisse
1017 4158 1329 4241 leguntur
1373 4157 1578 4238 (num.
1633 4154 1854 4237 1663).
1948 4151 2089 4215 Has
2136 4172 2289 4216 vero
2339 4153 2598 4216 nonnisi
2643 4153 2998 4239 improprie
3036 4154 3260 4217 literas
3302 4150 3819 4218 conservatorias

770 4283 1005 4327 vocare
1049 4262 1238 4342 licet,
1289 4279 1435 4322 cum
1483 4257 1729 4322 nullam
1779 4257 2163 4320 contineant
2201 4255 2584 4339 judicialem
2632 4256 3033 4322 facultatem.

361 4357 752 4438 Conservatoriao
995 4363 1365 4450 Cujuslibet
1410 4382 1553 4426 esse
1602 4360 1942 4445 dignitatis
1989 4366 2057 4424 et
2099 4358 2494 4424 conditionis
2527 4360 2638 4445 qui
2672 4362 3188 4425 conservatorias
3219 4361 3443 4426 literas
3476 4382 3516 4425 a
3548 4359 3815 4425 Summo

411 4427 700 4558 ςῖξξῗζζῷ
769 4468 1092 4535 Pontifice
1158 4466 1623 4547 obtinuerunt,
1686 4463 2050 4528 Bullarium
2113 4463 2272 4527 satis
2337 4463 2644 4528 ostendit.
2739 4463 2925 4529 Inter
2986 4466 3302 4551 plurimos
3350 4464 3816 4529 nonnullorum

410 4564 560 4641 ‘apud
599 4581 686 4614 ¹¹⁰³
771 4572 965 4637 modo
1014 4570 1387 4636 meminisse
1435 4567 1701 4632 sufficit:
1751 4567 1967 4633 Guido
2016 4566 2099 4633 de
2136 4566 2528 4651 Hannonia,
2577 4567 2621 4633 J
2627 4566 2918 4633 ohannes
2959 4567 3040 4633 de
3083 4569 3304 4653 Diest,
3351 4567 3690 4636 Johannes
3735 4565 3817 4629 de

406 4638 708 4695 mpetratao.
769 4676 978 4742 Arkel
1038 4673 1327 4761 episcopi
1387 4674 1659 4755 (numm.
1712 4673 1879 4754 517,
1931 4673 2096 4755 624,
2145 4673 2315 4752 948,
2368 4672 2576 4753 1064,
2630 4673 2865 4755 1520),
2915 4673 3275 4759 capitulum
3322 4678 3390 4737 et
3437 4673 3648 4737 clerus
3694 4692 3812 4759 pro

768 4779 1184 4845 immunitate
1254 4775 1696 4841 ecclesiastica
1763 4781 1993 4839 contra
2061 4776 2238 4839 cives
2302 4774 2763 4860 Trajectenses
2829 4775 3079 4840 tuenda
3136 4777 3342 4860 (num.
3391 4777 3586 4859 426);
3636 4774 3819 4839 Hen-

769 4885 972 4966 ricus,
1004 4878 1380 4945 Florentius
1412 4878 1495 4944 de
1527 4878 1571 4944 J
1576 4878 1817 4961 utfaas,
1862 4876 2206 4944 Swederus
2239 4877 2470 4943 Uterlo
2502 4879 2859 4965 praepositi
2890 4880 3160 4965 Majoris
3194 4880 3507 4946 ecclesiae
3539 4881 3811 4963 (numm.

931 5314 989 5372 1)
1024 5314 1101 5364 De
1136 5318 1363 5377 utroque
1396 5310 1491 5361 cfr.
1525 5308 1715 5359 Kirscb
1753 5307 1825 5358 l.l.
1860 5306 2169 5371 Einleitung
2203 5304 2553 5357 XXI—XXII
2589 5313 2641 5358 et
2676 5306 2777 5358 404
2811 5322 2921 5373 seq.

932 5395 989 5457 2)
1028 5395 1456 5445 Instrumentum
1488 5390 1719 5454 apochae
1755 5390 1810 5440 in
1845 5387 2064 5439 archivo
2098 5386 2284 5437 Status
2319 5386 2508 5450 Ultraj.
2544 5385 2598 5438 S.
2633 5387 2893 5439 Johannis
2927 5388 3041 5440 214.

933 5475 990 5541 3)
1026 5475 1127 5526 Csr.
1166 5474 1342 5525 Kober
1373 5473 1472 5523 Dio
1506 5473 1808 5537 Suspendon
1841 5472 1932 5520 der
1967 5467 2362 5519 Kratas-diener
2395 5465 2493 5518 267
2529 5482 2639 5533 seq.

932 5558 989 5622 4)
1024 5557 1107 5606 Ita
1141 5555 1394 5621 Ducange
1432 5554 1750 5606 Glossarium
1786 5553 1821 5603 i.
1849 5567 1896 5602 v.

934 5637 992 5702 5)
1028 5636 1174 5688 Sexti
1209 5637 1403 5687 decret.
1439 5637 1552 5688 Lib.
1591 5635 1632 5687 1.
1666 5634 1771 5688 Tit.
1804 5632 1941 5685 XIV.
1978 5646 2125 5696 capp.
2158 5630 2220 5695 1,
2257 5629 2312 5694 3,
2350 5629 2434 5680 15.
