4450 6684
1782 548 2242 616 Innocnmms
2286 549 2406 614 VI.
3502 552 3622 616 101

787 765 1122 851 Rogimini
1185 768 1593 833 universalis.
1620 815 1636 832 .
1666 815 1682 832 .
1711 814 1729 833 .
1792 768 1948 835 Dat.
2012 770 2190 856 apud
2251 770 2737 836 Villamnovam
2796 772 3263 838 Aviniononsis
3309 772 3626 856 diocesis,

559 871 703 937 IIII
747 872 846 937 Id.
893 871 1093 957 Julii,
1143 894 1316 940 anno
1363 875 1663 962 septimo.

785 979 875 1045 In
903 1002 953 1045 e.
986 1002 1067 1044 m.
1117 980 1373 1047 dilectis
1419 981 1570 1048 filiis
1610 984 1970 1049 conventui
2008 984 2220 1049 sancti
2259 984 2557 1072 Adulphi
2595 987 2666 1050 in
2708 986 2987 1052 Staures
3029 1035 3044 1051 .
3066 1036 3082 1052 .
3104 1036 3119 1052 .
3143 1035 3158 1051 .
3203 989 3483 1055 salutem
3516 997 3628 1055 etc.

786 1085 873 1151 In
902 1107 953 1151 e.
985 1109 1069 1151 m.
1117 1089 1478 1154 vonerabili
1523 1090 1708 1156 fratri
1757 1138 1774 1156 .
1802 1138 1819 1156 .
1868 1091 2174 1178 episeopo
2222 1093 2634 1178 TraJ‘sotsnsi
2681 1093 2960 1159 salutem
3006 1102 3117 1161 etc.

986 1207 1108 1271 Ray.
1144 1209 1243 1257 Ao.
1283 1205 1342 1258 T.
1376 1207 1466 1271 20,
1490 1212 1553 1274 s.
1587 1209 1704 1261 138.

719 1320 775 1383 1)
809 1319 1083 1372 Stavoren.

568 1739 762 1808 1629.
1419 1748 1629 1830 1359,
1684 1749 1963 1834 Anqusti
2004 1754 2080 1834 8,
2128 1772 2233 1836 ap.
2298 1752 2780 1817 Villamnovam.

885 1897 1173 1984 Reynero
1234 1922 1360 1965 van
1422 1901 1825 1968 Drienhusen
1881 1904 1957 1969 de
2001 1905 2302 1970 Embrica
2347 1909 2569 1971 clerico
2624 1906 2805 1987 Traj.
2853 1907 3042 1971 dioec.
3092 1917 3453 1973 reservatur
3488 1931 3641 1994 per-

787 2012 1056 2089 petuum
1085 2006 1442 2090 beneficium
1475 2011 1544 2073 in
1574 2012 1828 2075 ecclesia
1867 2010 2257 2096 Trajectensi
2268 2062 2283 2094 ‚
2318 2021 2675 2078 consuetum
2707 2014 2858 2077 aliis
2890 2034 3081 2098 quam
3113 2018 3427 2079 canonicis
3448 2037 3642 2100 prae-

797 2110 1082 2177 bendati-s
1127 2117 1451 2199 assiqnari
1494 2123 1554 2181 et
1598 2119 1688 2181 18
1733 2139 2097 2182 marcarum
2144 2123 2397 2205 aryenti
2430 2121 2703 2184 valorem
2737 2140 3021 2184 annuum
3054 2142 3179 2185 non
3209 2122 3520 2186 excedens.
3559 2160 3643 2171 —

792 2215 1209 2301 Deputantur
1254 2227 1624 2285 executores.

723 2502 739 2519 ·
795 2399 1192 2466 Laudabilia
1256 2409 1391 2468 tus.
1420 2451 1437 2468 .
1467 2452 1482 2467 .
1515 2452 1530 2468 .
1594 2404 1747 2470 Dat.
1815 2405 1991 2491 apud
2053 2406 2537 2473 villamnovam
2585 2416 2732 2489 etc.‚
2800 2409 2900 2474 VI
2946 2409 3045 2474 Id.
3093 2412 3416 2496 Augusti,
3465 2433 3640 2477 anno

573 2508 872 2590 neptuno.
990 2611 1116 2673 περ.
1150 2612 1250 2661 Ao.
1292 2613 1347 2661 Τ.
1380 2611 1471 2672 ao,
1503 2614 1563 2678 s.
1597 2612 1736 2665 4962.

1809 2831 2152 2839 ψ-
2189 2832 2224 2837 --
2248 2832 2321 2836 --—

567 3006 765 3098 1630.
1418 3037 1624 3117 1359,
1674 3036 1959 3122 Auyusti
2007 3040 2081 3121 9,
2130 3059 2235 3122 ap.
2298 3038 2784 3102 villamnovam.

898 3184 1185 3251 Waltero
1248 3187 1413 3252 dicto
1492 3188 1959 3272 Wickenbroec,
2022 3194 2254 3256 rectori
2313 3194 2547 3255 altaris
2610 3192 2663 3256 b.
2728 3193 2984 3256 Mariae
3054 3193 3339 3278 Viryinis
3401 3195 3512 3257 siti
3570 3197 3641 3257 in

783 3293 1154 3375 parochiali
1216 3297 1470 3359 ecclesia
1532 3296 1608 3359 de
1669 3297 1989 3361 Sulichem
2023 3298 2072 3380 1)
2147 3298 2328 3380 Traj.
2394 3299 2582 3362 dioec.
2607 3348 2622 3379 ,
2696 3302 2811 3384 qui
2869 3299 2944 3362 de
3004 3300 3210 3363 soluto
3267 3303 3519 3384 qenitus
3579 3306 3639 3364 et

790 3401 1004 3464 soluta
1050 3408 1239 3465 antea
1269 3404 1415 3480 jam
1463 3403 1991 3486 dispensationem
2029 3425 2223 3488 super
2264 3406 2510 3487 defectu
2549 3407 2867 3469 natalium
2905 3405 3206 3486 obtinuit,
3248 3405 3638 3487 indulqetur‚

791 3507 963 3590 quod
1005 3507 1215 3571 adhuc
1258 3509 1531 3571 alterum
1581 3509 1940 3589 beneficium
1987 3510 2263 3574 obtinere
2306 3513 2536 3575 valeat.

789 3687 1088 3774 Exigunt
1158 3694 1292 3755 tuo.
1321 3736 1337 3754 .
1366 3738 1382 3754 .
1412 3738 1427 3754 .
1507 3691 1661 3757 Dat.
1734 3691 1909 3777 apud
1980 3693 2464 3759 villamnovam
2538 3700 2686 3773 etc.‚
2759 3693 2825 3759 V
2894 3693 2992 3758 Id.
3066 3693 3391 3779 Augusti,
3463 3715 3637 3760 anno

989 3897 1114 3960 1209.
1149 3898 1248 3948 Av.
1292 3900 1345 3948 T.
1380 3897 1469 3960 21,
1497 3899 1557 3962 s.
1593 3899 1731 3950 587r.

717 4022 776 4088 1)
812 4023 1121 4075 Zuilichom.

563 4362 755 4431 1631.
1515 4371 1725 4453 1359,
1776 4370 2143 4436 Novembris
2187 4372 2262 4454 2,
2309 4373 2679 4437 Avenionis.

878 4520 1119 4587 Incolis
1180 4525 1452 4588 civitatis
1525 4525 1945 4608 Trajectensis
2006 4533 2066 4590 et
2127 4526 2348 4610 oppidi
2409 4525 2485 4586 de
2530 4524 2747 4587 Renen
2794 4524 3041 4587 ratione
3074 4525 3277 4606 pestis
3323 4522 3411 4586 ibi
3448 4544 3634 4608 yras-

789 4629 996 4693 santis
1068 4650 1263 4714 usque
1330 4631 1418 4694 ad
1482 4629 1717 4713 festum
1786 4633 2190 4696 Ascensionis
2253 4631 2515 4695 Domini
2564 4632 2859 4714 proxime
2917 4630 3217 4711 futurum
3276 4629 3636 4694 conceditur

780 4735 1192 4820 privileqinm
1235 4736 1567 4820 plenariae
1600 4743 2006 4821 peccatorum
2053 4738 2438 4799 remissionis
2483 4737 2552 4798 in
2599 4736 2873 4799 articulo
2919 4736 3160 4799 mortis.

790 4917 1068 4984 Dilectis
1113 4918 1265 4983 filiis
1311 4918 1633 4984 universis
1679 4918 1977 5003 personis
2024 4917 2368 5003 utriusque
2401 4938 2599 4982 sexus
2633 4915 3092 4982 ecclesiasticis
3124 4922 3193 4981 et
3226 4917 3628 4983 secularibus

571 5022 855 5100 civitatis
920 5026 1362 5110 Trajoctensis
1421 5045 1495 5090 ao
1544 5023 1725 5112 opidi
1772 5023 1856 5088 do
1904 5025 2189 5109 Ryensn
2236 5023 2678 5107 Trajsotonsis
2723 5022 3006 5089 diocesis
3053 5029 3122 5089 ot
3168 5023 3629 5089 suburbiorum

560 5150 825 5195 suorum
874 5131 1156 5196 salutem
1203 5136 1313 5197 etc.
1405 5144 1411 5149 '

782 5237 1103 5302 Provenit
1150 5258 1254 5302 ex.
1276 5283 1294 5302 .
1315 5283 1330 5300 .
1350 5283 1367 5301 .
1416 5235 1580 5302 Cum
1611 5234 1868 5321 itaquo,
1909 5234 2080 5299 siout
2109 5234 2449 5321 petitionis
2480 5256 2598 5322 pro
2631 5240 2823 5322 parte
2855 5240 3076 5300 vestra
3105 5235 3297 5300 nobis
3329 5235 3626 5300 exhibito

562 5342 763 5408 series
809 5343 1227 5426 continebat,
1278 5342 1695 5408 mortalitatis
1741 5340 1947 5429 postis
1993 5340 2065 5405 in
2111 5341 2350 5406 vestris
2396 5341 2665 5406 civitate
2712 5340 3125 5426 Trajeotensi
3174 5362 3250 5406 ao
3297 5340 3494 5428 opido
3542 5341 3624 5406 de

563 5448 845 5535 Ry‘enen
895 5450 1339 5535 Trajsotensis
1385 5447 1665 5514 diocesis
1712 5454 1782 5514 et
1828 5468 2054 5513 sorum
2102 5447 2433 5513 suburbiis
2474 5449 2827 5534 plurimum
2867 5446 3255 5528 invalescat,
3303 5466 3424 5510 nos
3471 5492 3489 5511 .
3518 5493 3535 5510 .
3561 5494 3576 5511 .
3609 5494 3625 5511 .

565 5560 641 5619 ut
701 5555 1070 5638 confessor,
1134 5576 1328 5642 quem
1390 5555 1671 5642 quilibet
1729 5559 2022 5619 vestrum
2086 5553 2355 5619 duxerit
2400 5552 2814 5640 eligendum,
2872 5552 3161 5618 omnium
3207 5559 3626 5638 peccatorum

565 5667 931 5726 vastrorum
950 5711 968 5745 ,
1034 5661 1118 5728 ds
1182 5662 1420 5749 quibus
1481 5659 1679 5727 cordo
1725 5660 1991 5725 contriti
2039 5666 2108 5726 st
2154 5681 2269 5726 oro
2315 5660 2594 5725 confessi
2639 5658 2928 5741 fueritis,
2998 5657 3204 5724 semol
3251 5662 3506 5723 tantum
3553 5659 3623 5722 in
