4450 6684
1775 517 2177 586 Gnnsonms
2223 520 2344 594 XL
3464 526 3593 590 287

520 732 729 801 2256.
1490 737 1701 819 1376,
1756 737 2122 802 Novembris
2169 741 2245 821 8,
2292 740 2629 806 Livornae.

850 888 1241 954 Ghiselberto
1285 889 1435 976 Hey
1482 893 1550 954 in
1597 890 1860 955 decretis
1906 891 2314 958 baccalaureo
2361 894 2821 976 confirmantur
2860 898 3266 961 canonicatus
3305 905 3363 961 et
3398 919 3596 982 prae·

756 994 956 1059 benda
1023 997 1311 1061 ecclesiae
1379 997 1447 1061 S.
1521 996 1878 1062 Salvatoris
1956 998 2175 1082 Traj.,
2242 1021 2405 1086 quas
2466 1002 2615 1065 olim
2667 1023 2792 1086 per
2851 1002 3086 1066 obitum
3147 1002 3468 1067 Johannis
3524 1005 3599 1068 de

755 1102 1201 1186 Ameronqhen
1239 1111 1530 1168 vacantes
1567 1106 1779 1188 viqore
1810 1107 2063 1190 qratiae
2100 1109 2551 1191 exspectativae
2589 1129 2631 1171 a
2673 1108 2923 1174 domino
2953 1108 3180 1194 Papae
3222 1111 3349 1195 ipsi
3383 1111 3598 1193 factae

756 1210 1120 1292 acceptavit.
1150 1207 1204 1291 1)

755 1387 912 1453 Vite
974 1410 1049 1454 ac
1112 1411 1425 1455 morum..
1454 1440 1470 1455 .
1501 1440 1515 1456 .
1586 1393 1739 1458 Dat.
1804 1394 2090 1460 Livorne
2154 1394 2396 1459 Pisane
2459 1395 2778 1478 diocesis,
2843 1396 2944 1461 VI
3006 1396 3106 1461 Id.
3175 1396 3595 1479 Novembris,

526 1515 708 1558 anno
755 1501 966 1560 sexto.

952 1613 1075 1676 Ray.
1127 1614 1243 1663 Vae.
1285 1611 1345 1664 Τ.
1381 1613 1592 1678 288,s.
1626 1613 1741 1666 101.

687 1752 746 1818 1)
782 1754 885 1805 Cir.
921 1768 1082 1819 supra
1118 1771 1267 1807 num.
1303 1755 1452 1807 1958.

536 2164 728 2234 2257.
1241 2172 1457 2252 1377,
1506 2170 1823 2234 Januarii
1866 2172 1951 2234 24
1979 2219 1996 2252 ,
2042 2170 2281 2237 Romae
2328 2194 2432 2257 ap.
2484 2172 2549 2236 S.
2599 2172 2892 2237 Petrum.

853 2326 1156 2391 Omnibus
1219 2347 1358 2389 vere
1417 2326 1873 2410 poenitentibus
1935 2334 1993 2390 et
2055 2327 2391 2409 confessis,
2458 2328 2573 2411 qui
2632 2326 2720 2390 ad
2762 2328 3228 2411 reparationem
3275 2327 3610 2411 hospitalis

755 2453 1120 2517 pauperum
1189 2432 1256 2496 S.
1324 2432 1608 2517 Spiritus
1653 2436 1719 2497 in
1772 2432 2125 2497 Heukelom
2174 2432 2572 2515 adjuverint,
2624 2432 2712 2496 ad
2756 2432 2959 2496 decem
3007 2453 3206 2497 annos
3252 2432 3609 2497 conceditur

764 2539 1162 2623 indulqentia
1208 2542 1343 2602 100
1390 2539 1653 2603 dierum.

762 2720 1102 2786 Universis
1154 2722 1396 2787 Christi
1443 2720 1746 2785 fidelibus
1793 2727 2132 2806 presentes
2176 2720 2404 2784 literas
2450 2720 2846 2805 inspecturis
2894 2721 3173 2785 salutem
3219 2727 3327 2784 etc.

767 2827 1124 2910 Quoniam,
1160 2827 1329 2892 sicut
1362 2829 1453 2891 ait
1485 2827 1852 2915 apostolus,
1887 2847 2112 2892 omnes
2138 2826 2457 2891 stabimus
2483 2831 2636 2892 ante
2663 2826 2954 2891 tribunal
2984 2826 3227 2891 Christi
3252 2828 3608 2913 recepturi,

543 2938 739 3018 prout
784 2934 853 2998 in
901 2954 1169 3020 corpore
1218 2935 1538 3019 gessimus
1584 2935 1723 2997 sive
1769 2933 2017 2997 bonum
2065 2934 2200 2997 sive
2249 2933 2521 3015 malum,
2571 2939 2640 2998 et
2688 2933 2772 2998 ob
2821 2934 2944 2998 hoc
2986 2937 3246 3019 oportet
3278 2954 3398 2998 nos
3430 2933 3606 2999 diem

541 3039 883 3103 messionis
930 3045 1225 3104 extreme
1272 3038 1713 3104 misericordie
1761 3039 2069 3125 operibus
2113 3039 2457 3125 prevenire
2499 3044 2568 3103 et
2599 3043 2973 3104 eternorum
3007 3039 3251 3103 intuitu
3285 3039 3606 3104 seminare

551 3145 624 3207 in
688 3146 913 3228 terris,
962 3145 1136 3231 quod
1183 3145 1501 3211 reddente
1551 3146 1834 3210 Domino
1882 3167 2031 3211 cum
2077 3145 2511 3232 multiplicato
2558 3144 2776 3210 fructu
2822 3145 3202 3231 recolligere
3251 3145 3608 3211 debeamus

540 3248 609 3313 in
680 3251 870 3334 celis,
917 3251 1169 3316 firmam
1219 3273 1399 3338 spem
1446 3251 1883 3339 fiduciamque
1934 3258 2279 3333 tenentes,
2326 3252 2636 3338 quoniam
2683 3253 2794 3337 qui
2842 3272 3034 3339 parce
3081 3251 3362 3317 seminat
3408 3274 3600 3338 parce

552 3360 626 3419 et
672 3361 878 3420 metet
924 3361 992 3421 et
1037 3357 1150 3442 qui
1197 3358 1475 3422 seminat
1520 3358 1588 3421 in
1638 3356 2206 3422 benedictionibus
2253 3362 2462 3421 metet
2507 3356 2710 3421 vitam
2760 3362 3075 3422 eternam.
3148 3357 3314 3422 Cum
3349 3356 3605 3444 itaque,

543 3460 712 3526 sicut
775 3463 1172 3548 accepimus,
1237 3463 1560 3549 hospitale
1621 3483 1983 3549 pauperum
2047 3464 2260 3528 sancti
2308 3463 2590 3551 Spiritus
2637 3464 2706 3527 in
2756 3463 3120 3528 Hockelem
3171 3464 3612 3548 Trajectensis

542 3567 821 3633 diocesis
867 3589 1000 3633 non
1048 3568 1303 3634 modica
1350 3572 1769 3655 reparacione
1819 3570 2151 3656 indigeat,
2201 3571 2282 3635 ad
2334 3573 2520 3656 cujus
2569 3571 3101 3656 repparacionem
3150 3576 3219 3635 et
3266 3571 3473 3635 eciam
3523 3571 3604 3635 ad

538 3674 947 3739 infirmorum
1022 3681 1089 3740 et
1158 3697 1520 3763 pauperum
1588 3677 1751 3741 inibi
1823 3678 2302 3742 confluencium
2375 3678 2931 3743 sustentacionem
3004 3676 3247 3741 Christi
3317 3676 3613 3742 fidelium

538 3780 947 3846 helemosine
994 3783 1144 3866 (sic)
1183 3789 1338 3847 sunt
1368 3784 1717 3870 plurimum
1754 3791 2147 3872 opportune,
2200 3806 2320 3849 nos
2354 3786 2728 3871 cupientes,
2777 3790 2852 3849 ut
2883 3785 3208 3870 hospitale
3240 3784 3609 3870 predictum

534 3887 842 3953 celeriter
902 3895 1241 3974 reparetur
1286 3888 1379 3954 'ac
1441 3912 1762 3976 pauperes
1823 3898 1890 3956 et
1935 3892 2174 3956 infirmi
2221 3892 2498 3978 predicti
2560 3897 3051 3973 sustententur,
3115 3891 3609 3957 universitatem

544 3999 829 4057 vestram
878 4016 1211 4081 rogamus,
1260 4017 1601 4060 monemus
1648 4003 1716 4062 et
1747 3997 2083 4061 hortamur
2114 4004 2399 4080 attente,
2440 3997 2625 4062 vobis
2660 3998 2729 4061 in
2762 3997 3208 4062 remissionem
3245 4003 3611 4061 vestrorum

543 4104 991 4188 peccaminum
1038 4104 1492 4188 injungentes,
1542 4105 1852 4190 quatinus
1901 4104 1983 4170 de
2031 4105 2220 4168 bonis
2267 4104 2452 4169 vobis
2499 4124 2539 4168 a
2580 4104 2724 4169 Deo
2758 4103 3011 4168 collatis
3042 4103 3124 4167 ad
3158 4102 3362 4189 ipsius
3396 4104 3611 4189 hospi-

548 4208 700 4273 talis
770 4211 1301 4297 repparacionem
1373 4217 1441 4276 et
1506 4212 1816 4276 fabricam
1890 4217 1960 4276 et
2029 4210 2349 4275 dictorum
2418 4230 2781 4296 pauperum
2851 4209 3405 4275 sustentacionem
3468 4210 3608 4295 pias

542 4315 932 4381 elemosinas
995 4323 1063 4382 et
1123 4323 1310 4403 grata
1372 4318 1661 4382 caritatis
1723 4318 2017 4383 subsidia
2080 4318 2399 4403 erogetis,
2465 4323 2538 4381 ut
2596 4338 2716 4403 per
2762 4318 3271 4381 subvencionem
3319 4322 3605 4381 vestram

536 4420 916 4506 hujusmodi
981 4424 1226 4488 dictum
1296 4424 1618 4510 hospitale
1686 4425 1994 4489 continue
2057 4424 2346 4510 reparari
2394 4430 2462 4488 et
2507 4444 2829 4509 pauperes
2878 4423 3005 4509 ipsi
3050 4421 3295 4487 ibidem
3346 4423 3608 4487 valeant

552 4527 906 4591 sustentari
952 4535 1018 4591 et
1065 4549 1180 4592 vos
1227 4551 1343 4615 per
1388 4529 1510 4594 hec
1556 4536 1624 4594 et
1670 4529 1799 4593 alia
1844 4529 2052 4612 bona,
2109 4550 2235 4614 que
2283 4528 2427 4593 Deo
2467 4528 2829 4616 inspirante
2861 4527 3180 4609 feceritis,
3229 4527 3492 4612 possitis
3523 4527 3607 4591 ad

553 4639 777 4697 eterne
823 4634 1252 4700 beatitudinis
1300 4634 1540 4720 gaudia
1584 4637 1960 4722 pervenire3
2011 4657 2129 4701 nos
2177 4637 2352 4700 enim
2393 4634 2474 4700 de
2508 4634 2977 4721 omnipotentis
3009 4633 3134 4699 Dei
3167 4632 3607 4698 misericordia

544 4745 612 4803 et
670 4740 1012 4806 beatorum
1061 4741 1245 4806 Petri
1292 4748 1359 4807 et
1406 4742 1596 4806 Pauli
1645 4743 2091 4829 apostolorum
2139 4743 2283 4826 ejus
2330 4742 2724 4806 auctoritate
2773 4740 3039 4822 confisi,
3100 4739 3401 4804 omnibus
3449 4759 3603 4804 vere

555 4845 1002 4929 penitentibus
1050 4854 1117 4910 et
1163 4846 1504 4928 confessis,
1555 4848 1666 4933 qui
1713 4869 1944 4913 manus
1991 4846 2075 4912 ad
2113 4848 2239 4912 hoc
2277 4847 2692 4933 porrexerint
2730 4846 3113 4932 adjutrices,
3162 4849 3426 4910 centum
3465 4844 3604 4910 dies

540 4947 622 5014 de
692 4951 1004 5034 injunctis
1075 4953 1169 5017 eis
1238 4953 1628 5038 penitenciis
1702 4974 1876 5018 nunc
1945 4954 2356 5037 relaxamus3
2417 4953 2835 5039 presentibus
2898 4957 3047 5037 post
3110 4950 3338 5015 decem
3396 4970 3602 5015 annos

547 5056 814 5122 minime
861 5057 1190 5142 valituris,
1241 5080 1402 5146 quas
1449 5060 1619 5123 mitti
1667 5080 1784 5145 per
1831 5059 2241 5145 questuarios
2289 5058 2650 5123 districtius
2697 5057 3105 5139 inhibemus,
3155 5077 3264 5120 eas
3311 5057 3364 5120 si
3412 5076 3599 5121 secus

538 5166 762 5225 actum
823 5161 1054 5246 fuerit,
1118 5184 1339 5228 carere
1404 5164 1649 5228 viribus
1716 5163 2165 5229 decernentes.
2238 5164 2392 5228 Dat.
2441 5164 2654 5229 Rome
2703 5160 2879 5248 apud
2928 5161 3242 5226 Sanctum
3289 5162 3598 5242 Petrum,

538 5265 743 5332 VIIII
785 5268 899 5332 Kl.
947 5268 1320 5352 Februarii,
1372 5290 1543 5334 anno
1591 5272 1891 5357 septimo.

954 5401 1082 5467 Ray.
1112 5403 1212 5453 Ac.
1255 5400 1312 5452 T.
1348 5401 1438 5466 29,
1462 5405 1523 5467 s.
1557 5403 1640 5454 23.
