4450 6684
1978 535 2466 602 Inraonuc‘rro.
3519 558 3747 607 Lxxm

696 752 1059 841 „Episcopo
1120 751 1615 839 episcoporum’'
1664 752 1986 817 rationem
2033 752 2248 816 colere
2297 750 2604 816 debuisse
2652 751 2826 816 illico
2877 757 3081 840 patet.
3175 755 3382 820 Porro
3431 755 3545 819 vix
3591 776 3749 821 con-

684 864 983 924 secratus
1030 856 1308 943 quilibet
1355 856 1699 943 episcopus
1746 861 1821 920 ut
1866 856 1934 919 in
1984 854 2260 919 solemni
2306 854 2643 920 fidelitatis
2680 857 3057 941 juramento
3091 858 3182 924 sic
3215 859 3590 945 promittat,
3629 861 3745 944 jus

692 961 1135 1027 Decretalium
1198 960 1448 1046 exigit:
1519 960 1819 1041 „Limina
1878 958 2352 1045 Apostolorum
2414 958 2687 1044 singulis
2751 960 2939 1025 annis
2988 967 3104 1026 aut
3148 983 3267 1049 per
3311 982 3416 1027 me
3464 968 3580 1027 aut
3626 984 3746 1050 per

686 1071 943 1132 certum
1007 1063 1316 1130 nuncium
1380 1063 1697 1147 visitabo,
1765 1063 1889 1127 nisi
1955 1083 2180 1127 eorum
2242 1063 2540 1126 absolvat
2585 1062 2918 1128 licentia.'’
2945 1064 2998 1148 1)
3088 1064 3174 1129 Et
3221 1065 3541 1130 vocabula
3586 1067 3742 1131 ista:

699 1170 997 1251 „Limina
1065 1167 1576 1256 Apostolorum”
1656 1188 1789 1232 non
1868 1167 2092 1231 stricte
2162 1186 2359 1231 sensu
2431 1167 2652 1230 nativo
2721 1167 3154 1253 intelligenda
3222 1174 3415 1252 sunt,
3493 1169 3741 1234 scilicet

692 1279 1027 1360 tamquam
1092 1273 1445 1357 gloriosum
1506 1272 1848 1337 beatorum
1912 1270 2096 1335 Petri
2160 1277 2230 1335 et
2286 1270 2478 1334 Pauli
2523 1271 2593 1334 in
2639 1257 2922 1336 Basilica
2967 1274 3269 1339 Romana
3316 1272 3741 1358 Sepulcrum,

692 1376 809 1443 sed
872 1377 1105 1442 latiore
1169 1375 1452 1463 quodam
1515 1396 1713 1440 sensu
1774 1374 2112 1462 paullatim
2172 1374 2587 1460 aequivalere
2645 1382 3003 1461 coeperunt
3049 1377 3268 1441 curiae
3314 1377 3565 1463 papali,
3631 1376 3747 1440 ubi

693 1482 1068 1547 Romanum
1115 1478 1508 1544 Pontificem
1554 1479 1661 1543 hic
1710 1484 1778 1543 et
1825 1498 1999 1543 nunc
2047 1476 2271 1541 sedem
2317 1477 2626 1542 babuisse
2677 1480 3107 1564 contingeret.
3170 1480 3337 1545 Nam
3373 1501 3539 1545 saec.
3579 1480 3746 1544 XIV

692 1577 960 1649 minime
1006 1585 1152 1671 ipsa
1195 1585 1266 1648 in
1312 1584 1521 1665 Urbe,
1573 1582 1685 1648 sed
1727 1582 2073 1647 Avenione
2115 1601 2306 1644 suum
2347 1581 2739 1644 visitationis
2774 1582 3057 1647 officium
3090 1589 3422 1668 praestare
3457 1583 3746 1669 episcopi

690 1688 1015 1754 solebant.
1043 1688 1098 1772 2)
1193 1687 1336 1763 Quo
1409 1693 1702 1772 tempore
1772 1685 1853 1749 ad
1925 1684 2253 1749 visitanda
2319 1684 2581 1750 Limina
2642 1685 2868 1749 stricta
2930 1686 3243 1771 obligatio
3311 1692 3453 1751 orta
3517 1686 3746 1770 fuerit,

692 1797 873 1857 certo
923 1790 1179 1856 definiri
1227 1791 1477 1877 nequit.
1540 1789 1722 1855 Ante
1769 1810 1937 1853 saec.
1987 1788 2162 1854 XIII
2207 1788 2332 1853 hac
2379 1787 2461 1852 de
2507 1809 2577 1853 re
2612 1789 2884 1853 consilia
2914 1791 3134 1877 potius
3167 1812 3362 1877 quam
3394 1798 3747 1878 praecepta

699 1895 869 1961 forte
916 1896 1201 1960 Romani
1248 1894 1606 1960 Pontifices
1654 1892 2040 1975 ediderunt;
2091 1890 2332 1956 deinde
2379 1913 2535 1956 vero
2582 1893 2729 1976 lex,
2779 1914 2819 1957 a
2865 1894 3181 1979 Gregorio
3230 1916 3401 1981 papa
3447 1895 3550 1959 IX
3596 1915 3748 1959 con-

694 1999 873 2082 dita,
935 2020 1191 2085 semper
1245 2000 1495 2084 viguit,
1542 2004 1616 2062 ut
1664 2003 1842 2063 certo
1893 1996 2203 2082 temporis
2251 1997 2599 2062 intervallo
2648 1997 2924 2083 quisque
2973 1998 3316 2085 episcopus
3364 2019 3747 2063 neo-conse-

692 2108 914 2168 cratus
961 2124 1031 2167 se
1078 2104 1338 2168 Limina
1383 2102 1850 2188 Apostolorum
1898 2100 2316 2165 visitaturum
2354 2099 2787 2185 jurejurando
2834 2103 3268 2187 promitteret.
3344 2102 3534 2177 Quod
3584 2108 3745 2167 tem-

698 2207 873 2296 poris
918 2207 1338 2271 intervallum
1387 2211 1570 2270 tanto
1621 2206 1899 2292 amplius
1945 2204 2215 2269 concedi
2256 2225 2397 2269 mos
2429 2206 2791 2290 generatim
2823 2212 2994 2290 erat,
3047 2227 3175 2292 quo
3210 2206 3415 2292 magis
3447 2204 3743 2270 dissitam

698 2333 741 2376 a
789 2310 968 2376 curia
1012 2310 1234 2398 papali
1284 2330 1492 2374 novus
1542 2310 1817 2374 antistes
1866 2307 2089 2373 sedem
2134 2307 2433 2373 haberet.
2463 2308 2517 2392 3)

922 2413 1115 2479 Nunc
1161 2412 1335 2499 quod
1384 2411 1466 2477 ad
1513 2414 1852 2499 episcopos
1899 2413 2356 2497 Trajectenses
2404 2413 2672 2496 attinet,
2705 2413 3044 2479 Johannes
3082 2413 3165 2479 de
3200 2412 3431 2499 Syrick
3463 2411 3535 2477 a0
3574 2413 3737 2476 1291

688 2518 942 2604 juravit
987 2518 1260 2604 singulis
1307 2517 1589 2581 bienniis
1636 2538 1706 2581 se
1753 2516 2014 2582 Limina
2062 2514 2393 2581 aditurum
2439 2519 2644 2600 (num.
2697 2519 2874 2601 408).
2946 2518 3194 2583 Contra
3242 2517 3530 2605 diploma
3574 2516 3747 2580 infra

703 2621 1122 2687 inserendum
1193 2619 1540 2686 ostendere
1610 2621 1903 2704 videtur,
1976 2626 2270 2706 tempore
2340 2621 2826 2702 Avenionensi,
2906 2622 3124 2702 „curia
3194 2622 3522 2686 existente
3586 2620 3751 2684 citra

705 2729 959 2790 montes
978 2725 1040 2808 ,”
1089 2725 1363 2811 singulis
1410 2726 1598 2790 annis
1647 2725 1885 2791 Sedem
1933 2724 2382 2810 Apostolicam
2430 2725 2694 2789 visitare
2743 2724 3048 2790 debuisse
3093 2726 3433 2812 episcopos
3467 2730 3747 2789 nostros.

704 2829 808 2895 Ita
853 2831 1085 2895 saltem
1133 2831 1205 2895 αθ
1259 2832 1421 2895 1321
1478 2829 1558 2895 de
1606 2828 1956 2895 Frederico
2005 2828 2087 2893 de
2136 2828 2368 2913 Syrick
2415 2827 2659 2894 diserte
2707 2828 3086 2894 affirmatur.

927 2935 1240 3000 Visitatio
1302 2934 1383 2999 ad
1449 2934 1741 3016 Limina,
1808 2932 1889 2997 de
1954 2954 2083 3019 qua
2142 2933 2482 3018 hucusque
2540 2933 2828 3018 egimus,
2885 2934 3060 2999 inter
3113 2934 3561 3015 „visitationes
3608 2954 3753 2998 ver-

706 3037 929 3103 bales’'
977 3040 1174 3125 vulgo
1222 3044 1629 3120 recensetur,
1678 3042 1754 3100 ut
1800 3058 1840 3101 a
1893 3037 2307 3117 „visitatione
2356 3036 2558 3101 reali'’
2608 3038 2732 3102 rite
2779 3037 3244 3124 distinguatur.
3322 3039 3507 3103 Haec
3552 3058 3746 3125 porro

702 3149 808 3207 est
854 3143 1166 3229 obligatio
1214 3143 1546 3207 nonnullis
1595 3142 1916 3227 episcopis
1954 3140 2342 3205 incumbens
2376 3140 2671 3205 solvendi
2705 3142 3018 3207 Gamerae
3050 3142 3473 3230 Apostolicae
3506 3148 3752 3207 certam

706 3248 1023 3332 pecuniae
1089 3268 1440 3329 summam,
1505 3247 1762 3332 quoties
1818 3244 2080 3310 Limina
2127 3245 2492 3330 oportuerit
2539 3245 2828 3311 visitare.
2852 3248 2907 3330 4)
3002 3246 3213 3321 Quam
3268 3247 3748 3329 „visitationem

709 3351 992 3416 realem''
1063 3371 1147 3415 an
1211 3349 1501 3436 episcopi
1562 3370 1823 3435 quoque
1885 3349 2343 3433 Trajectenses
2407 3350 2659 3413 solvere
2725 3348 3108 3431 debuerint,
3173 3371 3494 3437 nusquam
3556 3370 3754 3437 appa·

710 3461 843 3537 ret,
910 3456 1109 3519 immo
1178 3474 1333 3518 vero
1408 3453 1876 3538 obligationem
1937 3452 2315 3538 hujusmodi
2377 3453 2641 3540 penitus
2702 3474 2943 3539 negare
3004 3453 3267 3519 videtur
3315 3453 3602 3541 diploma
3646 3453 3751 3518 hic

709 3560 1043 3625 insertum.
1073 3560 1129 3642 5)

934 3662 1248 3728 Similiter
1308 3661 1484 3749 quod
1546 3661 1627 3727 ad
1693 3660 1994 3744 modum,
2059 3682 2187 3748 quo
2259 3661 2690 3742 „visitationis
2753 3661 3077 3727 verbalis’'
3133 3662 3416 3727 officium
3465 3664 3756 3750 episcopi

712 3766 916 3831 nostri
999 3766 1342 3849 obierunt,
1421 3766 1813 3854 paucissima
1892 3766 2080 3831 nobis
2161 3771 2463 3852 prostant
2542 3765 2804 3830 indicia.
2909 3766 3082 3830 Sane
3152 3767 3517 3852 complures
3589 3769 3758 3831 anti-

878 4205 933 4269 1)
970 4205 1174 4255 Decret.
1210 4202 1421 4269 Gregor.
1459 4201 1573 4252 Lib.
1608 4201 1647 4252 1.
1684 4201 1785 4251 Tit.
1819 4201 2007 4252 XXIV.
2044 4216 2156 4266 cap.
2192 4200 2243 4252 4.

880 4285 936 4350 2)
971 4285 1073 4336 Cfr.
1112 4285 1305 4335 Kirsch
1338 4283 1843 4347 Enamsrwaltuny
1876 4281 1955 4333 22.

881 4366 937 4429 3)
972 4358 1195 4431 Phillips
1231 4364 1594 4415 Kirchenrecht
1628 4364 1695 4413 11.
1733 4363 1832 4414 199
1866 4379 1980 4429 seq.

882 4447 937 4508 4)
973 4447 1165 4498 Kirsch
1199 4447 1272 4497 l.l.

881 4529 936 4593 5)
1956 4524 2114 4590 1321,
2152 4525 2406 4576 Januarii
2437 4525 2519 4576 12.

982 4609 1224 4661 visitatio
1259 4607 1488 4672 episcopi
1522 4605 1876 4669 Trajectensis
1911 4607 2005 4672 (In
2036 4605 2305 4670 margine).

884 4690 1158 4742 Universis
1208 4695 1482 4754 presentes
1534 4688 1738 4738 litteras
1783 4688 2103 4752 inspecturis
2151 4687 2440 4740 Gasbertus
2485 4689 2830 4754 permissione
2864 4690 3044 4741 divina
3079 4689 3427 4743 Massiliensis
3460 4692 3761 4758 episcopus,

728 4772 917 4824 domini
951 4787 1085 4837 pape
1119 4770 1469 4835 camerarius,
1504 4772 1734 4821 salutem
1770 4769 1827 4818 in
1864 4767 2105 4820 Domino.

884 4855 962 4905 Ad
1010 4852 1372 4904 universitatis
1419 4856 1592 4902 vestre
1636 4850 1891 4900 noticiam
1937 4852 2267 4914 presentium
2313 4855 2500 4902 tenore
2542 4851 2875 4915 deducimus,
2926 4854 3064 4918 quod
3108 4868 3232 4905 cum
3268 4855 3583 4906 venerabilis
3620 4860 3769 4920 pater

729 4935 965 4987 dominus
1000 4934 1309 4986 Fredericus
1342 4933 1618 4997 episcopus
1652 4930 2006 4994 Trajectensis
2040 4936 2287 4981 teneatur
2321 4931 2549 4996 singulis
2583 4933 2742 4982 annis
2778 4935 2926 4984 curie
2960 4935 3078 4998 (sic)
3115 4935 3376 4987 existente
3401 4936 3536 4987 citra
3561 4942 3768 4987 montes

730 5017 899 5067 sedem
949 5015 1287 5080 apostolicam
1337 5013 1579 5077 visitare,
1632 5012 1810 5062 sedem
1862 5011 2032 5075 ipsam
2084 5026 2179 5075 pro
2231 5027 2340 5063 uno
2390 5027 2533 5063 anno
2583 5014 2822 5076 proxime
2865 5029 3014 5065 nunc
3061 5021 3331 5067 transacto
3368 5031 3458 5080 per
3492 5018 3768 5081 providum

734 5098 897 5148 virum
946 5098 1221 5148 dominum
1274 5094 1555 5144 Hominem
1607 5093 1672 5143 de
1720 5092 1995 5154 Peretulo,
2051 5092 2420 5156 cappellanum
2472 5095 2745 5144 reverendi
2791 5096 2961 5159 patris
3004 5096 3206 5147 domini
3251 5096 3604 5161 Neapoleonis
3640 5097 3769 5148 Car·

728 5178 940 5241 dinalis,
977 5182 1371 5243 procuratorem
1405 5189 1565 5226 suum
1601 5174 1665 5224 ad
1703 5173 1801 5224 hoc
1835 5173 2134 5237 specialiter
2167 5172 2551 5236 constitutum,
2597 5188 2720 5224 cum
2755 5174 3031 5226 devotione
3065 5176 3241 5227 debita
3274 5177 3522 5228 visitavit.
3591 5176 3770 5228 Nichil

734 5265 905 5309 tamen
939 5259 1078 5308 idem
1114 5261 1420 5322 procurator
1455 5255 1772 5306 visitationis
1809 5252 2110 5316 hujusmodi
2148 5252 2365 5302 nomine
2398 5267 2607 5304 camere
2639 5254 2843 5305 domini
2870 5257 3038 5307 nostri
3062 5271 3194 5321 pape
3217 5257 3412 5308 obtulit
3434 5258 3513 5308 vel
3540 5258 3770 5308 servivit.

735 5339 795 5390 In
838 5339 990 5404 cujus
1036 5338 1114 5388 rei
1159 5336 1527 5387 testimonium
1572 5339 1844 5399 presentes
1888 5333 2095 5384 litteras
2138 5331 2252 5382 fieri
2289 5334 2510 5384 fecimus
2544 5342 2598 5385 et
2630 5334 2792 5400 sigilli
2827 5336 3207 5387 camerariatus
3241 5338 3416 5388 nostri
3450 5338 3773 5402 appensione

734 5434 944 5471 muniri.

895 5500 1011 5551 Dat.
1059 5499 1320 5550 avinione
1362 5498 1448 5548 die
1492 5497 1595 5547 XII
1642 5495 1909 5558 suisnarii,
1958 5509 2100 5545 anno
2135 5494 2338 5545 domini
2375 5494 2708 5560 MCCCXXI,
2745 5496 3037 5547 indictione
3072 5496 3210 5563 1111,
3241 5496 3580 5562 pontificatus
3614 5512 3775 5549 sanc-

734 5581 921 5632 tissimi
954 5582 1121 5646 patrIs
1156 5585 1211 5630 et
1242 5579 1444 5629 domini
1480 5579 1648 5628 nostri
1684 5576 1884 5626 domini
1922 5575 2181 5627 Iohannis
2217 5590 2349 5641 pape
2384 5575 2537 5627 xxu
2573 5591 2715 5627 anno
2751 5581 2959 5641 quarto.

999 5659 1340 5726 obligationes
1379 5660 1620 5710 Gamerae
1659 5659 1793 5707 Tom.
1829 5655 1881 5722 7,
1911 5657 1970 5722 s.
2003 5654 2119 5707 600.
