4450 6684
945 474 1073 537 158
2245 472 2580 538 Uannius
2627 473 2708 541 V.

1162 694 1439 759 Dilootis
1485 693 1636 758 filiis
1685 742 1701 758 .
1731 740 1746 757 .
1796 693 2130 780 preposito
2178 695 2391 758 saneti
2438 694 2764 759 Johannie
2805 697 3249 782 TraJ'ectensis
3297 704 3368 762 et
3414 745 3474 761 ..
3528 703 3754 763 sancte
3789 697 3990 763 Mario

933 799 1017 864 ad
1082 799 1340 865 Gradus
1400 798 1814 864 Coloniensis
1869 820 1944 862 ao
1994 847 2009 862 .
2038 846 2053 861 .
2104 799 2318 863 saneti
2369 799 2552 865 Petri
2599 800 2986 865 Leodiensis
3035 801 3300 865 decanis
3349 802 3774 866 ecclesiarum
3825 802 3993 867 salu-

935 913 1069 972 tem
1117 915 1226 971 etc.

1158 1011 1265 1077 Ad
1313 1012 1438 1076 hoe
1485 1032 1604 1076 nos
1652 1011 1854 1077 Deus.
1887 1059 1902 1074 .
1932 1060 1947 1075 .
1978 1059 1993 1074 .
2043 1011 2194 1076 Dat.
2246 1013 2610 1095 Avinione‚
2658 1013 2830 1078 Non.
2881 1015 3202 1099 Augusti,
3252 1036 3425 1078 anno
3473 1024 3728 1102 quarte.

1353 1150 1478 1209 Rey.
1514 1145 1609 1196 Δυ.
1655 1148 1707 1196 Τ.
1745 1146 1834 1205 14,
1859 1148 1918 1210 s.
1960 1145 2092 1195 mr.

2162 1360 2746 1368 ——..-—---—

930 1567 1120 1636 1833.
1924 1568 2139 1650 1366,
2190 1567 2475 1631 Octobris
2523 1569 2603 1650 8,
2653 1569 3019 1632 Avenionis.

1242 1726 1581 1790 Frederico
1643 1724 1811 1787 dicto
1879 1723 2242 1808 Cappelaen
2307 1724 2642 1805 confertur
2683 1724 3084 1807 parochialis
3130 1727 3390 1790 ecclesia
3435 1727 3514 1789 de
3557 1727 3820 1791 Mai-sen
3843 1777 3860 1810 ,
3907 1729 3992 1791 25

1146 1833 1533 1914 florenorum
1582 1833 1733 1895 auri
1778 1851 2065 1893 annuum
2112 1851 2238 1894 non
2285 1829 2578 1893 excedens
2627 1831 2906 1894 valorem
2952 1839 3012 1895 et
3057 1853 3291 1897 vacans
3339 1854 3416 1896 exc
3460 1855 3559 1914 eo,
3609 1833 3783 1918 quod
3822 1834 3990 1898 Hen-

1146 1943 1318 2003 ricus
1379 1938 1588 2001 dictus
1653 1936 1888 2020 Spiker
1952 1937 2274 2000 ecclesiam
2327 1937 2768 2020 parochialem
2838 1936 2962 2018 ,de
3010 1938 3423 2003 Vollenh0e”
3449 1939 3503 2022 1)
3575 1938 3757 2023 Traj.
3806 1941 3988 2004 dioec.

1144 2048 1526 2110 auctoritate
1591 2045 1927 2108 literarum
1983 2043 2484 2127 apostolicarum
2521 2043 2793 2127 pacifice
2839 2044 3132 2110 obtinuit.
3188 2082 3270 2092 —
3321 2045 3741 2129 Deputantur
3784 2068 3987 2112 execu-

1147 2161 1344 2234 tores,
1395 2155 1558 2215 inter
1606 2171 1761 2236 quos
1810 2149 2182 2213 Everardus
2231 2148 2392 2213 Foec
2437 2157 2497 2213 et
2545 2150 2740 2234 Huyo
2802 2149 3068 2214 Uustinc
3113 2154 3402 2215 canonici
3451 2151 3633 2233 Traj.

1144 2337 1299 2400 Vite
1347 2357 1421 2399 ac
1468 2355 1741 2398 morum.
1773 2381 1787 2395 .
1818 2383 1830 2395 .
1861 2381 1878 2396 .
1936 2331 2087 2396 Dat.
2137 2332 2505 2413 Avinione,
2557 2331 2726 2395 VIII
2775 2331 2872 2395 Id.
2925 2333 3262 2414 Octobris,
3313 2355 3488 2399 anno
3535 2341 3792 2421 quartu.

1343 2471 1465 2532 Rey.
1502 2472 1598 2519 Αυ.
1645 2470 1698 2517 Τ.
1736 2468 1824 2528 13,
1853 2469 1910 2530 s.
1950 2465 2085 2516 2760.

1073 2596 1129 2656 1)
1168 2595 1501 2644 Vollenhove.

916 2938 1114 3007 1884.
1882 2939 2097 3020 1366,
2152 2936 2434 3003 Octobris
2481 2941 2598 3022 21,
2649 2941 3012 3003 Aoemonis.

1233 3094 1676 3179 (Enqelberto)
1732 3093 2202 3176 archiepiscopo
2253 3092 2617 3157 Coloniensi
2662 3096 2922 3178 ejusque
2967 3094 3404 3178 suffrayaneis
3448 3094 3702 3159 diversa
3749 3096 3978 3160 dantur

1140 3202 1447 3266 mandata
1493 3200 1706 3286 quoad
1750 3201 2205 3284 impositionem
2252 3198 2524 3263 decimae
2569 3202 3048 3281 ecclesiasticae,
3097 3205 3166 3263 in
3203 3200 3508 3285 partibus
3557 3203 3981 3266 Alamanniae

1140 3329 1458 3373 concessae
1521 3306 1751 3370 Carolo
1814 3306 2251 3369 Romanorum
2313 3307 2691 3390 imperatori
2751 3306 2796 3370 I
2813 3307 2893 3389 V,
2968 3308 3083 3391 qui
3143 3309 3427 3371 inimicos
3477 3316 3703 3390 partes
3753 3308 3977 3372 Italiae

1137 3416 1531 3479 devastantes
1565 3416 1861 3498 proxime
1907 3421 1967 3477 et
2009 3414 2437 3496 personaliter
2482 3412 2799 3477 debellare
2843 3413 3140 3478 intendit.

1135 3585 1573 3661 Ecclesianim
1621 3596 1932 3659 omnium.
1961 3643 1975 3657 .
2008 3643 2022 3657 .
2051 3642 2067 3658 .
2119 3593 2272 3658 Dat.
2327 3595 2686 3676 Avinione,
2735 3596 2872 3660 XII
2905 3596 3013 3660 Kl.
3049 3595 3477 3677 Novembris,
3511 3617 3685 3661 anno
3722 3604 3961 3682 quarto.

1329 3731 1453 3794 Req.
1504 3731 1621 3778 Vat.
1667 3732 1718 3778 T.
1756 3729 1881 3791 248,
1908 3730 1969 3792 s.
2006 3727 2117 3778 ⁶269.
2192 3727 2254 3776 Iu
2291 3743 2332 3778 e.
2373 3743 2441 3776 m.
2478 3728 2598 3777 aliis
2637 3728 2850 3791 Imperii
2888 3729 3238 3791 praesulibus.

908 4201 1099 4269 1835.
1885 4200 2097 4278 1366,
2151 4197 2435 4262 Octobris
2481 4203 2597 4280 21,
2648 4201 3013 4264 Avenionis.

1224 4356 1459 4420 Iisdem
1507 4356 1943 4433 committitur,
1992 4361 2065 4415 ut
2111 4355 2179 4415 in
2227 4354 2363 4415 suis
2400 4352 2774 4416 dioecesibus
2809 4355 3168 4417 solemniter
3197 4353 3520 4437 publicent
3553 4344 3972 4439 indulyentias

1135 4470 1193 4526 et
1246 4463 1595 4546 privileyia
1658 4462 1736 4523 iis
1800 4480 2116 4540 concessa,
2192 4460 2308 4543 qui
2368 4480 2506 4522 cum
2574 4458 2805 4522 Oarolo
2868 4458 3044 4543 (IV)
3106 4459 3543 4523 Romanorum
3605 4463 3972 4543 imperatore

1133 4571 1456 4632 comitivas
1504 4567 1826 4632 hominum
1862 4586 2222 4650 pravorum
2271 4563 2538 4627 Italiam
2585 4564 3050 4628 devastantium
3098 4565 3567 4629 debellaverint.

1132 4749 1470 4816 Adversus
1517 4745 1853 4833 quosdam.
1930 4793 1944 4808 .
1974 4794 1988 4808 .
2040 4745 2191 4808 Dat.
2243 4747 2604 4829 Avinione,
2655 4747 2794 4812 XII
2841 4748 2950 4812 Kl.
3001 4748 3421 4830 NovembriS,
3472 4769 3646 4812 anno
3695 4757 3942 4834 quarto.

1328 4884 1452 4945 Rey.
1504 4884 1616 4931 Vat.
1664 4884 1718 4930 Τ.
1753 4880 1878 4942 ⁸248,
1907 4882 1968 4945 s.
2006 4880 2140 4929 273r.
2212 4881 2275 4930 In
2313 4896 2354 4930 e.
2395 4895 2464 4931 m.
2499 4882 2617 4930 aliis
2655 4881 2868 4945 Imperii
2907 4882 3256 4944 praesulibus.

907 5355 1099 5424 1836.
1844 5354 2052 5433 1366,
2104 5350 2473 5414 Novembris
2521 5353 2639 5432 22,
2699 5352 3053 5413 Avenionis.

1222 5507 1516 5571 Johanni
1563 5505 1920 5569 Salomonis
1968 5505 2191 5568 clerico
2241 5524 2369 5568 non
2416 5507 2750 5590 conjuqato
2797 5526 2906 5569 nec
2945 5507 3010 5567 in
3044 5505 3247 5568 sacre‘s
3278 5501 3610 5566 ordinibus
3643 5505 3971 5566 constituto

1141 5616 1324 5698 Traj.
1374 5615 1562 5677 dioec.
1613 5613 1943 5695 confertur
1993 5611 2444 5676 tabellionatus
2493 5613 2800 5693 officium.
