4450 6684
1808 516 2055 582 Unam
2064 530 2141 580 os
2191 514 2277 577 V.
3449 511 3478 571 1
3494 509 3529 570 7
3541 509 3571 572 1

734 737 1123 802 Honestatis
1187 741 1256 801 et
1318 736 1611 801 scientie.
1641 782 1656 798 .
1690 787 1698 794 .
1732 784 1747 799 .
1813 735 1965 800 Dat.
2013 733 2189 820 apud
2237 733 2726 797 villamnovam
2775 731 3245 797 Avinionensis
3292 729 3573 794 diocesis

511 846 693 929 (sic),
742 843 847 908 ΠΙ
891 843 1064 909 Non.
1113 843 1438 928 Augusti,
1484 862 1660 908 anno
1710 846 1924 907 sexto.

929 978 1052 1041 περ.
1089 980 1189 1027 Aa.
1232 979 1287 1027 T.
1325 976 1412 1042 18,
1439 979 1500 1041 s.
1535 974 1641 1026 980.

511 1398 707 1466 1869.
1270 1401 1486 1482 1368,
1534 1400 1821 1484 Αα9α3ιί
1865 1401 1985 1479 17,
2033 1419 2138 1483 ap.
2187 1397 2824 1479 Montemflasconem.

833 1552 1082 1618 Olivero
1142 1553 1219 1615 de
1277 1551 1486 1617 Malle
1548 1554 1789 1617 intuitu
1853 1552 2043 1616 Petri
2110 1555 2205 1615 tit.
2264 1551 2332 1615 S.
2381 1553 2768 1615 Anastasiae
2802 1550 3165 1634 presbyteri
3214 1549 3585 1614 Cardinalis

723 1681 853 1745 pro
920 1681 1033 1723 suo
1102 1660 1429 1742 familiari
1496 1660 1923 1744 supplicantis
1985 1659 2409 1741 conferuntur
2471 1659 2877 1721 canonicatus
2939 1664 2996 1720 et
3047 1656 3413 1741 praebenda
3431 1704 3448 1738 ,
3511 1659 3580 1721 in

733 1767 989 1829 ecclesia
1057 1764 1125 1828 S.
1197 1764 1472 1829 Lebuini
1543 1765 1996 1830 Daventriensi
2050 1787 2174 1850 per
2244 1764 2480 1830 obitum
2549 1764 2812 1849 Nicolai
2878 1766 3152 1848 episcopi
3227 1763 3581 1828 Tusculani

732 1880 1022 1936 vacantes
1071 1879 1130 1935 et
1174 1873 1263 1936 10
1309 1893 1674 1936 marcarum
1720 1872 1975 1957 aryenti
2017 1873 2296 1935 valorem
2336 1892 2622 1935 annuum
2660 1892 2783 1934 non
2828 1871 3197 1934 excedentes,
3244 1908 3324 1919 —
3371 1871 3582 1956 Depu-

736 1985 959 2042 tantur
1006 1985 1375 2042 executores.

735 2161 1129 2227 Laudabilia
1159 2164 1528 2249 probitatis.
1549 2211 1600 2227 ..
1621 2211 1635 2227 .
1686 2163 1839 2228 Dat.
1875 2164 2047 2250 apud
2083 2163 2770 2245 Montemflasconem,
2807 2163 2977 2227 XVI
3007 2162 3117 2228 Kl.
3146 2163 3584 2250 Septembris,

510 2288 684 2333 anno
731 2274 944 2333 sexto.

931 2386 1040 2447 Ray
1093 2388 1190 2436 Ao.
1234 2388 1287 2436 T.
1322 2385 1410 2449 19,
1436 2388 1499 2450 f.
1532 2386 1647 2436 484.

513 2805 703 2875 1870.
871 2809 1107 2890 (1367,
1141 2828 1183 2871 a
1212 2808 1314 2872 die
1345 2808 1717 2873 Novembris
1748 2813 1792 2874 6
1822 2830 2023 2895 usque
2053 2810 2141 2874 ad
2170 2810 2334 2874 diem
2369 2808 2740 2874 Novembris
2772 2811 2814 2873 5
2848 2829 2954 2873 an.
2989 2809 3220 2892 1368).

734 2962 1077 3028 Bernardo
1127 2968 1352 3027 sancte
1399 2964 1700 3029 Romane
1749 2965 2024 3030 ecclesie
2071 2965 2458 3051 presbytero
2507 2963 2842 3029 Cardinali
2890 2961 3276 3049 providetur
3314 2960 3396 3026 de
3439 2981 3585 3047 pre-

515 3069 814 3157 positum
881 3090 1030 3134 cum
1100 3071 1491 3136 canonicatu
1563 3072 1687 3135 sub
1756 3072 2223 3158 expectatione
2295 3071 2634 3160 prebende
2700 3070 2974 3136 ecclesie
3039 3070 3252 3135 sancti
3297 3068 3586 3135 Lebuini

511 3175 1015 3243 Davantriensis
1062 3176 1505 3261 TraJ’ectensis
1553 3177 1852 3243 diocesis.

934 3313 1026 3361 Ita
1061 3312 1248 3375 legitur
1283 3312 1406 3376 Beq.
1442 3314 1540 3362 Av.
1583 3309 1643 3364 T.
1684 3311 1765 3372 18,
1793 3315 1849 3376 s.
1885 3314 1937 3376 2,
1974 3313 2035 3363 πο
2068 3314 2101 3363 4
2132 3314 2189 3364 in
2223 3314 2431 3364 rubrica
2466 3315 2734 3364 literarum
2769 3314 2894 3363 anni
2925 3314 3078 3376 sexti,
3117 3329 3245 3377 quae
3277 3313 3533 3379 deficiunt.

515 3772 696 3841 1871.
1201 3780 1410 3858 1368,
1462 3772 1835 3846 Novembris
1879 3784 2000 3863 19,
2050 3782 2290 3847 Romae
2336 3804 2443 3869 ap.
2493 3782 2561 3847 S.
2613 3784 2902 3849 Petrum.

826 3930 1114 3996 Swedero
1182 3930 1480 4015 (Uterlo)
1536 3936 1909 4017 praeposito
1991 3933 2173 4017 Traj.
2240 3936 2645 4021 indulyetur,
2710 3936 2881 4022 quod
2937 3941 3007 4002 in
3056 3939 3205 4002 locis
3249 3939 3584 4003 interdicto

735 4039 1080 4122 suppositis
1138 4037 1409 4102 Missam
1471 4039 1731 4124 aliaque
1776 4038 1997 4103 divina
2042 4040 2265 4123 officia
2301 4044 2617 4126 privatim
2664 4042 2973 4107 celebrare
3019 4045 3117 4107 vel
3161 4042 3282 4107 sibi
3325 4046 3583 4129 suisque

730 4143 1173 4225 familiaribus
1218 4144 1525 4209 celebrari
1564 4145 1777 4227 facere
1822 4148 2053 4211 valeat.

738 4327 1132 4393 Devotionis
1178 4334 1313 4394 tue.
1338 4377 1352 4392 .
1374 4377 1389 4393 .
1410 4377 1426 4394 .
1476 4329 1630 4394 Dat.
1664 4330 1878 4395 Rome
1915 4329 2089 4417 apud
2124 4329 2441 4394 Sanctum
2473 4329 2776 4412 Petrum,
2814 4329 2988 4395 XIII
3020 4329 3130 4395 Kl.
3165 4329 3576 4415 Decembris,

511 4452 687 4497 anno
734 4434 1032 4519 septimo.

931 4549 1056 4612 Ray.
1090 4550 1189 4599 Au.
1234 4552 1287 4600 Τ.
1321 4549 1411 4614 20,
1437 4552 1497 4614 s.
1533 4548 1648 4599 408.

513 4969 701 5040 1872.
1200 4975 1381 5039 1368
1396 5021 1418 5056 ,,
1467 4972 1824 5037 Decembris
1869 4973 1993 5055 29,
2043 4971 2284 5035 Romae
2328 4993 2435 5056 ap.
2484 4970 2553 5035 S.
2602 4970 2893 5036 Petrum.

828 5128 1165 5194 Frederico
1227 5128 1392 5193 dicto
1443 5128 1787 5214 Capellam
1834 5129 2057 5192 clerico
2105 5127 2437 5208 confertur
2478 5135 2854 5212 perpetuum
2900 5130 2970 5192 in
3014 5130 3268 5194 ecclesia
3315 5129 3382 5194 S.
3432 5130 3578 5194 Sal-

736 5239 973 5300 vatoris
1027 5235 1208 5319 Traj.
1256 5235 1644 5318 beneficium,
1693 5237 1783 5299 35
1825 5234 2210 5316 florenorum
2258 5237 2411 5298 auri
2454 5235 2730 5298 valorem
2778 5255 3064 5298 annuum
3111 5257 3238 5300 non
3283 5236 3576 5300 excedens

738 5363 1092 5428 vacansque
1158 5364 1234 5407 ex
1300 5364 1404 5425 eo,
1478 5340 1649 5428 quod
1706 5340 2030 5405 Henricus
2091 5340 2300 5405 dictus
2357 5339 2593 5404 Emont
2635 5342 2847 5424 viqore
2895 5341 3228 5405 literarum
3275 5344 3577 5427 apostoli-

737 5469 986 5531 carum,
1034 5449 1263 5535 quibus
1307 5452 1434 5535 ipsi
1479 5448 1724 5513 dudum
1770 5448 2129 5530 beneficium
2176 5468 2220 5511 a
2257 5447 2491 5512 decano
2522 5454 2582 5510 et
2612 5447 2893 5531 capitulo
2926 5445 2994 5510 S.
3027 5446 3352 5512 Johannis
3392 5448 3574 5531 Trqj.

740 5555 1188 5638 conferendum
1231 5557 1367 5638 fuit
1412 5562 1832 5636 reservatum,
1880 5556 2199 5619 ecclesiam
2237 5553 2681 5639 parochialem
2729 5551 2850 5633 „de
2886 5552 3264 5618 Busichen”
3297 5555 3345 5636 ¹)
3394 5554 3578 5636 Traj.

741 5662 929 5728 dioec.
964 5661 1235 5748 pacifice
1277 5662 1566 5727 obtinuit.
