<?xml version="1.0" encoding="UTF-8"?>
<!DOCTYPE html PUBLIC "-//W3C//DTD XHTML 1.0 Transitional//EN"
    "http://www.w3.org/TR/xhtml1/DTD/xhtml1-transitional.dtd">
<html xmlns="http://www.w3.org/1999/xhtml" xml:lang="en" lang="en">
 <head>
  <title>
</title>
<meta http-equiv="Content-Type" content="text/html;charset=utf-8" />
  <meta name='ocr-system' content='tesseract 3.04.00' />
  <meta name='ocr-capabilities' content='ocr_page ocr_carea ocr_par ocr_line ocrx_word'/>
</head>
<body>
  <div class='ocr_page' id='page_1' title='image "./bullariumtrajec00nethgoog_0164.png"; bbox 0 0 4450 6684; ppageno 0'>
   <div class='ocr_carea' id='block_1_1' title="bbox 854 525 2703 595">
    <p class='ocr_par' dir='ltr' id='par_1_1' title="bbox 854 525 2703 595">
     <span class='ocr_line' id='line_1_1' title="bbox 854 525 2703 595; baseline -0.003 0"><span class='ocrx_word' id='word_1_1' title='bbox 854 532 938 595; x_wconf 80' lang='lat'><strong>72</strong></span> <span class='ocrx_word' id='word_1_2' title='bbox 2077 528 2537 593; x_wconf 62' lang='lat' dir='ltr'><strong>Innocmrrms</strong></span> <span class='ocrx_word' id='word_1_3' title='bbox 2583 525 2703 591; x_wconf 89' lang='lat' dir='ltr'><strong>VI.</strong></span> 
     </span>
    </p>
   </div>
   <div class='ocr_carea' id='block_1_2' title="bbox 845 745 2915 830">
    <p class='ocr_par' dir='ltr' id='par_1_2' title="bbox 845 745 2915 830">
     <span class='ocr_line' id='line_1_2' title="bbox 845 745 2915 830; baseline -0.002 -17"><span class='ocrx_word' id='word_1_4' title='bbox 845 745 1032 815; x_wconf 78' lang='lat'><strong>1537.</strong></span> <span class='ocrx_word' id='word_1_5' title='bbox 1863 748 2083 830; x_wconf 86' lang='lat'><strong><em>1355,</em></strong></span> <span class='ocrx_word' id='word_1_6' title='bbox 2134 746 2330 811; x_wconf 81' lang='lat' dir='ltr'><strong>Junii</strong></span> <span class='ocrx_word' id='word_1_7' title='bbox 2373 747 2499 829; x_wconf 83' lang='lat'><strong>30,</strong></span> <span class='ocrx_word' id='word_1_8' title='bbox 2548 747 2915 810; x_wconf 84' lang='lat' dir='ltr'><strong>Avenionis.</strong></span> 
     </span>
    </p>
   </div>
   <div class='ocr_carea' id='block_1_3' title="bbox 1067 898 3923 1305">
    <p class='ocr_par' dir='ltr' id='par_1_3' title="bbox 1067 898 3923 1305">
     <span class='ocr_line' id='line_1_3' title="bbox 1160 898 3923 987; baseline 0 -22"><span class='ocrx_word' id='word_1_9' title='bbox 1160 900 1455 967; x_wconf 80' lang='lat' dir='ltr'><strong>Johanni</strong></span> <span class='ocrx_word' id='word_1_10' title='bbox 1499 900 1576 966; x_wconf 82' lang='lat' dir='ltr'><strong>de</strong></span> <span class='ocrx_word' id='word_1_11' title='bbox 1623 900 1853 987; x_wconf 84' lang='lat' dir='ltr'><strong>Steyne</strong></span> <span class='ocrx_word' id='word_1_12' title='bbox 1897 901 2321 982; x_wconf 81' lang='lat' dir='ltr'><strong>conferuntur</strong></span> <span class='ocrx_word' id='word_1_13' title='bbox 2365 900 2773 964; x_wconf 70' lang='lat' dir='ltr'><strong><em>canonicatus</em></strong></span> <span class='ocrx_word' id='word_1_14' title='bbox 2818 906 2878 963; x_wconf 88' lang='lat' dir='ltr'><strong>et</strong></span> <span class='ocrx_word' id='word_1_15' title='bbox 2912 898 3284 983; x_wconf 82' lang='lat' dir='ltr'><strong>praebenda</strong></span> <span class='ocrx_word' id='word_1_16' title='bbox 3327 900 3617 964; x_wconf 74' lang='lat' dir='ltr'><strong>ecclesiae</strong></span> <span class='ocrx_word' id='word_1_17' title='bbox 3670 898 3923 984; x_wconf 82' lang='lat' dir='ltr'><strong>Trajec-</strong></span> 
     </span>
     <span class='ocr_line' id='line_1_4' title="bbox 1072 1004 3921 1093; baseline 0 -22"><span class='ocrx_word' id='word_1_18' title='bbox 1072 1009 1294 1090; x_wconf 81' lang='lat' dir='ltr'><strong>tensis,</strong></span> <span class='ocrx_word' id='word_1_19' title='bbox 1331 1028 1463 1093; x_wconf 88' lang='lat' dir='ltr'><strong>pro</strong></span> <span class='ocrx_word' id='word_1_20' title='bbox 1511 1007 1739 1093; x_wconf 81' lang='lat' dir='ltr'><strong>quibus</strong></span> <span class='ocrx_word' id='word_1_21' title='bbox 1784 1009 2026 1072; x_wconf 77' lang='lat' dir='ltr'><strong><em>similia</em></strong></span> <span class='ocrx_word' id='word_1_22' title='bbox 2070 1009 2141 1072; x_wconf 85' lang='lat' dir='ltr'><strong>in</strong></span> <span class='ocrx_word' id='word_1_23' title='bbox 2189 1008 2445 1071; x_wconf 83' lang='lat' dir='ltr'><strong>ecclesia</strong></span> <span class='ocrx_word' id='word_1_24' title='bbox 2492 1006 2560 1070; x_wconf 81' lang='lat' dir='ltr'><strong>S.</strong></span> <span class='ocrx_word' id='word_1_25' title='bbox 2611 1004 2802 1070; x_wconf 83' lang='lat' dir='ltr'><strong>Petri</strong></span> <span class='ocrx_word' id='word_1_26' title='bbox 2844 1004 3182 1070; x_wconf 77' lang='lat' dir='ltr'><strong>Leodiensi</strong></span> <span class='ocrx_word' id='word_1_27' title='bbox 3225 1005 3522 1088; x_wconf 70' lang='lat' dir='ltr'><strong>beneficia</strong></span> <span class='ocrx_word' id='word_1_28' title='bbox 3567 1026 3707 1071; x_wconf 82' lang='lat' dir='ltr'><strong>cum</strong></span> <span class='ocrx_word' id='word_1_29' title='bbox 3755 1005 3921 1071; x_wconf 64' lang='lat' dir='ltr'><strong>Glae-</strong></span> 
     </span>
     <span class='ocr_line' id='line_1_5' title="bbox 1067 1112 3918 1200; baseline 0 -22"><span class='ocrx_word' id='word_1_30' title='bbox 1067 1114 1266 1179; x_wconf 85' lang='lat' dir='ltr'><strong>rardo</strong></span> <span class='ocrx_word' id='word_1_31' title='bbox 1312 1112 1563 1195; x_wconf 78' lang='grc' dir='ltr'><em>Βναπε,</em></span> <span class='ocrx_word' id='word_1_32' title='bbox 1612 1116 1792 1197; x_wconf 82' lang='lat' dir='ltr'><strong>cujus</strong></span> <span class='ocrx_word' id='word_1_33' title='bbox 1837 1117 1908 1179; x_wconf 88' lang='lat' dir='ltr'><strong>in</strong></span> <span class='ocrx_word' id='word_1_34' title='bbox 1953 1116 2378 1200; x_wconf 77' lang='lat' dir='ltr'><strong>resiynatione</strong></span> <span class='ocrx_word' id='word_1_35' title='bbox 2411 1120 2807 1199; x_wconf 83' lang='lat' dir='ltr'><strong>procurator</strong></span> <span class='ocrx_word' id='word_1_36' title='bbox 2853 1120 2994 1178; x_wconf 86' lang='lat' dir='ltr'><strong>erat</strong></span> <span class='ocrx_word' id='word_1_37' title='bbox 3039 1112 3321 1178; x_wconf 83' lang='lat' dir='ltr'><strong>Jacobus</strong></span> <span class='ocrx_word' id='word_1_38' title='bbox 3366 1113 3444 1178; x_wconf 85' lang='lat' dir='ltr'><strong>de</strong></span> <span class='ocrx_word' id='word_1_39' title='bbox 3495 1112 3688 1178; x_wconf 84' lang='lat' dir='ltr'><strong>Velde</strong></span> <span class='ocrx_word' id='word_1_40' title='bbox 3732 1133 3918 1179; x_wconf 88' lang='lat' dir='ltr'><strong>cano-</strong></span> 
     </span>
     <span class='ocr_line' id='line_1_6' title="bbox 1067 1219 3696 1305; baseline 0 -21"><span class='ocrx_word' id='word_1_41' title='bbox 1067 1222 1246 1284; x_wconf 82' lang='lat' dir='ltr'><strong>nicus</strong></span> <span class='ocrx_word' id='word_1_42' title='bbox 1293 1219 1361 1284; x_wconf 85' lang='lat' dir='ltr'><strong>S.</strong></span> <span class='ocrx_word' id='word_1_43' title='bbox 1411 1220 1602 1284; x_wconf 81' lang='lat' dir='ltr'><strong>Petri</strong></span> <span class='ocrx_word' id='word_1_44' title='bbox 1655 1220 1876 1303; x_wconf 87' lang='lat' dir='ltr'><strong>Traj.‚</strong></span> <span class='ocrx_word' id='word_1_45' title='bbox 1914 1222 2176 1305; x_wconf 82' lang='lat' dir='ltr'><strong>putavit</strong></span> <span class='ocrx_word' id='word_1_46' title='bbox 2213 1219 2671 1305; x_wconf 83' lang='lat' dir='ltr'><strong>permutanda.</strong></span> <span class='ocrx_word' id='word_1_47' title='bbox 2726 1257 2809 1267; x_wconf 95' lang='lat'><strong>—</strong></span> <span class='ocrx_word' id='word_1_48' title='bbox 2858 1219 3277 1303; x_wconf 80' lang='lat' dir='ltr'><strong>Deputantar</strong></span> <span class='ocrx_word' id='word_1_49' title='bbox 3321 1226 3696 1285; x_wconf 57' lang='lat' dir='ltr'><strong>necatores.</strong></span> 
     </span>
    </p>
   </div>
   <div class='ocr_carea' id='block_1_4' title="bbox 837 1400 3916 1800">
    <p class='ocr_par' dir='ltr' id='par_1_4' title="bbox 837 1400 3916 1700">
     <span class='ocr_line' id='line_1_7' title="bbox 1063 1400 3904 1492; baseline -0.001 -22"><span class='ocrx_word' id='word_1_50' title='bbox 1063 1404 1447 1492; x_wconf 86' lang='lat' dir='ltr'><strong>Apostolice</strong></span> <span class='ocrx_word' id='word_1_51' title='bbox 1511 1402 1706 1470; x_wconf 87' lang='lat' dir='ltr'><strong>sedis.</strong></span> <span class='ocrx_word' id='word_1_52' title='bbox 1737 1452 1753 1468; x_wconf 91' lang='lat'><strong>.</strong></span> <span class='ocrx_word' id='word_1_53' title='bbox 1783 1452 1798 1468; x_wconf 93' lang='lat'><strong>.</strong></span> <span class='ocrx_word' id='word_1_54' title='bbox 1826 1452 1843 1468; x_wconf 92' lang='lat'><strong>.</strong></span> <span class='ocrx_word' id='word_1_55' title='bbox 1909 1405 2061 1470; x_wconf 84' lang='lat' dir='ltr'><strong>Non</strong></span> <span class='ocrx_word' id='word_1_56' title='bbox 2125 1401 2545 1470; x_wconf 78' lang='lat' dir='ltr'><strong>obstantibus</strong></span> <span class='ocrx_word' id='word_1_57' title='bbox 2603 1450 2619 1466; x_wconf 91' lang='lat'><strong>.</strong></span> <span class='ocrx_word' id='word_1_58' title='bbox 2648 1450 2665 1467; x_wconf 94' lang='lat'><strong>.</strong></span> <span class='ocrx_word' id='word_1_59' title='bbox 2693 1449 2709 1466; x_wconf 92' lang='lat'><strong>.</strong></span> <span class='ocrx_word' id='word_1_60' title='bbox 2737 1450 2753 1466; x_wconf 91' lang='lat'><strong>.</strong></span> <span class='ocrx_word' id='word_1_61' title='bbox 2814 1400 2990 1489; x_wconf 85' lang='lat' dir='ltr'><strong>quod</strong></span> <span class='ocrx_word' id='word_1_62' title='bbox 3036 1400 3512 1488; x_wconf 78' lang='lat' dir='ltr'><strong>parrochialem</strong></span> <span class='ocrx_word' id='word_1_63' title='bbox 3558 1403 3904 1468; x_wconf 88' lang='lat' dir='ltr'><strong>ecclesiam</strong></span> 
     </span>
     <span class='ocr_line' id='line_1_8' title="bbox 840 1508 3916 1596; baseline 0 -21"><span class='ocrx_word' id='word_1_64' title='bbox 840 1509 924 1576; x_wconf 88' lang='lat' dir='ltr'><strong>de</strong></span> <span class='ocrx_word' id='word_1_65' title='bbox 987 1510 1324 1594; x_wconf 85' lang='lat' dir='ltr'><strong>Melsen¹)</strong></span> <span class='ocrx_word' id='word_1_66' title='bbox 1370 1510 1816 1596; x_wconf 87' lang='lat' dir='ltr'><strong>Trajectensis</strong></span> <span class='ocrx_word' id='word_1_67' title='bbox 1864 1509 2143 1575; x_wconf 86' lang='lat' dir='ltr'><strong>diocesis</strong></span> <span class='ocrx_word' id='word_1_68' title='bbox 2191 1509 2483 1575; x_wconf 89' lang='lat' dir='ltr'><strong>nosceris</strong></span> <span class='ocrx_word' id='word_1_69' title='bbox 2531 1508 2853 1575; x_wconf 88' lang='lat' dir='ltr'><strong>obtinere.</strong></span> <span class='ocrx_word' id='word_1_70' title='bbox 2883 1557 2898 1573; x_wconf 94' lang='lat'><strong>.</strong></span> <span class='ocrx_word' id='word_1_71' title='bbox 2927 1556 2944 1573; x_wconf 94' lang='lat'><strong>.</strong></span> <span class='ocrx_word' id='word_1_72' title='bbox 2975 1557 2990 1573; x_wconf 95' lang='lat'><strong>.</strong></span> <span class='ocrx_word' id='word_1_73' title='bbox 3061 1509 3216 1574; x_wconf 88' lang='lat' dir='ltr'><strong>Dat.</strong></span> <span class='ocrx_word' id='word_1_74' title='bbox 3266 1508 3636 1591; x_wconf 81' lang='lat' dir='ltr'><strong>Avinione,</strong></span> <span class='ocrx_word' id='word_1_75' title='bbox 3689 1509 3760 1575; x_wconf 89' lang='lat' dir='ltr'>H</span> <span class='ocrx_word' id='word_1_76' title='bbox 3803 1509 3916 1575; x_wconf 87' lang='lat' dir='ltr'><strong>Kl.</strong></span> 
     </span>
     <span class='ocr_line' id='line_1_9' title="bbox 837 1617 1538 1700; baseline -0.003 -17"><span class='ocrx_word' id='word_1_77' title='bbox 837 1617 1036 1700; x_wconf 87' lang='lat' dir='ltr'><strong>Julii,</strong></span> <span class='ocrx_word' id='word_1_78' title='bbox 1087 1637 1262 1683; x_wconf 88' lang='lat' dir='ltr'><strong>anno</strong></span> <span class='ocrx_word' id='word_1_79' title='bbox 1311 1617 1538 1682; x_wconf 87' lang='lat' dir='ltr'><strong>tercio.</strong></span> 
     </span>
    </p>

    <p class='ocr_par' dir='ltr' id='par_1_5' title="bbox 1258 1734 1947 1800">
     <span class='ocr_line' id='line_1_10' title="bbox 1258 1734 1947 1800; baseline 0 -15"><span class='ocrx_word' id='word_1_80' title='bbox 1258 1737 1367 1799; x_wconf 64' lang='grc' dir='ltr'><strong>περ</strong></span> <span class='ocrx_word' id='word_1_81' title='bbox 1419 1738 1517 1785; x_wconf 71' lang='lat' dir='ltr'><strong>An.</strong></span> <span class='ocrx_word' id='word_1_82' title='bbox 1563 1737 1618 1785; x_wconf 77' lang='lat' dir='ltr'><strong>T.</strong></span> <span class='ocrx_word' id='word_1_83' title='bbox 1652 1734 1709 1800; x_wconf 84' lang='lat'><strong>9,</strong></span> <span class='ocrx_word' id='word_1_84' title='bbox 1734 1737 1796 1800; x_wconf 79' lang='lat' dir='ltr'><strong>f.</strong></span> <span class='ocrx_word' id='word_1_85' title='bbox 1831 1734 1947 1785; x_wconf 72' lang='lat'><strong>282.</strong></span> 
     </span>
    </p>
   </div>
   <div class='ocr_carea' id='block_1_5' title="bbox 986 1862 1613 1927">
    <p class='ocr_par' dir='ltr' id='par_1_6' title="bbox 986 1862 1613 1927">
     <span class='ocr_line' id='line_1_11' title="bbox 986 1862 1613 1927; baseline -0.002 -14"><span class='ocrx_word' id='word_1_86' title='bbox 986 1864 1044 1927; x_wconf 86' lang='lat'><strong>1)</strong></span> <span class='ocrx_word' id='word_1_87' title='bbox 1082 1862 1284 1913; x_wconf 79' lang='lat' dir='ltr'><strong>Malsen</strong></span> <span class='ocrx_word' id='word_1_88' title='bbox 1321 1864 1377 1913; x_wconf 88' lang='lat' dir='ltr'><strong>in</strong></span> <span class='ocrx_word' id='word_1_89' title='bbox 1415 1862 1613 1913; x_wconf 87' lang='lat' dir='ltr'><strong>Gelria.</strong></span> 
     </span>
    </p>
   </div>
   <div class='ocr_carea' id='block_1_6' title="bbox 832 2236 3059 2321">
    <p class='ocr_par' dir='ltr' id='par_1_7' title="bbox 832 2236 3059 2321">
     <span class='ocr_line' id='line_1_12' title="bbox 832 2236 3059 2321; baseline -0.001 -18"><span class='ocrx_word' id='word_1_90' title='bbox 832 2236 1024 2304; x_wconf 82' lang='lat'><strong>1538.</strong></span> <span class='ocrx_word' id='word_1_91' title='bbox 1686 2238 1895 2320; x_wconf 83' lang='lat'><strong>1355,</strong></span> <span class='ocrx_word' id='word_1_92' title='bbox 1945 2239 2232 2321; x_wconf 74' lang='lat' dir='ltr'><strong>Anqusti</strong></span> <span class='ocrx_word' id='word_1_93' title='bbox 2276 2241 2350 2319; x_wconf 89' lang='lat'><strong>5,</strong></span> <span class='ocrx_word' id='word_1_94' title='bbox 2399 2258 2505 2321; x_wconf 87' lang='lat' dir='ltr'><strong>ap.</strong></span> <span class='ocrx_word' id='word_1_95' title='bbox 2570 2237 3059 2303; x_wconf 84' lang='lat' dir='ltr'><strong>Villamnovam.</strong></span> 
     </span>
    </p>
   </div>
   <div class='ocr_carea' id='block_1_7' title="bbox 1051 2388 3916 2687">
    <p class='ocr_par' dir='ltr' id='par_1_8' title="bbox 1051 2388 3916 2687">
     <span class='ocr_line' id='line_1_13' title="bbox 1146 2388 3913 2475; baseline 0 -22"><span class='ocrx_word' id='word_1_96' title='bbox 1146 2389 1422 2454; x_wconf 85' lang='lat' dir='ltr'><strong>Suedero</strong></span> <span class='ocrx_word' id='word_1_97' title='bbox 1470 2388 1545 2452; x_wconf 83' lang='lat' dir='ltr'><strong>de</strong></span> <span class='ocrx_word' id='word_1_98' title='bbox 1594 2388 1874 2453; x_wconf 86' lang='lat' dir='ltr'><strong>Honsele</strong></span> <span class='ocrx_word' id='word_1_99' title='bbox 1921 2391 2144 2453; x_wconf 83' lang='lat' dir='ltr'><strong>clerico</strong></span> <span class='ocrx_word' id='word_1_100' title='bbox 2201 2389 2384 2473; x_wconf 85' lang='lat' dir='ltr'><strong>Traj.</strong></span> <span class='ocrx_word' id='word_1_101' title='bbox 2438 2390 2627 2455; x_wconf 82' lang='lat' dir='ltr'><strong><em>dioec.</em></strong></span> <span class='ocrx_word' id='word_1_102' title='bbox 2677 2392 3127 2475; x_wconf 81' lang='lat' dir='ltr'><strong>conferendum</strong></span> <span class='ocrx_word' id='word_1_103' title='bbox 3159 2398 3523 2456; x_wconf 71' lang='lat' dir='ltr'><strong>reservatur</strong></span> <span class='ocrx_word' id='word_1_104' title='bbox 3554 2389 3913 2473; x_wconf 80' lang='lat' dir='ltr'><strong>beneficium</strong></span> 
     </span>
     <span class='ocr_line' id='line_1_14' title="bbox 1053 2495 3916 2583; baseline -0 -24"><span class='ocrx_word' id='word_1_105' title='bbox 1053 2498 1187 2559; x_wconf 80' lang='lat' dir='ltr'><strong>sine</strong></span> <span class='ocrx_word' id='word_1_106' title='bbox 1248 2517 1407 2559; x_wconf 80' lang='lat' dir='ltr'><strong>cura</strong></span> <span class='ocrx_word' id='word_1_107' title='bbox 1471 2497 1538 2558; x_wconf 86' lang='lat' dir='ltr'><strong>in</strong></span> <span class='ocrx_word' id='word_1_108' title='bbox 1601 2497 1858 2559; x_wconf 79' lang='lat' dir='ltr'><strong>ecclesia</strong></span> <span class='ocrx_word' id='word_1_109' title='bbox 1913 2495 2306 2579; x_wconf 85' lang='lat' dir='ltr'><strong>Trajectensi</strong></span> <span class='ocrx_word' id='word_1_110' title='bbox 2351 2504 2409 2560; x_wconf 90' lang='lat' dir='ltr'><strong>et</strong></span> <span class='ocrx_word' id='word_1_111' title='bbox 2457 2498 2545 2561; x_wconf 85' lang='grc'><strong>18</strong></span> <span class='ocrx_word' id='word_1_112' title='bbox 2592 2519 2957 2561; x_wconf 81' lang='lat' dir='ltr'><strong>marcarum</strong></span> <span class='ocrx_word' id='word_1_113' title='bbox 3005 2500 3261 2583; x_wconf 76' lang='lat' dir='ltr'><strong>arqenti</strong></span> <span class='ocrx_word' id='word_1_114' title='bbox 3303 2499 3581 2562; x_wconf 85' lang='lat' dir='ltr'><strong>valorem</strong></span> <span class='ocrx_word' id='word_1_115' title='bbox 3628 2516 3916 2561; x_wconf 74' lang='lat' dir='ltr'><strong>annuum</strong></span> 
     </span>
     <span class='ocr_line' id='line_1_15' title="bbox 1051 2602 2567 2687; baseline 0.001 -20"><span class='ocrx_word' id='word_1_116' title='bbox 1051 2624 1178 2667; x_wconf 82' lang='lat' dir='ltr'><strong>non</strong></span> <span class='ocrx_word' id='word_1_117' title='bbox 1224 2603 1538 2666; x_wconf 71' lang='lat' dir='ltr'><strong>excedens.</strong></span> <span class='ocrx_word' id='word_1_118' title='bbox 1593 2640 1674 2650; x_wconf 95' lang='lat'>—</span> <span class='ocrx_word' id='word_1_119' title='bbox 1724 2602 2143 2687; x_wconf 84' lang='lat' dir='ltr'><strong>Deputantur</strong></span> <span class='ocrx_word' id='word_1_120' title='bbox 2190 2611 2567 2668; x_wconf 76' lang='lat' dir='ltr'><strong>executores.</strong></span> 
     </span>
    </p>
   </div>
   <div class='ocr_carea' id='block_1_8' title="bbox 829 2783 3911 3085">
    <p class='ocr_par' dir='ltr' id='par_1_9' title="bbox 829 2783 3911 3085">
     <span class='ocr_line' id='line_1_16' title="bbox 1053 2783 3904 2873; baseline 0 -25"><span class='ocrx_word' id='word_1_121' title='bbox 1053 2783 1447 2849; x_wconf 88' lang='lat' dir='ltr'><strong>Laudabilia</strong></span> <span class='ocrx_word' id='word_1_122' title='bbox 1494 2790 1625 2848; x_wconf 83' lang='lat' dir='ltr'><strong>tue.</strong></span> <span class='ocrx_word' id='word_1_123' title='bbox 1654 2832 1669 2848; x_wconf 90' lang='lat'><strong>.</strong></span> <span class='ocrx_word' id='word_1_124' title='bbox 1700 2832 1716 2848; x_wconf 93' lang='lat'><strong>.</strong></span> <span class='ocrx_word' id='word_1_125' title='bbox 1744 2832 1760 2848; x_wconf 93' lang='lat'><strong>.</strong></span> <span class='ocrx_word' id='word_1_126' title='bbox 1819 2783 1972 2849; x_wconf 87' lang='lat' dir='ltr'><strong>Non</strong></span> <span class='ocrx_word' id='word_1_127' title='bbox 2020 2785 2439 2850; x_wconf 79' lang='lat' dir='ltr'><strong>obstantibus</strong></span> <span class='ocrx_word' id='word_1_128' title='bbox 2487 2833 2503 2849; x_wconf 93' lang='lat'><strong>.</strong></span> <span class='ocrx_word' id='word_1_129' title='bbox 2535 2833 2550 2849; x_wconf 96' lang='lat'><strong>.</strong></span> <span class='ocrx_word' id='word_1_130' title='bbox 2581 2834 2596 2850; x_wconf 94' lang='lat'><strong>.</strong></span> <span class='ocrx_word' id='word_1_131' title='bbox 2628 2833 2644 2850; x_wconf 95' lang='lat'><strong>.</strong></span> <span class='ocrx_word' id='word_1_132' title='bbox 2693 2784 2869 2871; x_wconf 89' lang='lat' dir='ltr'><strong>quod</strong></span> <span class='ocrx_word' id='word_1_133' title='bbox 2918 2785 3264 2852; x_wconf 90' lang='lat' dir='ltr'><strong>ecclesiam</strong></span> <span class='ocrx_word' id='word_1_134' title='bbox 3312 2784 3787 2873; x_wconf 79' lang='lat' dir='ltr'><strong>parrochialem</strong></span> <span class='ocrx_word' id='word_1_135' title='bbox 3831 2785 3904 2849; x_wconf 90' lang='lat' dir='ltr'><strong>in</strong></span> 
     </span>
     <span class='ocr_line' id='line_1_17' title="bbox 829 2889 3911 2980; baseline 0 -25"><span class='ocrx_word' id='word_1_136' title='bbox 829 2889 1130 2955; x_wconf 86' lang='lat' dir='ltr'><strong>Lienden</strong></span> <span class='ocrx_word' id='word_1_137' title='bbox 1192 2890 1365 2955; x_wconf 87' lang='lat' dir='ltr'><strong>dicte</strong></span> <span class='ocrx_word' id='word_1_138' title='bbox 1429 2890 1872 2974; x_wconf 84' lang='lat' dir='ltr'><strong>Trajectensis</strong></span> <span class='ocrx_word' id='word_1_139' title='bbox 1938 2890 2215 2955; x_wconf 89' lang='lat' dir='ltr'><strong>diocesis</strong></span> <span class='ocrx_word' id='word_1_140' title='bbox 2282 2940 2298 2956; x_wconf 93' lang='lat'><strong>.</strong></span> <span class='ocrx_word' id='word_1_141' title='bbox 2329 2939 2344 2957; x_wconf 94' lang='lat'><strong>.</strong></span> <span class='ocrx_word' id='word_1_142' title='bbox 2375 2940 2391 2955; x_wconf 96' lang='lat'><strong>.</strong></span> <span class='ocrx_word' id='word_1_143' title='bbox 2421 2939 2437 2956; x_wconf 94' lang='lat'><strong>.</strong></span> <span class='ocrx_word' id='word_1_144' title='bbox 2505 2898 2571 2957; x_wconf 87' lang='lat' dir='ltr'><strong>te</strong></span> <span class='ocrx_word' id='word_1_145' title='bbox 2635 2893 2872 2958; x_wconf 85' lang='lat' dir='ltr'><strong>asseris</strong></span> <span class='ocrx_word' id='word_1_146' title='bbox 2935 2898 3312 2980; x_wconf 77' lang='lat' dir='ltr'><strong>acceptasse</strong></span> <span class='ocrx_word' id='word_1_147' title='bbox 3376 2898 3445 2957; x_wconf 86' lang='lat' dir='ltr'><strong>et</strong></span> <span class='ocrx_word' id='word_1_148' title='bbox 3505 2912 3705 2979; x_wconf 88' lang='lat' dir='ltr'><strong>super</strong></span> <span class='ocrx_word' id='word_1_149' title='bbox 3765 2893 3911 2978; x_wconf 89' lang='lat' dir='ltr'><strong>ipsa</strong></span> 
     </span>
     <span class='ocr_line' id='line_1_18' title="bbox 831 2997 3902 3085; baseline 0 -23"><span class='ocrx_word' id='word_1_150' title='bbox 831 2997 1108 3063; x_wconf 86' lang='lat' dir='ltr'><strong>ecclesia</strong></span> <span class='ocrx_word' id='word_1_151' title='bbox 1153 2997 1544 3084; x_wconf 86' lang='lat' dir='ltr'><strong>parrochiali</strong></span> <span class='ocrx_word' id='word_1_152' title='bbox 1593 2999 1766 3062; x_wconf 90' lang='lat' dir='ltr'><strong>inter</strong></span> <span class='ocrx_word' id='word_1_153' title='bbox 1814 3003 1881 3061; x_wconf 86' lang='lat' dir='ltr'><strong>te</strong></span> <span class='ocrx_word' id='word_1_154' title='bbox 1915 3004 1982 3062; x_wconf 87' lang='lat' dir='ltr'><strong>et</strong></span> <span class='ocrx_word' id='word_1_155' title='bbox 2016 2998 2349 3083; x_wconf 87' lang='lat' dir='ltr'><strong>quendam</strong></span> <span class='ocrx_word' id='word_1_156' title='bbox 2380 2999 2582 3064; x_wconf 90' lang='lat' dir='ltr'><strong>alium</strong></span> <span class='ocrx_word' id='word_1_157' title='bbox 2615 3001 3130 3066; x_wconf 87' lang='lat' dir='ltr'><strong>controversiam</strong></span> <span class='ocrx_word' id='word_1_158' title='bbox 3165 3002 3306 3085; x_wconf 87' lang='lat' dir='ltr'><strong>jam</strong></span> <span class='ocrx_word' id='word_1_159' title='bbox 3338 3005 3584 3065; x_wconf 90' lang='lat' dir='ltr'><strong>motam</strong></span> <span class='ocrx_word' id='word_1_160' title='bbox 3616 3019 3825 3081; x_wconf 35' lang='lat' dir='ltr'><strong>esse...</strong></span> <span class='ocrx_word' id='word_1_161' title='bbox 3847 3044 3863 3060; x_wconf 91' lang='lat'><strong>.</strong></span> <span class='ocrx_word' id='word_1_162' title='bbox 3885 3046 3902 3062; x_wconf 92' lang='lat'><strong>.</strong></span> 
     </span>
    </p>
   </div>
   <div class='ocr_carea' id='block_1_9' title="bbox 829 3104 3723 3285">
    <p class='ocr_par' dir='ltr' id='par_1_10' title="bbox 829 3104 3723 3285">
     <span class='ocr_line' id='line_1_19' title="bbox 829 3104 3723 3192; baseline -0 -21"><span class='ocrx_word' id='word_1_163' title='bbox 829 3106 984 3171; x_wconf 92' lang='lat' dir='ltr'><strong>Dat.</strong></span> <span class='ocrx_word' id='word_1_164' title='bbox 1032 3104 1208 3191; x_wconf 87' lang='lat' dir='ltr'><strong>apud</strong></span> <span class='ocrx_word' id='word_1_165' title='bbox 1257 3104 1741 3169; x_wconf 82' lang='lat' dir='ltr'><strong>Villamnovam</strong></span> <span class='ocrx_word' id='word_1_166' title='bbox 1790 3104 2259 3170; x_wconf 84' lang='lat' dir='ltr'><strong>Avinionensis</strong></span> <span class='ocrx_word' id='word_1_167' title='bbox 2307 3105 2622 3191; x_wconf 87' lang='lat' dir='ltr'><strong>diocesis,</strong></span> <span class='ocrx_word' id='word_1_168' title='bbox 2671 3106 2843 3171; x_wconf 84' lang='lat' dir='ltr'><strong>Non.</strong></span> <span class='ocrx_word' id='word_1_169' title='bbox 2893 3106 3221 3192; x_wconf 85' lang='lat' dir='ltr'><strong>Augusti,</strong></span> <span class='ocrx_word' id='word_1_170' title='bbox 3272 3126 3445 3171; x_wconf 91' lang='lat' dir='ltr'><strong>anno</strong></span> <span class='ocrx_word' id='word_1_171' title='bbox 3495 3106 3723 3171; x_wconf 89' lang='lat' dir='ltr'><strong>tercio.</strong></span> 
     </span>
     <span class='ocr_line' id='line_1_20' title="bbox 1258 3219 2000 3285; baseline 0 -15"><span class='ocrx_word' id='word_1_172' title='bbox 1258 3221 1377 3284; x_wconf 69' lang='lat' dir='ltr'><strong>Ray.</strong></span> <span class='ocrx_word' id='word_1_173' title='bbox 1411 3223 1511 3271; x_wconf 76' lang='grc' dir='ltr'><strong>Δυ.</strong></span> <span class='ocrx_word' id='word_1_174' title='bbox 1556 3223 1610 3269; x_wconf 84' lang='grc' dir='ltr'><strong>Τ.</strong></span> <span class='ocrx_word' id='word_1_175' title='bbox 1645 3219 1737 3279; x_wconf 84' lang='grc'><strong>11,</strong></span> <span class='ocrx_word' id='word_1_176' title='bbox 1763 3222 1826 3285; x_wconf 87' lang='lat' dir='ltr'><strong>s.</strong></span> <span class='ocrx_word' id='word_1_177' title='bbox 1860 3220 2000 3271; x_wconf 64' lang='lat'><strong>5650.</strong></span> 
     </span>
    </p>
   </div>
   <div class='ocr_carea' id='block_1_10' title="bbox 830 3640 3409 3728">
    <p class='ocr_par' dir='ltr' id='par_1_11' title="bbox 830 3640 3409 3728">
     <span class='ocr_line' id='line_1_21' title="bbox 830 3640 3409 3728; baseline -0.001 -19"><span class='ocrx_word' id='word_1_178' title='bbox 830 3641 1022 3709; x_wconf 79' lang='lat'><strong>1539.</strong></span> <span class='ocrx_word' id='word_1_179' title='bbox 1316 3644 1531 3726; x_wconf 86' lang='lat'><strong><em>1355,</em></strong></span> <span class='ocrx_word' id='word_1_180' title='bbox 1580 3643 1899 3728; x_wconf 74' lang='lat' dir='ltr'><strong>(Auyusti</strong></span> <span class='ocrx_word' id='word_1_181' title='bbox 1947 3640 2508 3726; x_wconf 51' lang='lat' dir='ltr'><strong>Isi-Septembris</strong></span> <span class='ocrx_word' id='word_1_182' title='bbox 2551 3642 2703 3725; x_wconf 89' lang='grc'><em>13),</em></span> <span class='ocrx_word' id='word_1_183' title='bbox 2753 3662 2859 3725; x_wconf 89' lang='lat' dir='ltr'><strong>ap.</strong></span> <span class='ocrx_word' id='word_1_184' title='bbox 2922 3641 3409 3707; x_wconf 84' lang='lat' dir='ltr'><strong>Villamnovam.</strong></span> 
     </span>
    </p>
   </div>
   <div class='ocr_carea' id='block_1_11' title="bbox 1055 3792 3905 3984">
    <p class='ocr_par' dir='ltr' id='par_1_12' title="bbox 1055 3792 3905 3984">
     <span class='ocr_line' id='line_1_22' title="bbox 1144 3792 3905 3877; baseline 0 -21"><span class='ocrx_word' id='word_1_185' title='bbox 1144 3792 1601 3857; x_wconf 79' lang='lat' dir='ltr'><strong>Executoribus</strong></span> <span class='ocrx_word' id='word_1_186' title='bbox 1647 3793 2018 3876; x_wconf 83' lang='lat' dir='ltr'><strong>mandatur,</strong></span> <span class='ocrx_word' id='word_1_187' title='bbox 2067 3800 2142 3856; x_wconf 84' lang='lat' dir='ltr'><strong>ut</strong></span> <span class='ocrx_word' id='word_1_188' title='bbox 2169 3794 2693 3877; x_wconf 79' lang='lat' dir='ltr'><strong>praeposituram</strong></span> <span class='ocrx_word' id='word_1_189' title='bbox 2726 3799 2785 3856; x_wconf 91' lang='lat' dir='ltr'><strong>et</strong></span> <span class='ocrx_word' id='word_1_190' title='bbox 2818 3793 3407 3859; x_wconf 78' lang='lat' dir='ltr'><strong>archidiaconatum</strong></span> <span class='ocrx_word' id='word_1_191' title='bbox 3439 3792 3905 3876; x_wconf 72' lang='lat' dir='ltr'><strong>Emoricenses,</strong></span> 
     </span>
     <span class='ocr_line' id='line_1_23' title="bbox 1055 3897 3856 3984; baseline 0 -21"><span class='ocrx_word' id='word_1_192' title='bbox 1055 3907 1346 3963; x_wconf 83' lang='lat' dir='ltr'><strong>vacantes</strong></span> <span class='ocrx_word' id='word_1_193' title='bbox 1388 3921 1508 3984; x_wconf 82' lang='lat' dir='ltr'><strong>per</strong></span> <span class='ocrx_word' id='word_1_194' title='bbox 1554 3899 1791 3964; x_wconf 84' lang='lat' dir='ltr'><strong>obitum</strong></span> <span class='ocrx_word' id='word_1_195' title='bbox 1802 3900 1862 3984; x_wconf 68' lang='grc' dir='ltr'><strong>[ἓ</strong></span> <span class='ocrx_word' id='word_1_196' title='bbox 1874 3899 1964 3983; x_wconf 76' lang='lat'><strong>?],</strong></span> <span class='ocrx_word' id='word_1_197' title='bbox 2015 3899 2350 3980; x_wconf 81' lang='lat' dir='ltr'><strong>conferant</strong></span> <span class='ocrx_word' id='word_1_198' title='bbox 2395 3897 2633 3963; x_wconf 85' lang='lat' dir='ltr'><strong>Jacobo</strong></span> <span class='ocrx_word' id='word_1_199' title='bbox 2679 3899 2756 3962; x_wconf 86' lang='lat' dir='ltr'><strong>de</strong></span> <span class='ocrx_word' id='word_1_200' title='bbox 2800 3900 3091 3983; x_wconf 75' lang='lat' dir='ltr'><strong>Anqiaco</strong></span> <span class='ocrx_word' id='word_1_201' title='bbox 3137 3902 3432 3965; x_wconf 83' lang='lat' dir='ltr'><strong>canonico</strong></span> <span class='ocrx_word' id='word_1_202' title='bbox 3482 3899 3856 3965; x_wconf 76' lang='lat' dir='ltr'><strong>Coloniensi.</strong></span> 
     </span>
    </p>
   </div>
   <div class='ocr_carea' id='block_1_12' title="bbox 836 4079 3907 4372">
    <p class='ocr_par' dir='ltr' id='par_1_13' title="bbox 836 4079 3907 4372">
     <span class='ocr_line' id='line_1_24' title="bbox 1053 4079 3907 4167; baseline -0.001 -22"><span class='ocrx_word' id='word_1_203' title='bbox 1053 4080 1347 4166; x_wconf 84' lang='lat' dir='ltr'><strong>Dignum</strong></span> <span class='ocrx_word' id='word_1_204' title='bbox 1396 4081 1807 4145; x_wconf 86' lang='lat' dir='ltr'><strong>arbitramur.</strong></span> <span class='ocrx_word' id='word_1_205' title='bbox 1830 4127 1846 4144; x_wconf 93' lang='lat'><strong>.</strong></span> <span class='ocrx_word' id='word_1_206' title='bbox 1867 4127 1882 4143; x_wconf 94' lang='lat'><strong>.</strong></span> <span class='ocrx_word' id='word_1_207' title='bbox 1905 4128 1921 4145; x_wconf 93' lang='lat'><strong>.</strong></span> <span class='ocrx_word' id='word_1_208' title='bbox 1974 4079 2129 4144; x_wconf 92' lang='lat' dir='ltr'><strong>Dat.</strong></span> <span class='ocrx_word' id='word_1_209' title='bbox 2172 4081 2349 4167; x_wconf 87' lang='lat' dir='ltr'><strong>apud</strong></span> <span class='ocrx_word' id='word_1_210' title='bbox 2381 4082 2895 4166; x_wconf 82' lang='lat' dir='ltr'><strong>[Villamnovam</strong></span> <span class='ocrx_word' id='word_1_211' title='bbox 2925 4081 3398 4147; x_wconf 83' lang='lat' dir='ltr'><strong>Avinionensis</strong></span> <span class='ocrx_word' id='word_1_212' title='bbox 3431 4080 3738 4165; x_wconf 83' lang='lat' dir='ltr'><strong>diocesis]</strong></span> <span class='ocrx_word' id='word_1_213' title='bbox 3776 4125 3793 4144; x_wconf 98' lang='lat'><strong>.</strong></span> <span class='ocrx_word' id='word_1_214' title='bbox 3813 4125 3831 4144; x_wconf 96' lang='lat'><strong>.</strong></span> <span class='ocrx_word' id='word_1_215' title='bbox 3851 4125 3907 4144; x_wconf 92' lang='lat'><strong>..</strong></span> 
     </span>
     <span class='ocr_line' id='line_1_25' title="bbox 836 4187 1781 4274; baseline -0.003 -21"><span class='ocrx_word' id='word_1_216' title='bbox 836 4187 1282 4274; x_wconf 82' lang='lat' dir='ltr'><strong>Septembris,</strong></span> <span class='ocrx_word' id='word_1_217' title='bbox 1332 4208 1506 4252; x_wconf 89' lang='lat' dir='ltr'><strong>anno</strong></span> <span class='ocrx_word' id='word_1_218' title='bbox 1558 4188 1781 4253; x_wconf 83' lang='lat' dir='ltr'><strong>tercio.</strong></span> 
     </span>
     <span class='ocr_line' id='line_1_26' title="bbox 1255 4303 3901 4372; baseline -0.001 -17"><span class='ocrx_word' id='word_1_219' title='bbox 1255 4309 1380 4371; x_wconf 67' lang='lat' dir='ltr'><strong>Rey.</strong></span> <span class='ocrx_word' id='word_1_220' title='bbox 1414 4310 1513 4358; x_wconf 74' lang='lat' dir='ltr'><strong>Ao.</strong></span> <span class='ocrx_word' id='word_1_221' title='bbox 1557 4311 1611 4359; x_wconf 89' lang='lat' dir='ltr'><strong>T.</strong></span> <span class='ocrx_word' id='word_1_222' title='bbox 1647 4307 1739 4372; x_wconf 88' lang='grc'><strong>10,</strong></span> <span class='ocrx_word' id='word_1_223' title='bbox 1764 4309 1823 4372; x_wconf 79' lang='lat' dir='ltr'><strong>f.</strong></span> <span class='ocrx_word' id='word_1_224' title='bbox 1861 4306 2001 4358; x_wconf 69' lang='lat'><strong>28812.</strong></span> <span class='ocrx_word' id='word_1_225' title='bbox 2070 4306 2359 4370; x_wconf 76' lang='lat' dir='ltr'><strong>Inscriptio</strong></span> <span class='ocrx_word' id='word_1_226' title='bbox 2394 4312 2448 4357; x_wconf 82' lang='lat' dir='ltr'><strong>et</strong></span> <span class='ocrx_word' id='word_1_227' title='bbox 2483 4303 2651 4368; x_wconf 85' lang='lat' dir='ltr'><strong>major</strong></span> <span class='ocrx_word' id='word_1_228' title='bbox 2687 4304 2849 4368; x_wconf 82' lang='lat' dir='ltr'><strong>hujus</strong></span> <span class='ocrx_word' id='word_1_229' title='bbox 2883 4306 2994 4355; x_wconf 76' lang='lat' dir='ltr'><strong>folii</strong></span> <span class='ocrx_word' id='word_1_230' title='bbox 3030 4318 3153 4369; x_wconf 82' lang='lat' dir='ltr'><strong>pars</strong></span> <span class='ocrx_word' id='word_1_231' title='bbox 3188 4304 3406 4355; x_wconf 86' lang='lat' dir='ltr'><strong>maditie</strong></span> <span class='ocrx_word' id='word_1_232' title='bbox 3439 4307 3570 4355; x_wconf 81' lang='lat' dir='ltr'><strong>sunt</strong></span> <span class='ocrx_word' id='word_1_233' title='bbox 3603 4306 3901 4368; x_wconf 73' lang='lat' dir='ltr'><strong>corruptae.</strong></span> 
     </span>
    </p>
   </div>
   <div class='ocr_carea' id='block_1_13' title="bbox 2060 4521 2644 4529">
    <p class='ocr_par' dir='ltr' id='par_1_14' title="bbox 2060 4521 2644 4529">
     <span class='ocr_line' id='line_1_27' title="bbox 2060 4521 2644 4529; baseline 0 0"><span class='ocrx_word' id='word_1_234' title='bbox 2060 4521 2644 4529; x_wconf 52' lang='lat' dir='ltr'><strong>——mffl</strong></span> 
     </span>
    </p>
   </div>
   <div class='ocr_carea' id='block_1_14' title="bbox 835 4726 3129 4814">
    <p class='ocr_par' dir='ltr' id='par_1_15' title="bbox 835 4726 3129 4814">
     <span class='ocr_line' id='line_1_28' title="bbox 835 4726 3129 4814; baseline -0.002 -21"><span class='ocrx_word' id='word_1_235' title='bbox 835 4726 1031 4793; x_wconf 78' lang='lat'><strong>1540.</strong></span> <span class='ocrx_word' id='word_1_236' title='bbox 1612 4727 1823 4809; x_wconf 87' lang='lat'><strong><em>1355,</em></strong></span> <span class='ocrx_word' id='word_1_237' title='bbox 1875 4726 2256 4812; x_wconf 79' lang='lat' dir='ltr'><strong>Septembris</strong></span> <span class='ocrx_word' id='word_1_238' title='bbox 2302 4731 2420 4812; x_wconf 84' lang='lat'><strong>25,</strong></span> <span class='ocrx_word' id='word_1_239' title='bbox 2470 4750 2577 4814; x_wconf 90' lang='lat' dir='ltr'><strong>ap.</strong></span> <span class='ocrx_word' id='word_1_240' title='bbox 2642 4728 3129 4793; x_wconf 80' lang='lat' dir='ltr'><strong>Villamnovam.</strong></span> 
     </span>
    </p>
   </div>
   <div class='ocr_carea' id='block_1_15' title="bbox 1059 4876 3909 5074">
    <p class='ocr_par' dir='ltr' id='par_1_16' title="bbox 1059 4876 3909 5074">
     <span class='ocr_line' id='line_1_29' title="bbox 1151 4876 3909 4964; baseline -0.002 -18"><span class='ocrx_word' id='word_1_241' title='bbox 1151 4881 1443 4947; x_wconf 78' lang='lat' dir='ltr'><strong>Johanni</strong></span> <span class='ocrx_word' id='word_1_242' title='bbox 1489 4889 1641 4946; x_wconf 88' lang='lat' dir='ltr'><strong>nato</strong></span> <span class='ocrx_word' id='word_1_243' title='bbox 1682 4881 1910 4946; x_wconf 86' lang='lat' dir='ltr'><strong>Pontii</strong></span> <span class='ocrx_word' id='word_1_244' title='bbox 1954 4881 2030 4946; x_wconf 87' lang='lat' dir='ltr'><strong>de</strong></span> <span class='ocrx_word' id='word_1_245' title='bbox 2076 4882 2459 4948; x_wconf 67' lang='lat' dir='ltr'><strong>castrobono</strong></span> <span class='ocrx_word' id='word_1_246' title='bbox 2509 4883 2932 4964; x_wconf 82' lang='lat' dir='ltr'><strong>conferuntur</strong></span> <span class='ocrx_word' id='word_1_247' title='bbox 2975 4880 3410 4961; x_wconf 80' lang='lat' dir='ltr'><strong>canonicatus,</strong></span> <span class='ocrx_word' id='word_1_248' title='bbox 3445 4876 3814 4963; x_wconf 82' lang='lat' dir='ltr'><strong>praebenda</strong></span> <span class='ocrx_word' id='word_1_249' title='bbox 3849 4884 3909 4941; x_wconf 85' lang='lat' dir='ltr'><strong>et</strong></span> 
     </span>
     <span class='ocr_line' id='line_1_30' title="bbox 1059 4982 3902 5074; baseline -0.002 -22"><span class='ocrx_word' id='word_1_250' title='bbox 1059 4990 1560 5074; x_wconf 83' lang='lat' dir='ltr'><strong>supplementum</strong></span> <span class='ocrx_word' id='word_1_251' title='bbox 1617 4990 1682 5052; x_wconf 83' lang='lat' dir='ltr'><strong>in</strong></span> <span class='ocrx_word' id='word_1_252' title='bbox 1732 4989 1987 5052; x_wconf 81' lang='lat' dir='ltr'><strong>ecclesia</strong></span> <span class='ocrx_word' id='word_1_253' title='bbox 2034 4988 2101 5052; x_wconf 89' lang='lat' dir='ltr'><strong>S.</strong></span> <span class='ocrx_word' id='word_1_254' title='bbox 2152 4988 2512 5053; x_wconf 82' lang='lat' dir='ltr'><strong>Salvatoris</strong></span> <span class='ocrx_word' id='word_1_255' title='bbox 2567 4986 2750 5072; x_wconf 85' lang='lat' dir='ltr'><strong>Traj.</strong></span> <span class='ocrx_word' id='word_1_256' title='bbox 2796 4987 3093 5052; x_wconf 85' lang='lat' dir='ltr'><strong>vacantia</strong></span> <span class='ocrx_word' id='word_1_257' title='bbox 3127 5007 3252 5071; x_wconf 85' lang='lat' dir='ltr'><strong>per</strong></span> <span class='ocrx_word' id='word_1_258' title='bbox 3298 4985 3532 5051; x_wconf 80' lang='lat' dir='ltr'><strong>obitum</strong></span> <span class='ocrx_word' id='word_1_259' title='bbox 3578 4982 3902 5049; x_wconf 79' lang='lat' dir='ltr'><strong>Johannis</strong></span> 
     </span>
    </p>
   </div>
   <div class='ocr_carea' id='block_1_16' title="bbox 1058 5089 3911 5287">
    <p class='ocr_par' dir='ltr' id='par_1_17' title="bbox 1058 5089 3911 5287">
     <span class='ocr_line' id='line_1_31' title="bbox 1062 5089 3911 5178; baseline -0.002 -18"><span class='ocrx_word' id='word_1_260' title='bbox 1062 5096 1138 5160; x_wconf 82' lang='lat' dir='ltr'><strong>de</strong></span> <span class='ocrx_word' id='word_1_261' title='bbox 1185 5095 1409 5159; x_wconf 78' lang='lat' dir='ltr'><strong>Haech</strong></span> <span class='ocrx_word' id='word_1_262' title='bbox 1454 5095 1530 5159; x_wconf 88' lang='lat' dir='ltr'><strong>de</strong></span> <span class='ocrx_word' id='word_1_263' title='bbox 1575 5093 1971 5177; x_wconf 82' lang='lat' dir='ltr'><strong>Brabantia,</strong></span> <span class='ocrx_word' id='word_1_264' title='bbox 2019 5097 2200 5178; x_wconf 84' lang='lat' dir='ltr'><strong>cujus</strong></span> <span class='ocrx_word' id='word_1_265' title='bbox 2249 5093 2546 5177; x_wconf 84' lang='lat' dir='ltr'><strong>beneficia</strong></span> <span class='ocrx_word' id='word_1_266' title='bbox 2591 5095 2691 5158; x_wconf 84' lang='lat' dir='ltr'><strong>die</strong></span> <span class='ocrx_word' id='word_1_267' title='bbox 2737 5095 2824 5159; x_wconf 84' lang='lat'><strong>23</strong></span> <span class='ocrx_word' id='word_1_268' title='bbox 2870 5093 3157 5178; x_wconf 72' lang='lat' dir='ltr'><strong>Anqusti</strong></span> <span class='ocrx_word' id='word_1_269' title='bbox 3201 5113 3309 5157; x_wconf 90' lang='lat' dir='ltr'><strong>an.</strong></span> <span class='ocrx_word' id='word_1_270' title='bbox 3356 5091 3531 5157; x_wconf 76' lang='lat'><strong><em>1354</em></strong></span> <span class='ocrx_word' id='word_1_271' title='bbox 3579 5089 3911 5156; x_wconf 81' lang='lat' dir='ltr'><strong>donationi</strong></span> 
     </span>
     <span class='ocr_line' id='line_1_32' title="bbox 1058 5202 3289 5287; baseline -0.001 -21"><span class='ocrx_word' id='word_1_272' title='bbox 1058 5202 1223 5267; x_wconf 83' lang='lat' dir='ltr'><strong>sedis</strong></span> <span class='ocrx_word' id='word_1_273' title='bbox 1269 5204 1649 5287; x_wconf 82' lang='lat' dir='ltr'><strong>apostolicae</strong></span> <span class='ocrx_word' id='word_1_274' title='bbox 1694 5208 1881 5266; x_wconf 85' lang='lat' dir='ltr'><strong>erant</strong></span> <span class='ocrx_word' id='word_1_275' title='bbox 1929 5209 2271 5266; x_wconf 85' lang='lat' dir='ltr'><strong>reservata.</strong></span> <span class='ocrx_word' id='word_1_276' title='bbox 2327 5240 2407 5250; x_wconf 91' lang='lat'>—</span> <span class='ocrx_word' id='word_1_277' title='bbox 2460 5202 2874 5287; x_wconf 84' lang='lat' dir='ltr'><strong>Deputantur</strong></span> <span class='ocrx_word' id='word_1_278' title='bbox 2919 5206 3289 5264; x_wconf 79' lang='lat' dir='ltr'><strong>executores.</strong></span> 
     </span>
    </p>
   </div>
   <div class='ocr_carea' id='block_1_17' title="bbox 836 5380 3907 5577">
    <p class='ocr_par' dir='ltr' id='par_1_18' title="bbox 836 5380 3907 5577">
     <span class='ocr_line' id='line_1_33' title="bbox 1017 5380 3907 5471; baseline -0.001 -20"><span class='ocrx_word' id='word_1_279' title='bbox 1017 5410 1033 5425; x_wconf 93' lang='lat'><strong>·</strong></span> <span class='ocrx_word' id='word_1_280' title='bbox 1058 5386 1218 5452; x_wconf 88' lang='lat' dir='ltr'><strong>Vite</strong></span> <span class='ocrx_word' id='word_1_281' title='bbox 1282 5406 1357 5451; x_wconf 94' lang='lat' dir='ltr'><strong>ac</strong></span> <span class='ocrx_word' id='word_1_282' title='bbox 1419 5406 1694 5450; x_wconf 88' lang='lat' dir='ltr'><strong>morum.</strong></span> <span class='ocrx_word' id='word_1_283' title='bbox 1724 5432 1739 5449; x_wconf 93' lang='lat'><strong>.</strong></span> <span class='ocrx_word' id='word_1_284' title='bbox 1772 5432 1788 5449; x_wconf 92' lang='lat'><strong>.</strong></span> <span class='ocrx_word' id='word_1_285' title='bbox 1817 5432 1833 5449; x_wconf 95' lang='lat'><strong>.</strong></span> <span class='ocrx_word' id='word_1_286' title='bbox 1897 5385 2052 5450; x_wconf 89' lang='lat' dir='ltr'><strong>Dat.</strong></span> <span class='ocrx_word' id='word_1_287' title='bbox 2118 5384 2294 5471; x_wconf 87' lang='lat' dir='ltr'><strong>apud</strong></span> <span class='ocrx_word' id='word_1_288' title='bbox 2356 5385 2842 5451; x_wconf 72' lang='lat' dir='ltr'><strong>villamnovam</strong></span> <span class='ocrx_word' id='word_1_289' title='bbox 2891 5381 3358 5448; x_wconf 83' lang='lat' dir='ltr'><strong>Avinionensis</strong></span> <span class='ocrx_word' id='word_1_290' title='bbox 3406 5380 3683 5447; x_wconf 86' lang='lat' dir='ltr'><strong>diocesis</strong></span> <span class='ocrx_word' id='word_1_291' title='bbox 3704 5430 3722 5466; x_wconf 92' lang='lat'>‚</span> <span class='ocrx_word' id='word_1_292' title='bbox 3768 5380 3907 5447; x_wconf 83' lang='lat' dir='ltr'><strong>VII</strong></span> 
     </span>
     <span class='ocr_line' id='line_1_34' title="bbox 836 5492 1834 5577; baseline -0.005 -17"><span class='ocrx_word' id='word_1_293' title='bbox 836 5494 947 5560; x_wconf 87' lang='lat' dir='ltr'><strong>Kl.</strong></span> <span class='ocrx_word' id='word_1_294' title='bbox 998 5493 1337 5577; x_wconf 85' lang='lat' dir='ltr'><strong>Octobris,</strong></span> <span class='ocrx_word' id='word_1_295' title='bbox 1386 5513 1560 5558; x_wconf 90' lang='lat' dir='ltr'><strong>anno</strong></span> <span class='ocrx_word' id='word_1_296' title='bbox 1611 5492 1834 5557; x_wconf 79' lang='lat' dir='ltr'><strong>tercio,</strong></span> 
     </span>
    </p>
   </div>
   <div class='ocr_carea' id='block_1_18' title="bbox 1257 5624 1971 5693">
    <p class='ocr_par' dir='ltr' id='par_1_19' title="bbox 1257 5624 1971 5693">
     <span class='ocr_line' id='line_1_35' title="bbox 1257 5624 1971 5693; baseline 0.001 -16"><span class='ocrx_word' id='word_1_297' title='bbox 1257 5629 1379 5691; x_wconf 63' lang='lat' dir='ltr'><strong>Rea.</strong></span> <span class='ocrx_word' id='word_1_298' title='bbox 1421 5629 1517 5678; x_wconf 78' lang='lat' dir='ltr'><strong>Ao.</strong></span> <span class='ocrx_word' id='word_1_299' title='bbox 1558 5624 1620 5679; x_wconf 91' lang='lat' dir='ltr'><strong>T.</strong></span> <span class='ocrx_word' id='word_1_300' title='bbox 1654 5626 1710 5692; x_wconf 85' lang='lat'><strong>9,</strong></span> <span class='ocrx_word' id='word_1_301' title='bbox 1735 5630 1795 5693; x_wconf 87' lang='lat' dir='ltr'><strong>s.</strong></span> <span class='ocrx_word' id='word_1_302' title='bbox 1831 5627 1971 5679; x_wconf 69' lang='lat'><strong>301³.</strong></span> 
     </span>
    </p>
   </div>
  </div>
 </body>
</html>
