4450 6684
1957 537 2444 603 Inraonucrro.
3553 550 3726 598 Lx1x

899 748 997 814 A0
1073 752 1242 815 1355
1313 752 1738 818 Innocentius
1809 774 1980 840 papa
2046 753 2183 838 VI,
2260 759 2335 819 ut
2404 759 2611 818 terras
2678 751 3013 817 Ecclesiae
3074 751 3414 816 Romanae
3470 749 3725 813 ablatas

678 861 1124 939 recuperaret,
1174 854 1491 921 decimam
1539 858 1828 922 omnium
1876 858 1944 922 in
1987 858 2341 923 Germania
2371 856 2750 922 reddituum
2785 856 3372 922 ecclesiasticorum
3406 851 3487 916 ad
3525 853 3723 918 trien-

680 955 859 1019 nium
920 957 1313 1042 exigendam
1377 960 1740 1047 imperavit.
1837 960 2042 1045 Cujus
2105 961 2398 1026 decimae
2463 961 2773 1026 collector
2833 960 3156 1046 generalis
3219 957 3572 1044 deputatus
3621 961 3722 1020 est

677 1058 1019 1146 Philippus
1088 1062 1430 1150 episcopus
1502 1063 1986 1130 Cavallicensis.
2081 1066 2481 1131 Reluctante
2553 1072 2774 1130 autem
2844 1064 3016 1128 clero
3080 1069 3279 1149 atque
3341 1059 3424 1125 de
3489 1058 3721 1125 eadem

676 1162 929 1229 decima
972 1163 1127 1230 hinc
1174 1173 1242 1231 et
1289 1166 1468 1233 illinc
1518 1173 1881 1249 tractante,
1932 1167 2240 1233 Summus
2287 1169 2599 1234 Pontifex
2648 1167 2932 1254 denique
2980 1167 3345 1249 consensit,
3394 1170 3471 1228 ut
3516 1162 3720 1228 semel

676 1266 1020 1334 dumtaxat
1081 1269 1480 1355 subsidium,
1545 1271 1719 1359 quod
1781 1270 1864 1336 ad
1930 1271 2092 1336 duas
2139 1274 2633 1359 procurationes
2661 1273 2713 1357 1)
2761 1271 3175 1355 ascenderet,
3223 1271 3305 1337 de
3352 1267 3718 1334 redditibus

673 1371 806 1435 suis
851 1394 1171 1459 personae
1218 1375 1695 1441 ecclesiasticae
1742 1378 2073 1442 solverent
2120 1378 2393 1460 (numm.
2444 1379 2937 1460 2285—2290).
3031 1376 3110 1440 In
3157 1376 3280 1440 hoc
3327 1374 3527 1459 igitur
3568 1392 3719 1458 pars

674 1481 949 1562 utraque
997 1480 1380 1557 convenisse
1428 1478 1707 1545 dicenda
1754 1487 1886 1563 est,
1935 1481 2141 1567 ipsam
2190 1480 2510 1547 decimam
2561 1488 2716 1546 tunc
2764 1482 3042 1547 avocari.

893 1581 1153 1649 Deinde
1201 1584 1273 1649 a⁰
1326 1586 1496 1650 1366
1546 1584 1864 1650 decimam
1914 1587 2107 1651 unius
2156 1586 2312 1650 anni
2361 1606 2917 1672 quorumcumque
2962 1586 3031 1649 111
3080 1584 3432 1650 Germania
3477 1588 3547 1647 et
3589 1582 3720 1646 Bo-

670 1683 889 1750 hemia
945 1695 1383 1774 proventuum
1448 1689 2041 1755 ecclesiasticorum
2105 1690 2331 1775 exegit
2399 1690 2703 1755 Urbanus
2766 1710 2936 1775 papa
2989 1690 3053 1753 V
3101 1690 3374 1772 (numm.
3429 1689 3598 1752 1766
3647 1693 3716 1753 et

676 1789 892 1871 1834).
986 1790 1132 1855 Tali
1194 1794 1369 1857 enim
1432 1792 1855 1857 adminiculo*
1890 1793 2027 1858 fore
2089 1794 2377 1880 speravit
2442 1794 2747 1860 Summus
2795 1793 3143 1876 Pontifex,
3193 1799 3268 1857 ut
3316 1792 3714 1857 territorium

667 1892 1039 1959 Romanum
1104 1896 1355 1962 facilius
1418 1899 1563 1983 paci
1629 1897 1915 1985 Sedique
1977 1899 2400 1985 Apostolicae
2463 1897 2867 1963 redderetur.
2960 1897 3127 1963 Cum
3189 1902 3410 1962 autem
3480 1896 3716 1961 Oarolo

670 1997 1045 2084 imperatori
1113 2003 1214 2067 IV
1281 2004 1633 2068 maximam
1702 2003 1977 2069 haberet
2047 2003 2245 2067 fidem
2309 2004 2583 2088 ejusque
2648 2008 2782 2065 tam
2845 2002 3134 2066 animum
3197 2001 3320 2065 sibi
3379 2000 3712 2065 devincire

666 2122 859 2186 quam
909 2106 1128 2192 copias
1176 2129 1415 2193 augere
1463 2129 1618 2194 prae
1665 2109 1943 2173 caeteris
1991 2107 2289 2172 studeret
2321 2107 2623 2171 dominus
2655 2106 2870 2191 Papa,
2904 2105 3311 2191 praedictum
3344 2104 3707 2169 subsidium

664 2208 1175 2276 ecclesiasticum
1244 2218 1480 2299 sponte
1549 2214 1812 2299 reliquit
1884 2212 2064 2297 regio
2136 2232 2255 2277 suo
2331 2213 2543 2293 soci0,
2623 2212 2769 2296 „qui
2831 2211 3128 2274 inimicos
3193 2215 3410 2295 partes
3475 2207 3712 2273 Italiae

665 2310 1082 2379 devastantes
1128 2317 1426 2401 proxime
1473 2326 1543 2383 et
1588 2317 2021 2404 personaliter
2069 2316 2399 2381 debellare
2433 2313 2786 2380 intendit.'’
2846 2315 3049 2378 Porro
3083 2313 3360 2379 eandem
3392 2312 3711 2378 decimam

660 2417 729 2480 in
798 2419 1209 2484 commodum
1280 2420 1498 2486 Caroli
1565 2422 1979 2507 imperatoris
2042 2441 2274 2486 revera
2335 2417 2511 2506 apud
2575 2440 2692 2484 nos
2759 2424 3059 2483 exactam
3123 2418 3324 2483 fuisse
3387 2418 3709 2483 novimus.

662 2520 919 2587 Etenim
978 2523 1286 2589 collector
1338 2526 1589 2613 papalis
1635 2523 2012 2590 Bernardus
2058 2524 2366 2590 Mathesii
2415 2524 2767 2589 canonicus
2811 2524 3279 2588 Nemausensis
3328 2544 3475 2588 cum
3524 2521 3715 2609 quin-

662 2646 786 2712 que
833 2628 1126 2693 ecclesiis
1174 2629 1536 2714 collegiatis
1582 2629 2121 2714 TraJ'ectensibus
2153 2629 2249 2694 ita
2281 2629 2676 2715 composuit,
2710 2634 2785 2693 ut
2817 2627 2898 2693 ad
2930 2648 3154 2714 parem
3187 2628 3383 2714 hujus
3416 2627 3710 2695 decimae

661 2731 978 2795 rationem
1044 2732 1408 2798 faciendam
1457 2740 1637 2799 certa
1682 2734 2000 2820 pecuniae
2053 2755 2307 2798 summa
2356 2735 2439 2798 ab
2488 2734 2792 2797 universo
2839 2734 2908 2795 in
2958 2732 3242 2798 dioecesi
3288 2732 3461 2797 clero
3512 2732 3712 2798 semel

660 2835 1138 2920 persolveretur
1199 2840 1403 2922 (num.
1475 2840 1694 2923 1875).
1789 2839 2003 2914 Quam
2067 2859 2387 2903 summam
2451 2842 2787 2925 acceptam
2849 2842 3131 2902 testatus
3195 2842 3296 2901 est
3354 2838 3496 2924 ipse
3552 2837 3716 2902 Ber·

659 2939 898 3004 nardus
957 2941 1027 3005 in
1090 2942 1330 3029 oppido
1394 2942 1923 3027 Buscoducensi,
1987 2943 2094 3008 die
2162 2945 2200 3006 6
2266 2942 2453 3008 Junii
2513 2963 2617 3007 811.
2688 2943 2878 3006 1368.
2913 2942 2968 3026 s)
3060 2942 3414 3007 Praeterea
3475 2941 3708 3006 eodem

658 3043 912 3109 circiter
980 3050 1276 3132 tempore
1346 3052 1677 3133 tamquam
1750 3046 2132 3113 collectores
2201 3047 2471 3134 papales
2541 3047 2783 3111 nostris
2851 3047 2920 3111 in
2990 3046 3287 3133 partibus
3357 3052 3712 3111 occurrunt

656 3148 982 3214 Gerardus
1047 3148 1128 3216 de
1191 3150 1380 3216 Veno
1443 3152 1856 3239 praepositus
1925 3152 2441 3235 Arnhemensis,
2509 3152 2618 3238 qui
2683 3150 2755 3216 8Ο
2808 3152 2977 3214 1366
3025 3149 3399 3216 Johannem
3447 3149 3529 3216 de
3575 3151 3706 3215 Bo-

655 3252 945 3318 sinchem
992 3275 1182 3319 suum
1231 3255 1575 3320 constituit
1622 3255 2164 3321 subcollectorem
2213 3258 2490 3340 (numm.
2545 3258 2714 3320 1745
2749 3260 2815 3320 et
2853 3256 3084 3339 1780);
3136 3254 3475 3320 Johannes
3507 3260 3706 3320 natus

653 3358 975 3424 Johannis
1021 3358 1105 3424 de
1150 3359 1656 3445 Ameronghen,
1721 3362 1833 3447 qui
1881 3360 2081 3424 etiam
2128 3361 2567 3427 subcollector
2614 3365 2755 3425 erat
2804 3358 3159 3445 deputatus
3207 3360 3412 3443 (num.
3467 3362 3702 3445 1764);

651 3461 850 3547 Hugo
896 3462 1134 3529 Braem
1183 3464 1471 3530 decanus
1517 3466 1584 3530 b.
1631 3466 1878 3531 Mariae
1929 3465 2407 3550 Trajectensis,
2457 3466 2571 3552 qui
2617 3464 2807 3531 Sedis
2853 3464 3275 3551 Apostolicae
3323 3464 3704 3552 capellanus

652 3572 718 3630 et
787 3567 1098 3632 collector
1165 3567 1348 3634 audit
1416 3571 1621 3653 (num.
1700 3571 1942 3654 1824);
2015 3570 2284 3656 Sigerus
2352 3569 2434 3635 de
2498 3567 2906 3655 Novolapide
2968 3568 3255 3634 decanus
3303 3569 3369 3635 S.
3419 3569 3702 3635 Servatii

649 3671 1088 3756 Trajectensis
1157 3673 1238 3738 ad
1306 3673 1594 3757 Mosam,
1667 3675 1781 3760 qui
1850 3675 1919 3738 in
1982 3674 2260 3759 registro
2327 3695 2484 3738 suae
2543 3674 2857 3738 collectae
2904 3672 3296 3758 declaravit,
3345 3695 3415 3739 se
3463 3695 3502 3738 a
3549 3675 3701 3739 sub-

649 3776 992 3843 collectore
1054 3778 1336 3842 civitatis
1400 3784 1468 3843 et
1524 3778 1901 3845 dioeceseos
1961 3779 2487 3865 TraJectensium
2536 3779 2725 3842 annis
2778 3779 2987 3861 1368,
3043 3779 3247 3862 1369,
3304 3780 3475 3843 1370
3522 3800 3703 3844 rece·

647 3880 816 3966 pisse
887 3902 1206 3946 summam
1286 3883 1416 3946 342
1486 3883 1881 3947 florenorum
1947 3882 2087 3947 auri
2150 3889 2219 3947 et
2282 3882 2508 3948 decem
2568 3902 2958 3967 grossorum.
2987 3882 3042 3965 3)
3132 3881 3451 3947 Attamen
3497 3881 3700 3968 hujus

647 3986 874 4050 tributi
936 3987 1217 4072 pecunia
1278 4008 1411 4052 non
1466 3986 1548 4051 ad
1597 3988 1882 4074 aliquam
1934 3986 2255 4052 decimam
2302 3989 2408 4053 vel
2458 3985 2785 4074 quoddam
2834 3984 3197 4050 subsidium
3244 3985 3697 4051 extraordina-

645 4091 809 4154 rium
857 4111 897 4154 a
957 4091 1226 4157 Summo
1273 4091 1595 4157 Pontifice
1643 4097 1953 4156 exactum
2001 4090 2345 4157 referenda
2391 4092 2683 4173 videtur,
2742 4089 2857 4154 sed
2905 4088 2988 4154 ad
3039 4089 3366 4154 ordinaria
3412 4090 3692 4174 tributa,

643 4214 809 4279 quae
872 4195 1137 4260 nomine
1205 4195 1601 4277 „Annalium
1622 4195 1685 4279 ,’'
1755 4195 2287 4280 „Annatarum,’'
2358 4197 2726 4279 „fructuum
2787 4194 3194 4260 mediorum”
3220 4196 3275 4278 4)
3338 4196 3692 4281 quotannis

645 4295 725 4362 de
771 4299 1106 4365 beneficiis
1153 4300 1607 4366 ecclesiasticis
1654 4302 1921 4384 exigere
1971 4297 2176 4365 Sedes
2224 4301 2608 4388 Apostolica
2644 4301 2943 4386 jamtunc
2989 4299 3262 4364 solebat.

857 4404 1109 4470 Ultima
1178 4403 1459 4491 denique
1528 4425 1724 4490 quam
1795 4402 2053 4468 Summi
2115 4404 2477 4470 Pontifices
2537 4404 2925 4491 imposuisse
2988 4403 3057 4468 in
3118 4403 3411 4468 Bullario
3458 4409 3690 4470 nostro

623 4507 946 4594 'leguntur
1024 4507 1276 4574 decima
1343 4509 1468 4573 fuit
1537 4528 1640 4573 an.
1718 4510 1929 4591 1372,
2010 4528 2158 4571 1111111
2230 4509 2586 4594 Gregorius
2653 4529 2826 4596 papa
2892 4506 2994 4573 XI
3063 4505 3146 4571 ad
3215 4507 3683 4573 sublevandam

640 4613 951 4679 ecclesiae
1019 4615 1358 4680 Romanae
1430 4612 1889 4679 necessitatem
1964 4612 2097 4676 tale
2166 4611 2529 4678 subsidium
2599 4613 2684 4679 ab
2748 4611 3207 4677 ecclesiasticis
3252 4612 3684 4699 proventibus

638 4718 827 4783 unius
900 4719 1056 4783 anni
1125 4718 1351 4804 exegit
1411 4719 1618 4798 (num.
1669 4720 1894 4801 2052).
1989 4717 2319 4784 Collector
2375 4717 2699 4802 generalis
2746 4722 2904 4781 tunc
2951 4716 3307 4804 deputatus
3355 4722 3456 4781 est
3502 4715 3686 4782 Elias

639 4820 719 4887 de
785 4823 1154 4906 Vodrom0,
1225 4822 1330 4887 cui
1399 4828 1473 4885 ut
1534 4821 1605 4885 in
1666 4823 2013 4887 exactione
2076 4820 2370 4887 decimae
2433 4821 2770 4886 assisteret
2824 4819 3170 4886 Swederus
3215 4821 3448 4887 Uterlo
3495 4841 3683 4907 prae·

636 4927 883 5012 positus
953 4926 1391 5012 Trajectensis
1463 4932 1566 4992 est
1623 4927 1998 5013 requisitus.
2096 4924 2228 4992 Sed
2287 4925 2371 4991 de
2418 4925 2761 5012 utriusque
2806 4925 2876 4988 in
2921 4923 3044 4989 hac
3093 4946 3162 4991 re
3209 4926 3467 4990 actione
3514 4923 3682 4988 nihil

634 5180 1122 5189 ———

789 5358 846 5421 1)
882 5358 957 5409 De
993 5356 1462 5423 procurationibus
1495 5356 1733 5407 visitanti
1767 5358 2029 5422 superiori
2065 5356 2424 5422 persolvendis
2459 5357 2552 5408 cfr.
2588 5370 2748 5421 supra
2785 5355 2980 5406 Introd.
3016 5370 3064 5419 p.
3102 5353 3159 5404 L.

789 5438 844 5503 2)
884 5441 1309 5490 Instrumentum
1346 5438 1577 5502 apochae
1610 5437 1667 5487 in
1703 5438 1919 5488 archivo
1954 5437 2138 5489 Status
2176 5436 2365 5501 Ultraj.
2402 5437 2456 5488 S.
2493 5437 2753 5488 lobannis
2784 5435 2898 5486 154,

786 5520 843 5667 Ξ)
884 5520 1182 5651 {2⁸13}ssss
1215 5517 1588 5650 {to-similibus
1639 5600 1734 5650 cfr.
1776 5599 2002 5663 Phillips
2049 5599 2413 5649 K'zrchenreclct
2460 5598 2521 5650 V.
2570 5611 2628 5650 11.
2673 5597 2770 5649 567
2814 5611 2955 5662 seq.;
3003 5595 3194 5647 Kirsch
3242 5595 3315 5647 l.l.
3362 5596 3670 5662 Einleitung

625 5680 954 5733 xxlv—XX
968 5682 1058 5733 IX.

3349 5788 3423 5844 10
