4450 6684
912 543 1045 607 280
2160 536 2563 602 Gunconms
2609 533 2731 598 XI.

914 759 1116 827 2239.
1881 758 2102 838 1375,
2154 755 2436 821 Octobris
2482 756 2606 836 16,
2655 754 3015 818 Avenionis.

1230 915 1460 998 (Petro
1520 913 1597 978 de
1671 911 1893 995 Valde)
1942 912 2312 996 praeposito
2372 910 2657 973 ecclesiae
2704 908 2772 973 S.
2821 908 3145 973 Johanuie
3201 904 3380 988 Traj.
3430 903 3859 981 committitur,
3907 905 3976 963 ut

1143 1021 1438 1087 Arnoldo
1498 1019 1575 1083 de
1638 1018 1874 1104 Campo
1926 1016 2325 1102 presbytero,
2390 1018 2621 1080 rectori
2667 1014 3072 1101 parochialis
3133 1013 3419 1078 ecclesiae
3479 1010 3556 1075 de
3615 1008 3750 1091 Epe
3804 1005 3978 1086 Traj.

1141 1129 1370 1212 dioec.,
1432 1127 1720 1208 conferat
1764 1126 2239 1205 canonicatum,
2277 1122 2705 1207 praebendam
2751 1129 2810 1187 et
2855 1121 3393 1206 supplementum,
3443 1138 3605 1203 quae
3654 1113 3979 1179 Gerarduc

1144 1234 1304 1299 Foec
1363 1236 1572 1298 senior
1621 1253 1746 1317 per
1802 1229 2249 1295 Theodericum
2295 1228 2372 1292 de
2417 1228 2553 1294 Ede
2598 1230 2966 1293 canonicum
3013 1227 3301 1291 ecclesiae
3346 1224 3402 1289 b.
3449 1223 3707 1288 Mariae
3762 1219 3975 1302 Traj.,

1134 1349 1620 1427 procuratorem
1686 1359 1909 1420 suum,
1984 1338 2254 1422 legitime
2321 1338 2706 1421 reeiqnaoit;
2776 1355 2942 1420 quae
3003 1342 3208 1399 tamen
3270 1331 3564 1413 beneficia
3624 1349 3766 1393 cum
3825 1327 3984 1392 idem

1142 1447 1477 1513 Arnoldue
1522 1445 1896 1526 obtinuerit,
1945 1444 2179 1507 dictam
2213 1442 2654 1528 parochialem
2699 1443 3016 1506 ecclesiam
3060 1442 3310 1504 omnino
3356 1438 3657 1501 dimittat.

1151 1633 1441 1720 Dignum
1512 1631 1922 1696 arbitramur.
1949 1676 1966 1693 .
1995 1677 2010 1693 .
2042 1675 2057 1691 .
2128 1629 2280 1694 Non
2338 1627 2754 1693 obstantibus
2801 1673 2817 1690 .
2850 1675 2865 1691 .
2894 1674 2910 1691 .
2937 1673 2955 1692 .
3005 1624 3179 1713 quod
3228 1676 3241 1689 .
3274 1672 3290 1689 .
3318 1671 3334 1688 .
3364 1671 3381 1689 .
3430 1621 3747 1708 capellam
3793 1618 3988 1684 beate

919 1742 1126 1807 Marie
1190 1741 1259 1805 in
1320 1737 1779 1804 Wiltenborch
1808 1737 1860 1819 1)
1915 1757 1992 1801 ac
2039 1735 2246 1801 altare
2293 1735 2489 1800 beate
2537 1734 2744 1800 Marie
2790 1733 3181 1820 Magdalene
3231 1732 3427 1796 situm
3473 1730 3544 1794 in
3590 1727 3866 1794 ecclesia
3909 1727 3976 1790 in

922 1847 1254 1915 Oesbroch
1280 1847 1335 1930 2)
1393 1844 1835 1930 Trajecteusis
1896 1842 2174 1907 diocesis
2243 1841 2534 1907 noscitur
2595 1841 2914 1906 obtinere.
2944 1887 2960 1904 .
2992 1890 3000 1900 .
3034 1888 3050 1905 .
3147 1839 3297 1904 Dat.
3358 1836 3724 1917 Avinione,
3782 1832 3984 1898 XVII

921 1955 1030 2020 Kl.
1079 1952 1509 2034 Novembris,
1557 1970 1730 2015 anno
1778 1950 2030 2037 quinto.

1340 2087 1467 2148 Ray.
1501 2087 1598 2134 Aa.
1645 2086 1699 2134 r.
1734 2083 1827 2144 96,
1853 2085 1914 2147 s.
1948 2082 2089 2132 nav.

1077 2233 1127 2295 1)
1162 2231 1327 2295 Cujus
1361 2231 1595 2281 nominis
1629 2229 1757 2280 olim
1792 2242 1886 2279 arx
1922 2228 2181 2279 existebat
2217 2241 2380 2292 prope
2415 2226 2784 2290 Ultrajectum.
2984 2222 3041 2286 2)
3075 2219 3384 2273 Oostbroek.

913 2719 1120 2787 2240.
1889 2719 2098 2799 1375,
2152 2715 2434 2781 Octobris
2479 2717 2598 2796 20,
2651 2715 3009 2779 Avenionis.

1231 2874 1446 2940 Ottoni
1493 2873 1739 2939 Ottonis
1785 2872 1862 2936 de
1903 2870 2257 2937 Doceborch
2286 2870 2337 2952 l)
2384 2871 2607 2934 clerico
2662 2868 2843 2951 Traj.
2890 2867 3078 2932 dioec.
3128 2864 3576 2948 conferendum
3621 2868 3986 2926 reservatur

1136 2979 1494 3063 beneficium
1538 2981 1605 3043 in
1652 2979 1905 3043 ecclesia
1961 2975 2176 3061 Traj.,
2225 2974 2398 3062 quod
2442 2995 2580 3039 cum
2628 2995 2787 3039 cura
2836 2974 3014 3038 ultra
3058 2973 3177 3055 20,
3228 2973 3363 3036 sine
3407 2990 3568 3034 cura
3610 2988 3753 3032 vero
3799 2966 3981 3030 ultra

1134 3086 1222 3149 15
1270 3106 1518 3150 marcas
1563 3086 1814 3170 arqenti
1858 3084 2194 3147 annuatim
2240 3102 2366 3147 non
2412 3081 2643 3145 valeat.

1135 3265 1293 3331 Vite
1340 3287 1416 3331 ac
1462 3286 1736 3331 morum.
1762 3310 1780 3329 .
1807 3312 1824 3329 .
1851 3313 1866 3329 .
1921 3265 2073 3330 Dat.
2122 3263 2488 3348 Avinione,
2538 3265 2714 3330 XIII
2759 3263 2870 3330 Kl.
2920 3262 3351 3344 Novembris,
3399 3280 3570 3325 anno
3616 3260 3871 3346 quinte.

1334 3399 1459 3462 περ.
1494 3401 1593 3450 Ao.
1635 3396 1696 3449 T.
1730 3398 1822 3463 24,
1848 3399 1910 3464 s.
1945 3397 2084 3449 31s·.

1067 3526 1125 3588 1)
1160 3525 1451 3592 Doesburg.

915 3965 1107 4033 2241.
1871 3967 2083 4047 1375,
2131 3965 2502 4029 Novembris
2547 3967 2621 4048 8,
2670 3965 3032 4029 Avenionis.

1237 4118 1560 4202 (Johanni
1621 4120 1696 4183 de
1758 4119 1996 4201 Arkel)
2058 4120 2341 4203 episcopo
2403 4117 2736 4182 Leodiensi
2795 4117 3236 4196 committitur,
3291 4121 3365 4178 ut
3410 4116 3576 4177 inter
3621 4110 3988 4177 Arnoldum

1145 4226 1251 4306 (de
1298 4225 1559 4311 Hoern)
1603 4229 1959 4311 episcopum
2014 4224 2196 4306 Traj.
2245 4233 2303 4289 et
2350 4224 2709 4289 Secederum
2759 4223 3009 4288 Uterloe
3040 4222 3555 4287 archidiaconum
3596 4219 3773 4300 Traj.
3813 4220 3986 4284 litem

1143 4353 1333 4417 super
1359 4333 1812 4415 jurisdictione
1858 4333 2266 4396 ecclesiastica
2315 4333 2621 4397 alterutri
2665 4334 2948 4416 ipsorum
2994 4332 3359 4415 competenti
3404 4328 3714 4392 decernat.
3743 4326 3795 4409 1)

1143 4514 1524 4580 Venerabili
1572 4513 1754 4578 fratri
1804 4515 2110 4600 episcopo
2162 4513 2512 4580 Leodiensi
2563 4514 2843 4578 salutem
2889 4520 2998 4577 etc.

1146 4620 1432 4685 Romani
1492 4620 1819 4705 pontificis
1866 4620 2288 4706 providencia
2334 4621 2806 4707 circumspecta
2852 4619 2934 4685 ad
2984 4640 3064 4685 ea
3109 4639 3194 4684 ex
3244 4618 3599 4704 apostolice
3647 4618 3988 4683 servitutis

921 4726 1130 4791 officio
1190 4725 1474 4790 libenter
1518 4725 1838 4807 intendit,
1896 4746 2012 4811 per
2059 4747 2186 4810 que
2235 4727 2638 4812 prelatorum
2686 4732 2754 4791 et
2800 4725 3072 4790 aliarum
3121 4745 3549 4812 personarum
3596 4723 3990 4789 ecclesiasti-

921 4852 1141 4897 carum
1176 4836 1389 4894 status
1419 4831 1726 4916 pacificus
1758 4839 2162 4918 procuretur.
2224 4833 2398 4898 Sane
2434 4832 2680 4897 dudum
2713 4833 2888 4898 inter
2919 4832 3361 4897 venerabilem
3394 4831 3658 4897 fratrem
3692 4836 3987 4896 nostrum

921 4938 1292 5004 Arnoldum
1338 4939 1715 5024 episcopum
1763 4939 2253 5023 Trajectensem
2302 4947 2370 5004 et
2417 4938 2729 5004 dilectum
2778 4940 2984 5004 filium
3033 4939 3413 5004 Swederum
3460 4937 3732 5003 Uterloe
3775 4935 3983 5002 archi-

925 5043 1271 5108 diaconum
1335 5043 1609 5108 ecclesie
1671 5043 2111 5128 Trajectensis
2177 5066 2374 5130 super
2431 5067 2546 5127 ec,
2596 5044 2769 5131 quod
2818 5045 3353 5127 archidiaconus,
3402 5044 3486 5109 ab
3534 5043 3987 5129 antiquissimo

928 5156 1219 5235 tempore
1284 5156 1351 5213 et
1413 5148 1496 5213 de
1561 5151 1748 5233 cujus
1814 5150 2123 5213 contrarii
2184 5151 2499 5216 memoria
2559 5172 2693 5216 non
2757 5153 2988 5216 existit
3051 5150 3133 5217 ad
3197 5153 3407 5216 solum
3466 5148 3993 5215 archidiaconum

923 5255 1415 5339 TraJectensem
1487 5275 1602 5340 pro
1676 5260 1970 5341 tempore
2040 5257 2441 5322 existentem
2510 5258 2993 5342 cognicionem,
3057 5258 3558 5345 inquisicionem
3622 5262 3690 5320 et
3744 5274 3994 5319 correc-

931 5361 1176 5425 tionem
1242 5358 1325 5425 de
1374 5360 1674 5425 omnibus
1722 5366 1790 5424 et
1838 5361 2109 5446 singulis
2156 5363 2534 5427 criminibus
2582 5370 2653 5428 et
2701 5364 3077 5429 excessibus
3126 5363 3534 5427 subditorum
3581 5361 3737 5427 dicti
3783 5359 3994 5425 archi-

926 5466 1185 5531 diaconi
1232 5467 1668 5531 existencium
1714 5467 1883 5531 infra
1930 5467 2093 5532 fines
2134 5475 2202 5533 et
2235 5469 2477 5533 limites
2510 5470 2609 5533 sui
2643 5468 3210 5535 archidiaconatus
3247 5490 3500 5534 necnon
3534 5467 3986 5533 visitacionem

928 5571 1309 5636 eorumdem
1383 5578 1449 5636 et
1520 5572 1752 5657 synodi
1824 5573 2354 5640 observacionem
2420 5595 2495 5638 ac
2558 5576 2764 5639 eciam
2826 5575 3316 5640 institucionem
3376 5595 3452 5639 ac
3500 5572 3988 5637 distitucionem

930 5676 1399 5742 beneficiorum
1448 5678 2034 5742 ecclesiasticorum
2080 5679 2253 5744 infra
2291 5679 2500 5744 dictos
2530 5680 2772 5744 limites
2806 5681 3244 5745 existencium
3276 5680 3531 5765 aliaque
3564 5678 3808 5761 omnia,
3857 5696 3996 5763 que
