4450 6684
806 517 937 581 266
2056 512 2460 582 Gnnoonms
2504 513 2629 581 XI.

806 737 1168 825 Budwoys,
1232 760 1406 804 anno
1470 741 1734 805 Domini
1796 740 2141 804 millesimo
2207 740 2650 806 tricentesimo
2712 741 3121 826 sexagesimo
3178 745 3448 827 quarto,
3509 738 3874 805 indictione

807 845 1132 926 secunda,
1196 846 1296 912 VI
1350 847 1459 913 Kl.
1509 845 1711 930 Julii,
1760 868 2109 934 regnorum
2158 855 2529 913 nostrorum
2576 868 2750 913 anno
2797 847 3052 913 decimo
3100 853 3368 930 octavo,
3414 847 3672 934 imperii
3718 868 3875 912 vero

807 952 1083 1020 decimo.

1034 1061 1215 1126 Nulli
1280 1082 1437 1147 ergo
1502 1062 1767 1127 omnino
1828 1062 2165 1126 hominum
2231 1062 2428 1127 liceat
2487 1062 2656 1128 hanc
2717 1063 3021 1149 paginam
3085 1071 3309 1129 nostre
3365 1063 3877 1129 confirmationis

809 1169 1165 1254 infringere
1227 1170 1334 1233 vel
1380 1170 1440 1233 ei
1489 1190 1653 1233 ausu
1702 1169 2047 1234 temerario
2096 1170 2439 1234 contraire.
2539 1169 2607 1234 Si
2656 1170 2801 1256 quis
2848 1178 3070 1235 autem
3117 1170 3241 1235 hoc
3287 1175 3681 1256 attemptare
3728 1191 3874 1256 pre·

809 1277 1193 1364 sumpserit,
1259 1274 1781 1362 indignationem
1837 1276 2305 1363 omnipotentis
2351 1276 2475 1340 Dei
2524 1283 2592 1341 et
2638 1276 2981 1342 beatorum
3027 1277 3212 1343 Petri
3258 1284 3327 1342 et
3373 1276 3565 1342 Pauli
3608 1283 3872 1363 aposto·

805 1384 1018 1449 lorum
1066 1384 1207 1468 ejus
1255 1403 1325 1447 se
1374 1382 1631 1446 noverit
1677 1383 2104 1447 incursurum.
2202 1383 2354 1447 Dat.
2403 1383 2770 1464 Avinione,
2819 1382 3025 1447 VIIII
3070 1384 3180 1449 Kl.
3229 1384 3557 1465 Jannarii,
3605 1383 3868 1470 pontifi-

808 1495 993 1557 catus
1042 1492 1245 1554 nostri
1296 1510 1468 1554 anno
1518 1496 1769 1575 quarto.

1031 1596 1138 1660 Sir·
1183 1598 1491 1681 scriptum
1537 1617 1727 1680 super
1764 1598 2047 1680 plicam:
2092 1594 2201 1660 J0.
2251 1595 2328 1658 de
2376 1594 2639 1659 Castris.

1224 1732 1589 1796 Apo-arapham
1624 1747 1751 1779 saec.
1790 1730 1850 1779 X
1862 1732 1905 1775 V
1907 1732 1943 1778 I
1946 1731 1972 1779 1
2010 1731 2064 1778 in
2098 1732 2304 1779 archivo
2338 1731 2563 1780 civitatis
2610 1733 3001 1796 UitraJ’eetinac,
3046 1732 3277 1782 Chartul.
3319 1733 3382 1783 G.
3407 1734 3505 1799 sol
3555 1731 3664 1783 88².

1229 1816 1530 1865 Matthaeus
1564 1816 1625 1863 de
1662 1815 1943 1864 Nobilitate
1982 1816 2063 1864 II.
2099 1814 2220 1881 221,
2262 1815 2355 1865 ubi
2390 1830 2610 1865 erronee
2644 1816 2872 1866 refertur
2908 1817 2970 1866 ad
3007 1817 3147 1866 diem
3182 1822 3511 1882 sequentem.

962 1945 1021 2010 1)
1056 1944 1417 2011 Eembrugge,
1454 1959 1602 1994 nunc
1638 1957 1802 2009 pagus
1836 1958 1997 2008 prope
2033 1946 2447 1996 Amersfurtum.
2650 1944 2707 2007 2)
2742 1945 2915 1996 Codex
2953 1946 3141 1997 habet:
3178 1947 3457 1996 metr-anei.

960 2029 1017 2093 3)
1056 2028 1116 2078 ln
1154 2028 1356 2078 codice:
1396 2028 1568 2077 valeat
1602 2027 1895 2077 defensare.
2097 2028 2153 2084 4)
2188 2027 2359 2077 Codex
2400 2028 2579 2077 habet:
2622 2033 2689 2079 et.

802 2453 1009 2520 2204.
1789 2454 2001 2534 1374,
2050 2454 2368 2517 Januarii
2412 2455 2496 2532 8,
2544 2454 2904 2516 Avenionis.

1126 2607 1441 2691 Mayistro
1503 2606 1701 2671 Petro
1762 2606 1838 2670 dc
1904 2607 2155 2670 Croseto
2175 2654 2191 2687 ,
2261 2628 2601 2671 causarum
2636 2608 2883 2693 palatii
2928 2609 3258 2693 apostolici
3302 2609 3622 2692 auditori,
3671 2631 3884 2675 coram

1035 2735 1158 2800 qno
1225 2713 1545 2777 Geraldus
1608 2712 1683 2776 de
1750 2713 1880 2798 Zyl
1939 2714 2274 2776 canonicus
2329 2713 2614 2776 ecclesiae
2670 2713 2849 2796 Traj.
2900 2735 3040 2777 cum
3085 2715 3330 2778 clericis
3375 2715 3560 2798 infra
3605 2715 3886 2780 dicendis

1036 2842 1230 2906 super
1269 2820 1638 2906 parochiali
1681 2821 1935 2884 ecclesia
1982 2821 2051 2883 in
2101 2818 2550 2903 Oudekerke1)
2595 2820 2709 2884 diu
2755 2823 2823 2884 in
2856 2824 3038 2885 curia
3073 2823 3377 2907 litiqavit,
3409 2823 3776 2905 mandatur,
3809 2831 3885 2886 ut

1034 2924 1295 2990 eundem
1344 2925 1725 3007 Geraldum,
1776 2928 1890 3011 qui
1922 2925 2301 3009 praefatam
2347 2925 2664 2989 ecclesiam
2703 2925 3029 3011 possidere
3073 2946 3137 2990 se
3184 2929 3440 3010 asserit,
3486 2935 3780 3012 surroqet
3820 2931 3889 2992 in

1035 3053 1211 3097 omne
1236 3035 1357 3114 Jus
1417 3031 1755 3097 Wilhelmo
1802 3032 1878 3096 de
1924 3031 2409 3115 Amersfoerdia
2455 3038 2514 3095 et
2562 3032 2778 3097 Ottoni
2822 3033 2899 3096 de
2940 3033 3234 3099 Oemeren
3279 3037 3520 3099 interea
3565 3034 3884 3117 deftmctis

1037 3139 1491 3225 quomodolibet
1537 3146 1897 3223 competens.

1040 3319 1433 3385 Laudabilia
1477 3321 1843 3408 probitatis.
1875 3370 1889 3386 .
1921 3369 1936 3385 .
1965 3369 1979 3382 .
2032 3321 2185 3387 Dat.
2235 3322 2604 3404 Avinione,
2655 3323 2753 3387 VI
2799 3321 2897 3386 Id.
2948 3322 3281 3406 Januarii,
3331 3344 3504 3388 anno
3551 3324 3805 3410 quinto.

1233 3438 1355 3501 1209.
1391 3439 1487 3487 Αυ.
1534 3440 1584 3487 T.
1622 3438 1713 3501 25,
1739 3441 1790 3502 f.
1828 3437 1943 3489 136.

962 3564 1020 3628 1)
1057 3562 1395 3628 Ouderkerk,
1434 3581 1600 3632 pagus
1636 3568 1699 3617 ad
1736 3567 2051 3619 Amstelum.
2122 3568 2228 3618 Cfr.
2264 3583 2425 3633 supra
2460 3583 2611 3619 num.
2642 3568 2792 3620 2047.

800 3985 1012 4054 2205.
1764 3991 1978 4072 1375,
2027 3990 2349 4055 Januarii
2396 3994 2516 4073 16,
2566 3994 2925 4056 Avenionis.

1127 4141 1422 4207 Johanni
1465 4142 1668 4206 Mowe
1713 4144 2042 4224 confertur
2078 4152 2393 4229 perpetua
2432 4147 2674 4209 vicaria
2705 4145 2846 4210 S.S.
2880 4146 3336 4231 Apostolorum
3369 4146 3556 4211 Petri
3585 4154 3646 4212 et
3675 4146 3891 4212 Pauli

1037 4249 1324 4313 ecclesiae
1392 4249 1574 4332 Traj.
1637 4252 1818 4314 ultra
1880 4253 1970 4315 30
2029 4251 2300 4333 florenos
2359 4256 2514 4316 auri
2571 4257 2905 4318 annuatim
2963 4276 3087 4318 non
3134 4256 3349 4319 valens
3393 4262 3454 4318 et
3497 4275 3728 4319 vacans
3761 4276 3888 4339 per

1036 4355 1273 4419 obitum
1318 4356 1656 4421 Michaelis
1703 4356 2006 4441 Moliart‚
2054 4358 2235 4443 apud
2279 4361 2526 4423 curiam
2572 4359 2878 4441 defuncti.
2930 4396 3013 4408 —
3062 4361 3478 4446 Deputantur
3513 4370 3883 4426 executores.

1037 4537 1428 4604 Laudabilia
1472 4541 1838 4625 probitatis.
1866 4588 1882 4605 .
1913 4589 1929 4605 .
1957 4589 1973 4606 .
2022 4542 2174 4607 Dat.
2207 4543 2569 4626 Avinione,
2618 4545 2822 4610 XVII
2851 4544 2962 4610 Kl.
2997 4544 3368 4627 Februarii,
3417 4566 3589 4611 anno
3624 4546 3879 4633 quinto.

1233 4655 1357 4716 Ray.
1391 4657 1484 4704 Ao.
1533 4657 1587 4705 r.
1620 4655 1711 4718 24,
1738 4659 1798 4721 s.
1833 4656 1940 4708 55².

810 5073 1022 5143 2206.
1777 5083 1986 5166 1375,
2035 5083 2351 5149 Januarii
2395 5088 2513 5168 18,
2564 5088 2924 5151 Avenionis.

1130 5228 1589 5317 Infra-scriptis
1634 5234 2003 5318 mandatur,
2037 5244 2109 5301 ut
2139 5237 2480 5304 Bernardo
2511 5239 2834 5304 Johannis
2870 5239 2946 5303 de
2980 5239 3154 5304 Goch
3183 5240 3408 5304 clerico
3446 5237 3628 5322 Traj.
3662 5237 3885 5321 dioec.,

1048 5337 1441 5418 „dummodo
1505 5341 1668 5405 sciat
1728 5341 1911 5428 loqui
1970 5342 2285 5429 ydeoma,
2352 5345 2527 5433 quod
2588 5347 2950 5433 loquuntur
3007 5352 3240 5432 gentes
3298 5344 3583 5410 civitatis
3629 5346 3889 5431 Trajec-

1045 5443 1319 5529 tensis”,
1365 5446 1653 5529 conferat
1686 5456 2064 5535 perpetuam
2109 5453 2414 5516 vicariam
2460 5454 2694 5517 altaris
2742 5451 2883 5517 S.S.
2930 5452 3253 5517 Johannis
3298 5460 3359 5516 et
3393 5450 3623 5516 Jacobi
3663 5453 3776 5516 siti
3817 5453 3888 5516 in

1031 5551 1405 5635 parochiali
1464 5554 1718 5618 ecclesia
1778 5554 1834 5618 b.
1899 5555 2158 5621 Mariae
2221 5558 2404 5642 Traj.
2426 5606 2444 5642 ,
2509 5561 2689 5624 ultra
2735 5561 2824 5622 20
2867 5558 3138 5641 florenos
3182 5559 3334 5622 auri
3377 5558 3713 5622 annuatim
3759 5577 3888 5623 non

1043 5657 1348 5722 valentem
1392 5666 1452 5723 et
1486 5680 1612 5744 per
1655 5665 2135 5747 resiqnationem
2180 5664 2453 5730 Henrici
2503 5666 2627 5747 „de
2673 5665 3066 5751 Tyeneren”
3111 5672 3451 5731 vacantem.
