4450 6684
923 507 1052 570 180
2158 512 2564 580 Gnnoonms
2625 515 2748 582 XL

910 725 1110 794 1904.
1874 733 2084 816 1371,
2131 732 2452 798 Januarii
2493 736 2612 817 13,
2659 737 3034 803 Avenionis.

1225 883 1509 949 Henrico
1571 885 1649 949 de
1692 885 1925 970 Reich,
1990 887 2180 951 Petri
2226 890 2323 952 tit.
2375 887 2443 953 S.
2492 889 2750 956 Mariae
2795 895 2863 957 in
2918 893 3380 962 Transtiberina
3415 898 3782 985 presbyteri
3829 901 3987 966 Oar-

1135 989 1376 1055 dinalis
1434 992 1793 1075 familiari,
1858 995 2188 1077 confertur
2242 998 2650 1061 canonicatus
2695 1007 2753 1062 et
2800 1010 3164 1067 reservatur
3197 1004 3570 1089 praebenda
3613 1008 3685 1070 in
3731 1009 3988 1074 ecclesia

1138 1095 1208 1160 S.
1259 1096 1618 1162 Salvator-is
1673 1099 1857 1181 Traj.
1910 1138 1991 1148 —
2042 1101 2462 1186 Deputantur
2508 1113 2880 1171 executores.

1141 1280 1533 1345 Laudabilia
1576 1282 1943 1369 probitati&
1974 1333 1989 1348 .
2019 1333 2036 1350 .
2067 1334 2083 1350 .
2131 1286 2286 1352 Dat.
2338 1288 2706 1371 Avinione,
2755 1288 2855 1354 Id.
2903 1289 3241 1374 Januarii,
3290 1312 3464 1357 anno
3511 1294 3743 1380 primo.

1326 1416 1452 1477 περ.
1485 1416 1579 1465 Ao.
1628 1419 1682 1466 T.
1717 1417 1774 1478 5,
1800 1419 1862 1482 s.
1899 1418 2014 1469 465.

901 1908 1100 1980 1905.
1860 1917 2072 1998 1371,
2121 1917 2443 1983 Januarii
2486 1921 2606 2003 16,
2653 1922 3017 1988 Avenionis.

1220 2066 1466 2130 Amelio
1529 2068 1605 2130 de
1666 2066 1889 2132 Wolde
1954 2070 2042 2132 ad
2105 2074 2633 2156 supplicationem
2681 2074 2954 2140 Henrici
3003 2077 3315 2143 Castellae
3359 2086 3420 2143 et
3463 2079 3764 2165 Leyionis
3807 2085 3972 2168 reqis

1123 2173 1453 2255 confertur
1498 2176 1905 2239 canonicatus
1950 2183 2010 2239 et
2056 2186 2418 2243 reservatur
2453 2181 2821 2265 praebenda
2867 2185 2937 2247 in
2983 2185 3236 2248 ccclesia
3282 2184 3338 2250 b.
3388 2186 3644 2251 Mariae
3698 2188 3880 2273 Traj.

1125 2358 1282 2477 Vite
1330 2379 1404 2422 ao
1446 2379 1722 2423 morum.
1750 2406 1767 2422 .
1795 2405 1811 2422 .
1841 2405 1856 2422 .
1907 2358 2058 2423 Dat.
2093 2360 2459 2447 Avinione,
2508 2363 2712 2428 XVII
2745 2364 2854 2429 Kl.
2888 2365 3260 2448 Februarii,
3309 2366 3734 2454 pontificatus
3765 2371 3972 2436 nostri

901 2483 1073 2527 anno
1120 2484 1351 2550 pnm0.

1320 2599 1443 2661 329.
1478 2600 1576 2648 Au.
1621 2601 1675 2649 T.
1709 2598 1767 2661 5,
1792 2601 1854 2663 s.
1889 2599 2003 2649 294.

899 3095 1105 3164 1906.
1858 3102 2071 3183 1371,
2121 3099 2441 3165 Januarii
2486 3105 2605 3186 25,
2651 3103 3014 3168 Avenionis.

1227 3254 1522 3319 Jokanni
1587 3254 1916 3319 Habbonis
1988 3260 2284 3320 canonico
2357 3258 2644 3348 ecclesiae
2712 3257 2780 3322 S.
2853 3259 3211 3323 Salvatoris
3288 3257 3471 3342 Traj.
3528 3258 3975 3341 conferendum

1128 3369 1490 3425 reservatur
1537 3361 1895 3443 beneficium
1943 3385 2082 3426 cum
2122 3385 2312 3444 cura,
2355 3372 2642 3448 spectans
2682 3364 2770 3427 ad
2808 3364 3279 3450 dispositionem
3307 3367 3667 3451 praepositi
3702 3365 3975 3448 qusdem

1134 3469 1418 3531 ecclesiae
1482 3476 1543 3530 et
1586 3470 1674 3529 25
1720 3489 2087 3531 marcarum
2133 3472 2389 3552 arqenti
2435 3470 2710 3533 valorem
2758 3491 3046 3533 annuum
3091 3491 3218 3535 non
3263 3469 3574 3534 excedens.
3627 3506 3709 3518 ——
3758 3469 3976 3555 Depu-

1129 3581 1352 3637 tantur
1396 3582 1767 3638 executores.

1145 3757 1536 3823 Laudabilia
1583 3759 1951 3844 probitatis,
1980 3805 1997 3822 .
2024 3806 2040 3823 .
2069 3806 2084 3822 .
2134 3759 2290 3824 Dat.
2337 3757 2707 3841 Avinione,
2756 3758 2928 3824 VIII
2967 3757 3078 3823 Kl.
3112 3759 3489 3840 Februarii,
3537 3778 3712 3824 anno
3743 3758 3972 3844 prime.

1320 3891 1442 3953 περ.
1479 3893 1575 3940 Aa.
1620 3889 1680 3941 T.
1714 3890 1772 3952 6,
1799 3893 1859 3955 f.
1896 3891 2009 3941 169.

895 4388 1093 4457 1907.
1844 4393 2017 4455 1371
2045 4439 2062 4472 ,
2108 4390 2428 4455 Januarii
2474 4392 2599 4473 25,
2647 4390 3017 4454 Avenionis.

1215 4547 1550 4631 Reynaldo
1612 4546 1688 4610 de
1749 4546 2001 4611 Drinen
2067 4549 2293 4610 clerico
2364 4546 2549 4628 Traj.
2614 4545 2804 4609 dioec.
2868 4546 3317 4628 conferendum
3363 4553 3725 4611 reservatur
3768 4547 3970 4610 simile

1126 4651 1521 4733 beneficium,
1568 4660 1857 4737 spectans
1904 4653 1992 4717 ad
2035 4654 2508 4738 dispositionem
2554 4653 2826 4736 capituli
2871 4653 3370 4718 Daventriensis.
3423 4689 3505 4701 —
3554 4651 3968 4737 Deputantur

1122 4766 1489 4823 executores.

1130 4945 1288 5011 Vite
1336 4966 1411 5008 ac
1459 4965 1733 5009 morum.
1762 4993 1778 5008 .
1809 4992 1824 5009 .
1854 4992 1869 5009 .
1919 4946 2070 5009 Dat.
2118 4945 2490 5028 Avinione,
2539 4943 2711 5010 VIII
2755 4944 2867 5010 Kl.
2915 4944 3288 5028 Februarii,
3337 4964 3511 5010 anno
3556 4944 3791 5031 primo,

1320 5081 1394 5128 Re
1434 5120 1445 5130 .
1479 5083 1577 5131 Δυ.
1621 5084 1675 5130 T.
1709 5083 1742 5131 6
1838 5118 1851 5132 .
1887 5081 2003 5131 652.

1322 5097 1477 5215 Ausim
1524 5165 1660 5215 1376
1701 5082 1842 5215 ideglp
1877 5166 2181 5230 Reynaldus
2216 5166 2281 5214 de
2317 5165 2519 5214 Drinen
2557 5164 2930 5213 verosimiliter
2964 5163 3128 5226 hujus
3162 5163 3539 5215 reservationis
3571 5164 3728 5214 titulo
3757 5164 3849 5228 jus
3883 5164 3984 5215 sibi

1255 5248 1541 5298 vindicavit
1597 5250 1662 5297 ad
1707 5250 1982 5298 ecclesiam
2034 5248 2388 5310 parochialem
2436 5249 2500 5296 de
2547 5246 2763 5307 Swolle,
2808 5261 2969 5308 super
3014 5261 3121 5309 qua
3163 5260 3287 5295 cum
3333 5246 3564 5310 capitulo
3609 5246 3981 5297 Darentriensi

1251 5331 1314 5378 ad
1362 5330 1719 5392 pontificalem
1767 5346 1937 5394 usque
1981 5333 2185 5380 curiam
2234 5346 2412 5380 acrem
2458 5329 2718 5379 sustinuit
2752 5329 2924 5392 litem,
2973 5329 3055 5378 uti
3101 5328 3279 5379 videre
3313 5334 3396 5379 oet
3427 5343 3490 5379 ex
3525 5328 3811 5392 diplomate
3846 5330 3981 5394 apud

1254 5412 1492 5463 Dumbar
1529 5413 1797 5478 Kerkelijk
1834 5428 1901 5462 eu
1940 5412 2216 5477 wereltlijk
2255 5414 2517 5463 Deveuter
2555 5412 2594 5462 1.
2627 5411 2727 5461 345
2762 5416 2813 5460 et
2848 5426 2995 5475 seqq.
