4450 6684
1590 499 1935 566 Amnum
1980 518 2062 566 m·
2110 500 2586 568 cosmon-nm.
3492 503 3621 567 303

558 720 676 785 filii
737 721 943 786 nostri
1006 721 1326 786 Willelmi
1386 722 1558 808 regis
1622 724 2072 789 Romanorum
2115 724 2424 806 illustris,
2474 745 2641 810 quae
2691 725 3157 790 monasterium
3203 729 3494 789 vestrum
3543 722 3624 788 de

556 826 748 892 bonis
810 828 1085 915 propriis
1144 827 1479 912 fundavit,
1544 829 1714 894 sicut
1759 830 2143 917 accipimus,
2193 837 2263 896 et
2310 830 2598 914 dotavit,
2644 829 3050 914 inducimur,
3101 837 3175 896 ut
3220 852 3336 895 vos
3385 830 3622 894 favoris

557 934 892 1023 praecipui
937 936 1149 1021 gratia
1192 956 1682 1023 prosequamur.
1763 937 1939 1002 Hinc
1987 943 2126 1019 est,
2174 936 2351 1024 quod
2399 938 2632 1002 vestris
2679 944 2747 1003 et
2795 936 3009 1002 dictae
3056 937 3293 1002 nobilis
3341 937 3629 1023 postula-

557 1041 847 1107 tionibus
908 1046 1095 1127 grato
1158 1047 1621 1108 concurrentes
1684 1063 1986 1127 assensu,
2056 1049 2130 1108 ut
2177 1043 2259 1109 de
2308 1044 2690 1126 novalibus,
2738 1059 2905 1130 quae
2953 1044 3207 1130 propris
3255 1042 3627 1129 sumptibus

558 1145 773 1211 colitis
820 1152 888 1210 et
935 1146 1019 1212 de
1066 1147 1304 1234 quibus
1349 1147 1584 1234 aliquis
1629 1147 1950 1212 hactenus
1990 1168 2124 1214 non
2154 1148 2480 1235 percepit,
2532 1148 2669 1213 sive
2702 1146 2784 1212 de
2817 1147 3025 1212 hortis
3065 1154 3179 1213 aut
3211 1147 3628 1212 nutrimentis

559 1252 937 1317 animalium
984 1259 1348 1319 vestrorum
1395 1252 1680 1319 decimas
1726 1254 1972 1320 nemini
2020 1255 2273 1320 solvere
2321 1256 2711 1340 teneamini,
2758 1255 3159 1320 authoritate
3205 1255 3392 1320 vobis
3439 1275 3623 1341 prae-

562 1357 846 1423 sentium
892 1358 1331 1445 indulgemus.
1426 1359 1608 1424 Nulli
1656 1380 1810 1445 ergo
1860 1360 2126 1425 omnino
2174 1361 2512 1426 hominum
2559 1362 2756 1426 liceat
2801 1361 2970 1427 hanc
3017 1363 3323 1447 paginam
3363 1367 3625 1425 nostrae

559 1465 997 1529 concessionis
1068 1465 1426 1551 iufringere
1496 1466 1602 1530 vel
1671 1466 1732 1530 ei
1801 1487 1966 1531 ausu
2034 1468 2381 1532 temerario
2447 1468 2789 1532 contraire.
2884 1467 2957 1531 Si
3015 1468 3161 1554 quis
3224 1473 3446 1532 autem
3510 1467 3632 1531 hoc

560 1575 888 1636 attentare
951 1571 1495 1659 praesumpserit,
1558 1572 2082 1657 indignationem
2138 1574 2607 1659 omnipotentis
2655 1573 2778 1638 Dei
2829 1580 2897 1638 et
2944 1574 3286 1638 beatorum
3332 1573 3515 1638 Petri
3562 1582 3629 1638 et

562 1675 754 1740 Pauli
792 1677 1237 1763 apostolorum
1277 1678 1421 1762 ejus
1462 1698 1531 1742 se
1571 1679 1828 1743 noverit
1864 1679 2299 1745 incursurum.
2365 1680 2610 1744 Datum
2642 1679 2932 1762 Perusii,
2972 1679 3076 1743 III
3106 1679 3256 1744 Kal.
3294 1679 3624 1760 Octobris,

560 1782 979 1869 pontificatus
1027 1784 1235 1848 nostri
1281 1804 1454 1848 anno
1504 1782 1778 1850 decimo.

980 1917 1256 1968 Secundum
1289 1918 1446 1982 Enyo
1478 1917 1515 1968 1.
1550 1935 1591 1970 ο.

644 2340 821 2419 (254)
864 2355 943 2404 Ad
977 2354 1111 2405 oba:
1167 2352 1536 2403 saint-aeneis
1571 2352 1868 2404 Montanum
1902 2352 2103 2403 ancient
2137 2353 2185 2404 I.
2220 2352 2373 2417 255*,
2410 2356 2674 2404 secundam
2705 2355 3081 2420 aatoyraplmm
3115 2356 3171 2406 in
3206 2356 3410 2407 archivo
3446 2356 3647 2406 Montis

550 2438 884 2501 Hammonius,
922 2442 975 2488 et
1005 2436 1188 2487 iterun
1222 2437 1306 2486 II.
1342 2434 1469 2487 579*
1502 2438 1766 2487 secundnm
1802 2436 2147 2501 apoyraphum
2180 2435 2236 2486 in
2269 2437 2476 2487 archivo
2511 2438 2776 2489 Intulano.

565 2903 748 2972 2277.
797 2904 1051 2983 (zomon)
1832 2905 2367 2991 (1243—1254).

876 3060 1243 3125 Priorissae
1299 3060 1667 3124 monasterii
1727 3057 1795 3122 S.
1860 3058 2120 3124 Nicolai
2179 3061 2256 3125 de
2319 3061 2642 3126 Hemelem
2668 3063 2719 3145 l)
2783 3064 3039 3147 ejusque
3082 3048 3418 3127 sororibus
3448 3083 3632 3147 requ-

792 3166 989 3229 larem
1048 3166 1244 3230 vitam
1295 3164 1608 3249 professis
1670 3167 2126 3263 monasterium·
2178 3167 2294 3231 sub
2354 3169 2700 3253 apostolica
2758 3170 3106 3254 suscipitur
3140 3171 3528 3253 protectione
3573 3176 3631 3232 et

789 3273 921 3336 suis
967 3273 1039 3336 in
1081 3272 1355 3357 requlis,
1392 3271 1922 3356 possessionibus,
1961 3273 2320 3359 privileyiis
2366 3274 2803 3357 confirmatur.

787 3454 1192 3540 Religiosam
1254 3455 1457 3519 vitam
1506 3455 1921 3541 eligentibus.
1951 3503 1966 3519 .
1995 3503 2011 3520 .
2043 3502 2059 3519 .
2154 3456 2236 3520 In
2283 3454 2519 3542 quibus
2564 3453 2689 3520 hec
2736 3452 3014 3541 propriis
3062 3452 3367 3518 duximus
3414 3453 3632 3540 expri-

565 3561 804 3627 menda
864 3561 1233 3627 vocabulis:
1295 3562 1510 3626 locum
1573 3561 1825 3648 ipsum,
1890 3562 1961 3627 in
2024 3582 2154 3650 quo
2202 3561 2529 3648 prefatum
2575 3561 3042 3626 monasterium
3091 3559 3289 3625 situm
3336 3565 3438 3625 est
3484 3579 3632 3624 cum

567 3666 868 3732 omnibus
930 3666 1351 3754 pertinenciis
1413 3667 1583 3748 suis,
1648 3668 1990 3733 ecclesiam
2055 3666 2136 3733 de
2194 3665 2609 3732 Osledewald
2669 3687 2819 3730 cum
2866 3665 3167 3730 omnibus
3214 3665 3635 3751 pertinenciis

566 3772 731 3856 suis,
782 3778 1017 3856 terras,
1067 3772 1294 3838 domos
1336 3778 1406 3838 et
1447 3773 1922 3860 possessiones,
1970 3794 2132 3860 quas
2171 3767 2431 3838 habetis
2473 3773 2543 3837 in
2582 3772 2753 3837 villis
2786 3770 3151 3857 Midlingbe
3174 3772 3257 3854 2),
3299 3769 3633 3854 Mor-dum,

564 3876 1141 3964 Rughahusemss),
1176 3877 1416 3962 Grind‚
1448 3877 1810 3966 Baldaryp,
1842 3878 2450 3966 Bonnyngbroeck,
2485 3876 2935 3964 Haghekerka
2948 3878 3036 3961 4),
3069 3876 3525 3962 Hogekerspel
3549 3878 3633 3959 5)‚

569 3983 1104 4072 Spekeldekerka
1149 3987 1299 4070 (sic)
1323 3988 1377 4069 ⁶)
1398 4034 1416 4070 ,
1481 3985 2028 4072 Sybekarsp017),
2092 3983 2584 4067 Aldenwerwe,
2647 3983 3178 4050 Werwertshove
3203 3984 3287 4066 8),
3350 3982 3634 4048 Littera·

565 4089 809 4156 broeck
832 4092 916 4174 9),
980 4091 1456 4174 Grotebroeck,
1523 4090 1938 4158 Oestewalde
1968 4092 2081 4176 10),
2143 4089 2745 4173 Middewoudell),
2794 4088 3129 4155 'rw-iscam
3175 4094 3243 4153 et
3292 4087 3524 4173 Swage
3551 4088 3632 4172 l²³)
3743 4151 3746 4153 ,

567 4197 924 4283 vulgariter
969 4198 1341 4263 nominatis.
1372 4245 1386 4261 .
1420 4244 1438 4263 .
1467 4246 1482 4260 .
1578 4197 1729 4263 Sine
1774 4205 1926 4263 nota
1970 4198 2428 4284 chronoloyica.

979 4333 1345 4398 Apoyraplum
1392 4349 1522 4383 saec.
1572 4332 1634 4381 X
1643 4332 1696 4379 V
1737 4331 1793 4382 in
1843 4332 2050 4384 archivo
2092 4347 2239 4398 prov.
2293 4329 2524 4394 mae,
2574 4329 2798 4380 chartul.
2846 4327 3144 4380 monasterii
3195 4328 3248 4378 S.
3304 4326 3529 4394 onulphi
3580 4328 3641 4377 de

914 4414 1131 4464 &auria
1153 4431 1211 4479 p.
1247 4413 1330 4465 17.

984 4499 1214 4564 Oolmjon
1247 4497 1480 4561 Boqiaeter
1512 4498 1571 4548 ἰ’
1602 4497 1712 4550 69*.

714 4623 773 4687 1)
810 4623 973 4674 Hodie
1005 4624 1222 4675 dieitur:
1262 4623 1558 4674 Hemelum.
1757 4622 1814 4688 2)
1851 4622 2090 4675 Midlum.
2290 4621 2347 4686 3)
2385 4622 2767 4689 Ruigehuizen.
2965 4621 3022 4684 ὁ)
3061 4619 3357 4687 Hoogkerk.

716 4705 774 4770 5)
811 4706 1175 4772 Hoogcarspel.
1378 4706 1435 4770 6)
1470 4706 1660 4771 Legae:
1699 4707 2041 4770 Ipeldekerka
2075 4721 2143 4756 =
2175 4706 2469 4773 Ipekolsga.
2668 4705 2724 4770 7>
2760 4704 3118 4771 Zybecarspel.

715 4789 773 4853 8)
807 4789 1192 4841 Wervershoes.
1368 4788 1425 4852 9)
1461 4789 1860 4841 Lierderbroek.
2037 4788 2127 4855 10)
2163 4788 2554 4841 Ooslerwoude.
2734 4787 2825 4853 11)
2861 4787 3152 4839 Midwolde.
3321 4785 3410 4851 12)
3446 4784 3640 4836 Twisk.

719 4869 809 4935 13)
845 4871 1047 4936 Zwaag.
1078 4897 1147 4908 —
1179 4871 1304 4922 Loci
1338 4870 1447 4921 fere
1482 4870 1683 4937 singuli
1718 4872 1859 4922 sicut
1892 4872 2055 4922 etiam
2090 4886 2239 4922 num.
2275 4870 2408 4922 2276
2443 4872 2499 4922 in
2534 4871 2756 4936 antiqua
2793 4870 2975 4921 Frisia.

650 5336 826 5415 (275)
870 5351 949 5402 Aa
981 5351 1114 5403 ουκ
1158 5351 1573 5403 cormac-book
1604 5368 1704 5403 m
1742 5351 2029 5416 Groninyen
2062 5352 2121 5401 η’
2152 5350 2266 5402 125.
