4450 6684
1824 550 2314 615 Inraonucno,
3511 570 3592 617 111

548 774 779 855 utpote
826 770 1062 857 quibus
1111 791 1150 834 a
1197 771 1403 835 Tomo
1453 770 1538 835 63
1587 791 1795 856 usque
1830 769 1926 834 ad
1972 770 2157 834 Tom.
2206 770 2291 835 84
2339 770 2517 856 prius
2568 791 2723 834 usus
2755 792 2898 835 sum
2931 771 3299 859 quibusque
3334 778 3592 839 textum

549 880 844 939 nostrum
913 874 1240 962 adaptavi.
1344 874 1505 939 Mox
1565 894 1723 939 vero
1792 873 2169 957 intelligens
2242 874 2601 959 planiorem
2665 874 2836 939 viam
2909 896 3031 940 nec
3102 878 3315 941 minus
3382 883 3589 942 tutam

544 979 861 1064 praebere
906 978 1201 1044 Iudicem
1249 999 1446 1064 supra
1492 983 1954 1060 memoratum,
2004 977 2126 1042 hoc
2174 976 2341 1042 duce
2387 998 2769 1063 progressus
2816 985 3014 1065 atque
3061 980 3280 1066 potius
3323 980 3592 1066 Reyesta

544 1085 1005 1148 Avenionensia
1059 1082 1214 1148 inde
1270 1088 1715 1168 perscrutatus
1762 1103 1924 1146 sum.
2022 1081 2204 1156 Quae
2252 1083 2557 1169 insuper,
2605 1104 2752 1147 cum
2798 1083 2867 1147 in
2914 1083 3219 1149 undecim
3265 1086 3592 1172 prioribus

545 1188 734 1251 annis
803 1187 1223 1273 pontificatus
1293 1187 1616 1253 Johannis
1685 1186 1892 1251 XXII
1955 1186 2440 1271 perscrutandis
2496 1187 2634 1272 jam
2699 1188 2978 1273 Reyestis
3049 1189 3377 1253 Vaticanis
3435 1212 3590 1255 usus

546 1313 790 1374 essem,
864 1313 981 1378 pro
1052 1291 1281 1357 eodem
1352 1291 1664 1377 temporis
1728 1292 1940 1379 spatio
2004 1289 2434 1355 accurationis
2500 1312 2696 1355 causa
2759 1294 3050 1379 percurri
3098 1299 3296 1379 atque
3345 1296 3587 1359 notavi.

544 1396 919 1462 Bullarium
988 1397 1382 1479 Trajectense
1440 1396 1637 1461 hosce
1700 1397 2156 1483 complectitur
2218 1415 2425 1459 annos
2487 1417 2527 1459 a
2587 1416 2768 1459 num.
2828 1398 3220 1479 528-723,
3284 1398 3397 1462 ubi
3445 1419 3592 1484 pro-

545 1500 791 1566 miscue
862 1507 930 1565 et
999 1502 1257 1587 saepius
1329 1522 1459 1566 una
1519 1501 1788 1566 laudata
1849 1494 2089 1566 videris
2154 1500 2421 1585 Reqesta
2485 1505 2625 1564 tum
2701 1499 3014 1565 Vaticana
3061 1521 3267 1588 eaque
3317 1525 3356 1567 a
3403 1503 3589 1568 Tom.

546 1607 846 1690 63-84,
911 1628 1058 1672 cum
1119 1607 1583 1671 Avenionensia
1642 1627 1851 1692 eaque
1914 1627 1954 1670 a
2015 1606 2199 1669 Tom.
2271 1605 2509 1666 1-27.
2604 1603 2698 1667 At
2762 1625 2908 1668 cum
2965 1604 3156 1669 simul
3201 1605 3588 1691 laudantur,

545 1708 772 1775 ordine
820 1710 1037 1797 priora
1084 1711 1395 1795 leguntur
1442 1730 1611 1796 quae
1658 1710 1725 1773 in
1771 1709 1896 1772 hoc
1930 1708 2124 1773 illove
2167 1707 2524 1795 diplomate
2560 1706 2988 1773 describendo
3023 1714 3138 1774 aut
3170 1712 3589 1803 excerpendo

544 1835 772 1899 reapse
820 1813 979 1878 mihi
1026 1814 1465 1878 inservierunt
1513 1813 1653 1895 (cfr.
1702 1834 1880 1876 num.
1932 1813 2061 1876 528
2111 1817 2178 1876 et
2226 1812 2457 1898 seqq).

766 1918 1091 2003 Regesta,
1155 1938 1323 2003 quae
1379 1917 1454 1981 de
1503 1917 1705 1981 Curia
1750 1922 1819 1981 et
1866 1936 2033 2002 quae
2082 1915 2334 1979 Secreta
2381 1917 2578 2000 vulgo
2625 1922 3124 2002 nuncupantur,
3175 1938 3291 2003 pro
3339 1920 3589 2003 majore

541 2028 728 2108 parte
788 2022 1013 2087 literas
1080 2023 1423 2086 continent
1470 2022 1564 2085 ita
1611 2020 1817 2085 dictas
1866 2020 2176 2102 curiales,
2226 2021 2271 2084 i.
2321 2041 2379 2083 e.
2431 2020 2510 2084 ad
2561 2020 2887 2106 principes
2937 2019 3297 2085 destinatas
3345 2029 3460 2087 aut
3508 2022 3591 2089 de

540 2126 876 2212 republica
945 2131 1216 2211 agentes
1246 2127 1333 2210 1),
1408 2146 1576 2212 quae
1646 2130 1867 2188 tamen
1936 2123 2006 2187 in
2077 2124 2245 2188 serie
2307 2125 2758 2189 Avenionensi
2828 2123 3305 2189 desiderantur.
3417 2126 3591 2201 Qua-

539 2235 806 2317 propter
862 2231 990 2294 hoc
1056 2251 1265 2314 genus
1328 2230 1665 2294 literarum
1726 2228 1901 2292 inter
1947 2228 2214 2312 Reqesta
2261 2228 2337 2291 dc
2387 2228 2585 2292 Curia
2634 2233 2702 2292 et
2750 2227 3002 2292 Secreta
3049 2230 3367 2315 cujusque
3415 2231 3591 2294 Pon-

542 2335 733 2400 tificis
802 2333 1325 2417 Avenionensis,
1396 2355 1566 2420 quae
1636 2333 1899 2397 nonnisi
1966 2332 2036 2395 in
2107 2332 2273 2395 serie
2352 2330 2666 2395 Vaticana
2722 2337 3171 2415 asservantur,
3239 2333 3591 2418 diligenter

539 2438 960 2524 investigavi,
1009 2444 1084 2503 ut
1130 2444 1453 2525 quotquot
1500 2437 1582 2502 ad
1628 2458 1764 2502 rem
1799 2441 2088 2501 nostram
2119 2435 2449 2500 faciebant
2483 2435 2711 2500 sedulo
2746 2441 3132 2500 notarentur
3168 2436 3308 2521 (cfr.
3344 2458 3589 2503 numm.

541 2543 712 2625 547,
763 2544 930 2625 548,
980 2544 1110 2607 598
1160 2543 1336 2626 etc.).

726 2645 841 2713 ,20
901 2646 1191 2712 Aliunde
1246 2647 1288 2711 i.
1340 2668 1396 2711 e.
1448 2668 1534 2710 ex
1579 2646 1775 2710 variis
1821 2665 1954 2709 non
2002 2644 2212 2707 solum
2260 2643 2510 2729 patriae
2560 2648 2821 2708 nostrae
2868 2644 3148 2708 archivis
3174 2645 3584 2733 ‘deprompta
3612 2645 3786 2723 Fontes
3803 2645 3999 2724 ³1¹9&ss

541 2755 695 2813 sunt
740 2750 948 2816 multa
994 2757 1129 2815 tam
1176 2750 1586 2835 autographa
1628 2769 1820 2835 quam
1864 2746 2241 2833 apographa
2278 2768 2549 2831 coaeva3
2600 2768 2793 2832 quam
2836 2748 3323 2834 collectionem,
3372 2752 3585 2838 siquid
3688 2713 3906 2762 deman.

540 2853 828 2940 diploma
881 2853 1286 2940 pontificium
1333 2855 1402 2917 in
1448 2853 1741 2918 fontibus
1787 2872 1986 2916 manu
2035 2852 2290 2938 scriptis
2338 2857 2598 2937 praesto
2639 2853 2778 2936 jam
2827 2873 2959 2916 non
3010 2859 3219 2938 esset,
3271 2876 3356 2919 ex
3401 2855 3585 2920 libris

539 2958 869 3043 impressis
915 2958 1067 3022 hinc
1116 2965 1184 3023 et
1229 2958 1408 3022 illinc
1458 2957 1698 3043 sparsis
1745 2956 2050 3042 supplere
2099 2956 2344 3021 studui.

764 3079 828 3127 a.
875 3061 1305 3147 Autographa
1352 3062 1610 3126 saeculo
1659 3059 1833 3125 XIII
1879 3060 2206 3125 anteriora
2243 3059 2325 3124 ad
2358 3067 2647 3124 nostram
2682 3059 3030 3125 dioecesim
3068 3061 3396 3129 destinata
3428 3070 3582 3130 sunt
3635 3063 3949 3128 Autographa

537 3166 945 3252 paucissima.
1024 3166 1154 3231 Per
1200 3171 1412 3230 totum
1452 3164 1575 3229 hoc
1608 3185 1871 3245 aevum,
1906 3164 1988 3229 ab
2022 3185 2127 3229 an.
2173 3166 2294 3228 751
2332 3164 2737 3250 incipiendo,
2770 3165 3135 3230 Bullatium
3169 3168 3344 3252 Traj.
3380 3171 3584 3252 (com-
3660 3138 3925 3247 anffiffec.

535 3271 785 3357 putatis
833 3270 1030 3334 etiam
1069 3270 1416 3354 Addenda)
1464 3268 1736 3359 exhibet
1783 3269 1991 3333 solum
2042 3271 2126 3332 44
2176 3269 2534 3354 diplomata
2573 3269 2928 3355 pontificia.
2995 3269 3058 3335 A
3092 3272 3327 3356 quibus
3361 3278 3584 3339 tamen

538 3375 762 3439 stricto
812 3395 1008 3438 sensu
1054 3395 1188 3438 non
1228 3396 1437 3459 pauca
1468 3372 1641 3438 demi
1675 3377 1964 3458 oportet:
2000 3378 2310 3457 quattuor
2343 3373 2592 3438 scilicet
2623 3375 2897 3456 (numm.
2939 3376 3049 3456 14,
3085 3377 3201 3458 21,
3239 3378 3346 3460 27,
3383 3379 3587 3463 2270)

536 3485 612 3543 ut
660 3478 881 3565 spuria
925 3477 1331 3564 repudianda
1354 3479 1443 3562 2);
1478 3476 1822 3542 duodecim
1854 3477 2122 3562 insuper
2155 3477 2577 3564 (computatis
2611 3477 2810 3542 etiam
2846 3479 3083 3563 spuriis
3115 3500 3362 3546 numm.
3398 3483 3481 3545 27
3518 3488 3587 3547 et

538 3584 770 3664 2270),
821 3587 1050 3669 utpote
1098 3603 1266 3668 quae
1315 3603 1448 3646 non
1495 3581 1745 3646 directe
1793 3581 2070 3666 patriam
2119 3586 2441 3663 nostram,
2493 3579 2609 3645 sed
2654 3581 2862 3667 ipsam
2911 3583 3132 3669 potius
3175 3589 3252 3648 ut
3290 3586 3586 3670 partibus

536 3687 765 3751 vicinis
813 3704 1178 3751 connexam
1225 3687 1581 3773 respiciunt
1627 3687 1897 3769 (numm.
1953 3687 2020 3768 1,
2071 3687 2142 3768 3,
2193 3686 2263 3767 4,
2316 3687 2387 3768 9,
2443 3686 2555 3768 11,
2601 3687 2716 3766 15,
2757 3687 2870 3770 16,
2906 3688 3023 3769 27,
3070 3689 3187 3766 40,
3223 3690 3339 3772 41,
3376 3691 3584 3773 2270,

537 3793 774 3875 2271);
810 3789 1335 3875 quattuordecim
1367 3789 1683 3876 denique,
1717 3790 1787 3854 in
1819 3790 2056 3877 quibus
2088 3810 2205 3875 pro
2244 3794 2560 3853 extranea
2594 3789 2869 3853 ecclesia
2899 3792 3379 3857 monasteriove
3412 3793 3584 3857 inter

535 3894 712 3959 bona
756 3893 1201 3960 confirmanda
1231 3895 1587 3958 nonnullae
1619 3895 2063 3979 possessiones
2097 3891 2272 3979 apud
2314 3913 2433 3956 nos
2474 3893 2638 3957 sitae
2681 3900 3273 3959 commemorantur
3310 3898 3583 3979 (numm.

538 4001 611 4081 2,
678 4000 749 4080 6,
819 4000 930 4079 12,
1002 4000 1112 4081 18,
1180 4000 1296 4080 22,
1348 4000 1465 4080 26,
1516 3999 1631 4081 30,
1684 3999 1800 4080 31,
1851 3998 1967 4080 33,
2019 3998 2134 4079 34,
2186 3998 2301 4078 37,
2354 3998 2474 4079 38,
2525 3997 2641 4078 39,
2690 3998 2914 4079 2269).
3007 3997 3183 4082 Ergo
3234 4007 3586 4085 supersunt

538 4101 822 4167 sedecim
871 4108 1126 4168 tantum
1162 4125 1277 4189 pro
1309 4103 1451 4189 ipsa
1484 4102 1765 4167 dioecesi
1801 4102 1977 4185 Traj.
2013 4100 2372 4187 diplomata
2405 4100 2764 4186 pontificia,
2815 4120 2984 4165 saec.
3021 4101 3193 4165 XIII
3227 4103 3581 4186 anteriora,

537 4213 606 4271 et
673 4207 742 4270 in
812 4206 935 4271 hoc
1006 4228 1277 4273 numero
1347 4207 1710 4293 perexiguo
1781 4210 2036 4269 tantum
2107 4205 2397 4290 quinque
2467 4204 2874 4290 autographa
2936 4210 3222 4270 aetatem
3289 4206 3583 4272 tulerunt

536 4312 810 4392 (numm.
881 4313 996 4394 17,
1062 4313 1175 4393 20,
1241 4313 1357 4393 28,
1424 4312 1540 4393 35,
1605 4310 1754 4393 36),
1814 4329 2089 4394 quorum
2136 4309 2417 4394 primum
2466 4313 2567 4372 est
2615 4308 3026 4394 privilegium
3075 4308 3583 4393 Egmundanum

537 4413 669 4479 d.d.
735 4417 818 4480 29
881 4416 1073 4480 Febr.
1138 4436 1243 4480 an.
1314 4416 1504 4479 1140.
1601 4414 1875 4499 Singula
1936 4418 2156 4477 autem
2216 4411 2595 4497 hujusmodi
2659 4414 3069 4498 autographa
3115 4412 3198 4476 ad
3245 4413 3580 4478 literarum

535 4519 866 4605 papalium
914 4519 1234 4606 speciem‘,
1284 4541 1452 4605 quae
1502 4518 1835 4583 Pancarta
1883 4517 2078 4601 vulgo
2129 4520 2583 4601 nuncupatur,
2633 4517 2967 4602 pertinent
3015 4523 3213 4604 atque
3261 4518 3329 4581 in
3376 4518 3584 4583 forma

538 4623 813 4687 solemni
859 4623 1347 4708 privilegiorum
1395 4623 1715 4708 majorum
1764 4625 1917 4685 sunt
1965 4620 2350 4705 conscripta.
3542 4625 3544 4628 ⁴

760 4726 1071 4791 Minimus
1120 4747 1276 4790 sane
1323 4725 1765 4811 inquisitionis
1814 4729 2077 4788 nostrae
2124 4722 2409 4805 fructus,
2461 4723 2843 4808 praesertim
2892 4721 2947 4786 si
2990 4730 3404 4810 comparatur
3434 4747 3583 4790 cum

537 4829 732 4893 simili
781 4829 1202 4909 collectione,
1250 4850 1381 4915 qua
1426 4829 1674 4894 vicinos
1721 4833 1979 4892 nostros
2026 4828 2109 4892 ab
2158 4828 2410 4892 oriente
2456 4827 2820 4891 incolentes
2870 4826 2996 4891 frui
3043 4833 3273 4891 notum
3315 4834 3448 4893 est:
3482 4828 3584 4893 die

536 4932 1087 5016 Papsturlcunden
1148 4931 1550 5015 WestfalenS.
1646 4931 1828 4995 Inter
1896 4933 2021 4995 175
2072 4930 2458 5018 diplomata,
2524 4950 2693 5016 quae
2740 4930 2832 4994 ibi
2881 4937 3377 5014 enumerantur,
3428 4939 3583 4997 sunt

537 5034 801 5121 quidem
830 5036 909 5098 21
938 5036 1169 5100 literae
1194 5034 1276 5101 ad
1318 5036 1563 5100 curiam
1595 5035 1961 5100 Romanam
1994 5034 2361 5099 destinatae
2396 5039 2593 5120 atque
2633 5035 2715 5097 10
2748 5039 2925 5098 certo
2950 5033 3277 5100 habentur
3302 5036 3580 5121 spuriae.

535 5136 631 5204 At
676 5157 834 5202 vero
880 5138 1123 5203 nedum
1167 5139 1348 5204 hisce
1397 5138 1820 5225 computatis,
1871 5137 2227 5225 diplomata
2273 5139 2535 5224 papalia
2581 5143 2735 5202 ante
2782 5157 2950 5201 saec.
2999 5137 3174 5201 XIII
3210 5158 3327 5224 pro
3360 5139 3582 5203 West-

536 5242 758 5330 phalia
817 5248 1122 5308 emanata
1183 5263 1462 5308 messem
1525 5248 1817 5307 nostram
1877 5242 2073 5326 longe
2121 5262 2394 5305 numero
2443 5245 2755 5326 superant
2803 5260 3011 5326 eoque
3057 5240 3354 5326 longius,
3404 5242 3578 5327 quod

535 5344 932 5409 Pontificum
996 5346 1355 5433 diplomata
1411 5346 1869 5434 Westphalica
1933 5344 2252 5430 praedicti
2310 5346 2453 5409 aevi
2501 5366 2620 5430 pro
2668 5346 2915 5429 majore
2964 5350 3149 5431 parte
3198 5349 3351 5409 sunt
3398 5350 3582 5409 auto-

702 5667 757 5733 1)
794 5667 896 5718 Cfr.
934 5668 997 5718 Η.
1034 5668 1278 5717 Bresslau
1315 5666 1350 5716 l.
1386 5666 1421 5717 1.
1454 5663 1537 5716 98.
2077 5662 2135 5727 2)
2170 5661 2246 5711 De
2281 5660 2488 5724 Spuriis
2522 5676 2569 5710 v.
2607 5659 2743 5710 infra
2780 5674 2828 5722 p.
2865 5657 2935 5707 VI
2972 5664 3024 5707 ct
3059 5671 3130 5708 ss,
