4450 6684
1575 524 1920 589 Annmvm
1965 541 2048 589 ΕΤ
2094 524 2571 590 coamens-m.
3487 525 3619 590 309

548 744 951 833 prebendam
998 745 1273 812 ecclesie
1307 743 1813 833 Sutphaniensis
1843 744 2287 831 Trajectensis
2317 743 2624 829 diocesis,
2674 745 2759 811 ad
2793 746 3358 833 presentacionem
3394 743 3620 811 dilecti

550 850 671 915 filii
729 850 970 917 nobilis
1014 852 1139 916 viri
1184 850 1519 937 Raynaldi
1563 850 1948 917 Ghelrensis
1995 851 2284 934 comitis,
2337 856 2413 916 ut
2460 851 2811 935 asseritur,
2862 852 3305 938 pertinentes,
3355 871 3615 916 necnon

552 955 870 1044 capellam
940 962 1166 1023 sancte
1234 957 1591 1044 Margarite
1663 957 1733 1023 in
1802 956 2033 1023 eadem
2099 956 2571 1046 Sutphaniensi
2617 958 2895 1023 ecclesia
2938 957 3154 1024 fuerat
3200 957 3362 1022 alias
3408 957 3615 1021 eciam

554 1061 868 1128 canonice
928 1069 1269 1128 assecutus
1315 1068 1385 1129 et
1430 1063 1681 1129 fructus
1726 1069 2112 1152 perceperat
2158 1085 2278 1150 per
2324 1084 2531 1130 annos
2579 1065 2832 1151 aliquos
2880 1084 2968 1129 ex
3015 1062 3298 1145 eisdem,
3348 1083 3423 1128 ao
3470 1083 3621 1150 sup-

550 1170 792 1257 plicato
839 1169 1030 1236 nobis
1076 1170 1442 1253 humiliter,
1490 1176 1566 1235 ut
1611 1170 1958 1257 providere
2005 1172 2131 1237 sibi
2178 1192 2374 1258 super
2419 1171 2546 1236 hiis
2594 1171 2678 1236 de
2710 1175 3034 1257 oportuno
3068 1168 3355 1235 remedio
3390 1168 3616 1255 digna-

552 1297 799 1360 remur,
849 1297 971 1344 nos
1016 1277 1316 1343 volentes
1363 1298 1512 1343 cum
1559 1299 1638 1343 eo
1687 1277 1770 1344 de
1817 1279 2232 1364 benignitate
2280 1278 2452 1343 sedis
2497 1279 2854 1365 apostolice
2887 1275 3393 1342 misericorditer
3424 1296 3619 1362 agere

548 1383 619 1449 in
679 1385 805 1450 hac
867 1390 1089 1473 parte,
1153 1385 1370 1471 ipsum
1424 1384 1470 1450 J
1474 1385 1801 1450 ohannem
1848 1386 2244 1451 auctoritate
2291 1385 2654 1472 apostolica
2698 1383 3189 1450 habilitavimus
3234 1383 3616 1469 fructusque

545 1489 876 1576 predictos
935 1512 1055 1578 per
1118 1513 1305 1574 eum,
1369 1496 1445 1556 ut
1504 1491 1871 1579 prefertur,
1934 1513 2021 1557 ex
2068 1490 2406 1556 beneficiis
2454 1490 2702 1556 eisdem
2747 1494 3093 1577 perceptos
3141 1489 3507 1554 remisimus
3555 1493 3623 1552 et

549 1593 934 1661 donavimus
982 1596 1066 1663 de
1113 1598 1333 1684 gracia
1379 1597 1681 1684 speciali,
1730 1597 2052 1662 fructibus
2100 1595 2380 1662 duorum
2412 1617 2733 1662 annorum
2766 1617 2853 1662 ex
2885 1597 2980 1662 eis
3012 1594 3360 1661 dumtaxat
3393 1599 3615 1658 nostre

552 1699 826 1769 Camere
872 1705 1255 1788 reservatis,
1303 1724 1467 1792 quos
1511 1703 1683 1769 infra
1729 1704 2069 1770 Kalendas
2115 1700 2420 1769 Octobris
2465 1704 2767 1790 proximo
2814 1702 3068 1769 futuras
3118 1707 3456 1767 teneretur
3492 1699 3618 1764 sol-

550 1828 705 1873 vere
753 1809 1026 1876 Camere
1074 1809 1439 1894 antedicto,
1486 1811 1780 1897 alioquin
1810 1811 2166 1877 haberetur
2195 1809 2576 1897 hujusmodi
2608 1809 2826 1896 gracia
2858 1809 3255 1875 remissionis
3286 1808 3617 1873 fructuum

554 1934 673 2001 pro
732 1935 866 1981 non
927 1917 1138 2000 facta,
1195 1922 1392 2004 prout
1435 1918 1508 1982 in
1552 1918 1792 1982 litteris
1839 1918 2081 1984 nostris
2127 1939 2325 2004 super
2369 1918 2497 1983 hiis
2544 1918 2860 1983 confectis
2904 1918 3163 2004 plenius
3210 1916 3605 1982 continetur.

555 2019 695 2086 Nos
765 2022 967 2109 igitur
1034 2024 1334 2090 volentes
1402 2045 1751 2112 personam
1818 2025 2024 2111 ipsius
2084 2025 2130 2092 J
2133 2025 2410 2092 ohannis
2470 2024 2849 2111 hujusmodi
2908 2045 3174 2090 suorum
3233 2024 3613 2089 meritorum

558 2126 807 2193 intuitu
866 2129 1087 2216 gracia
1147 2130 1455 2218 prosequi
1513 2132 1815 2218 ampliori
1877 2132 2133 2219 sibique
2199 2131 2284 2197 de
2331 2131 2723 2198 canonicatu
2770 2136 2839 2197 et
2885 2130 3222 2219 prebenda
3266 2129 3612 2217 predictis,

563 2232 914 2302 dummodo
955 2237 1027 2301 in
1068 2238 1162 2302 eis
1199 2242 1495 2325 tempore
1536 2237 1690 2328 date
1727 2240 2141 2327 presencium
2181 2260 2315 2305 non
2355 2240 2441 2304 sit
2471 2238 2668 2305 alicui
2698 2239 2888 2303 alteri
2920 2239 3290 2325 specialiter
3319 2239 3429 2323 jus
3462 2256 3619 2323 que-

563 2342 797 2426 situm,
844 2364 963 2431 per
993 2345 1351 2433 apostolice
1384 2345 1557 2411 sedis
1588 2346 2110 2412 munificenciam
2142 2345 2503 2433 provideri,
2547 2346 2933 2412 discrecioni
2963 2351 3179 2411 vestre
3213 2366 3328 2434 per
3358 2349 3620 2431 aposto·

557 2447 684 2514 lica
751 2451 993 2537 scripta
1060 2450 1485 2538 mandamus,
1556 2454 1864 2540 quatinus
1933 2475 2050 2519 vos
2112 2455 2220 2520 vel
2281 2454 2413 2520 duo
2471 2459 2587 2520 aut
2632 2476 2803 2520 unus
2853 2459 3142 2519 vestrum
3188 2473 3306 2540 per
3351 2473 3468 2517 vos
3514 2450 3622 2516 vel

567 2554 767 2620 alium
829 2578 946 2622 seu
1007 2558 1206 2644 alios,
1271 2559 1481 2625 dictos
1541 2561 1999 2626 canonicatum
2062 2566 2131 2626 et
2176 2560 2614 2647 prebendam,
2666 2559 3018 2627 dummodo
3065 2559 3136 2625 in
3183 2560 3276 2625 eis
3327 2564 3621 2645 tempore

563 2659 738 2728 dicte
785 2661 939 2730 date
985 2685 1121 2731 non
1167 2666 1251 2730 sit
1289 2667 1402 2751 jus
1448 2667 1827 2753 specialiter·
1863 2668 2258 2754 acquisitum
2299 2665 2521 2752 alteri,
2556 2672 2630 2733 ut
2660 2667 3014 2755 prefertur,
3048 2667 3300 2754 prefato
3333 2665 3626 2733 Johanni

561 2768 667 2832 vel
735 2772 1140 2856 procuratori
1213 2793 1333 2839 suo
1403 2774 1545 2859 ejus
1608 2774 1875 2840 nomine
1942 2795 2090 2839 cum
2152 2773 2567 2862 plenitudine
2623 2774 2794 2860 juris
2841 2773 3154 2839 canonice
3199 2793 3275 2838 ac
3323 2771 3628 2838 omnibus

552 2872 813 2958 juribus
887 2883 956 2943 et
1022 2879 1447 2965 pertinenciis
1516 2881 1649 2945 suis
1725 2882 2118 2947 auctoritate
2186 2885 2414 2947 nostra
2475 2880 2770 2947 conferre
2831 2885 2902 2945 et
2968 2879 3301 2966 assignare
3349 2878 3589 2945 curetis
3608 2926 3626 2960 ,

564 2978 955 3049 inducentes
1002 3005 1153 3050 eum
1199 2993 1343 3067 σιω
1390 3006 1524 3051 non
1572 2985 1987 3052 obstantibus
2033 2987 2533 3074 quibuscunque
2579 2993 2726 3066 etc.;
2772 2991 2887 3051 aut
2934 2986 2989 3051 si
3037 2985 3399 3051 venerabili
3443 2984 3629 3050 fratri

569 3093 792 3154 nostro
862 3137 877 3153 .
908 3138 923 3154 .
986 3091 1292 3180 episcopo
1340 3092 1749 3177 Trajectensi
1794 3097 1863 3158 et
1914 3091 2170 3157 dilectis
2217 3092 2369 3157 filiis
2418 3092 2703 3179 capitulo
2751 3098 2821 3157 et
2867 3091 3142 3157 ecclesie
3190 3091 3633 3179 Sutphanien-

565 3195 746 3261 sibus
807 3198 913 3264 vel
974 3199 1311 3285 quibusvis
1372 3199 1518 3266 aliis
1579 3200 2013 3264 communiter
2073 3200 2180 3265 vel
2225 3199 2488 3265 divisim
2535 3222 2575 3265 a
2618 3198 2876 3287 prefata
2921 3200 3008 3265 sit
3057 3198 3215 3265 sede
3260 3197 3591 3263 indultum
3610 3246 3628 3282 ,

576 3302 754 3387 quod
801 3304 884 3369 ad
929 3306 1375 3392 receptionem
1420 3307 1527 3372 vel
1571 3307 2013 3394 provisionem
2057 3305 2339 3392 alicujus
2385 3306 2654 3372 minime
2701 3310 3056 3372 teneantur
3103 3309 3171 3371 et
3216 3303 3300 3371 ad
3347 3303 3414 3369 id
3461 3324 3635 3369 com-

566 3408 725 3494 pelli
769 3416 885 3476 aut
931 3410 1107 3499 quod
1154 3412 1492 3496 interdici,
1554 3412 1868 3499 suspendi
1912 3411 2020 3478 vel
2067 3413 2622 3478 excommunicari
2668 3433 2803 3478 non
2848 3411 3140 3500 possint,
3196 3409 3504 3497 quodque
3550 3408 3634 3476 de

568 3517 1060 3583 canonicatibus
1123 3524 1192 3584 et
1253 3518 1604 3607 prebendis
1671 3516 1966 3604 ejusdem
2032 3519 2308 3585 ecclesie
2373 3518 2877 3606 Sutphaniensis
2939 3503 3045 3583 vel
3106 3517 3252 3583 aliis
3298 3516 3637 3583 beneficiis

570 3619 652 3685 ad
715 3642 940 3689 eorum
1002 3624 1459 3709 collacionem,
1521 3625 1964 3712 provisionem
2027 3625 2134 3689 vel
2187 3644 2647 3711 quamcunque
2695 3624 2888 3689 aliam
2936 3622 3438 3711 disposicionem
3485 3643 3637 3689 con-

559 3726 848 3811 junctim
908 3732 1015 3797 vel
1077 3731 1430 3818 separatim
1493 3732 1944 3818 spectantibus
1990 3731 2156 3795 nulli
2201 3732 2423 3796 valeat
2467 3730 2797 3818 provideri
2843 3737 2952 3795 etc.
2969 3754 2997 3811 ;
3051 3751 3172 3795 seu
3216 3729 3394 3816 quod
3438 3728 3637 3795 hodie

569 3835 824 3920 prefato
871 3837 1165 3904 Johanni
1210 3836 1294 3904 de
1339 3837 1729 3925 parrochiali
1777 3836 2055 3903 ecclesia
2104 3836 2400 3924 predicta
2444 3857 2562 3924 per
2609 3857 2758 3902 eum
2804 3834 3146 3923 hucusque
3193 3837 3285 3899 sic
3331 3833 3414 3900 de
3461 3835 3635 3900 facto

573 3938 845 4007 detenta
890 3965 1007 4030 per
1050 3950 1307 4010 nostras
1353 3944 1516 4010 certi
1562 3943 1810 4009 tenoris
1856 3942 2113 4008 litteras
2158 3941 2612 4008 mandavimus
2659 3942 3026 4029 provideri3
3073 3942 3409 4023 volentes,
3458 3940 3631 4027 quod

575 4044 817 4113 dictam
887 4050 1351 4137 capellaniam,
1422 4070 1618 4136 quam
1688 4054 1799 4131 ut,
1871 4048 2275 4135 premittitur
2298 4096 2316 4131 ,
2387 4048 2563 4114 idem
2628 4050 2674 4116 J
2676 4049 2970 4114 ohannes
3031 4046 3114 4113 de
3161 4048 3334 4112 facto
3383 4046 3635 4130 tenuit,

574 4154 839 4220 omnino
908 4154 1243 4222 dimittere
1313 4161 1673 4222 teneretur.
1764 4154 1904 4220 Nos
1973 4154 2152 4219 enim
2212 4174 2513 4239 exnunc,
2575 4155 2630 4220 si
2697 4155 2768 4219 in
2832 4153 3082 4220 eisdem
3126 4152 3517 4218 canonicatu
3562 4157 3633 4218 et

575 4259 911 4344 prebenda
974 4266 1268 4350 tempore
1330 4261 1505 4327 dicte
1568 4261 1724 4327 date
1780 4280 1915 4325 non
1961 4260 2047 4325 sit
2094 4261 2467 4347 specialiter
2504 4262 2616 4347 jus
2665 4261 2996 4347 quesitum
3041 4259 3237 4326 alicui
3284 4259 3516 4343 alteri,
3562 4264 3639 4323 ut

576 4364 935 4450 prefertur,
998 4367 1254 4432 irritum
1316 4367 1730 4434 decernimus
1791 4372 1861 4433 et
1905 4368 2136 4451 inane,
2189 4366 2246 4430 si
2293 4387 2483 4432 secus
2532 4388 2730 4455 super
2772 4366 2899 4432 hiis
2944 4388 2985 4432 a
3030 4386 3361 4453 quoquam
3406 4365 3636 4452 quavis

573 4473 966 4539 auctoritate
1028 4475 1312 4541 scienter
1372 4475 1479 4541 vel
1524 4476 1905 4561 ignoranter
1950 4474 2306 4559 contigerit
2352 4473 2753 4561 attemptari.
2847 4474 3001 4539 Dat.
3049 4472 3419 4556 Avinione,
3465 4470 3638 4538 VIII

570 4577 670 4644 Id.
719 4580 1096 4665 Februarii,
1146 4602 1319 4648 anno
1367 4580 1777 4649 duodecimo.

653 5068 829 5148 (787)
874 5082 938 5133 In
971 5087 1216 5148 excerpto
1248 5085 1346 5136 lin.
1379 5085 1414 5136 5
1448 5099 1565 5150 pro:
1605 5083 1930 5150 Stephanus,
1965 5086 2134 5150 legas:
2173 5083 2439 5135 Suederus
2475 5083 2539 5133 de
2576 5081 2765 5133 Voern.

794 5551 1172 5632 (897—899)
1220 5554 1513 5620 Vilremo
1560 5556 1709 5640 (sic)
1756 5553 2242 5640 archiepiscopo
2287 5551 2687 5618 Coloniensi.

794 5659 947 5725 Non
1007 5660 1149 5726 sine
1211 5660 1425 5726 cordis
1484 5659 1919 5728 amaritudine
1980 5660 2390 5747 percepimus
2449 5657 2577 5722 hiis
2637 5657 2904 5739 diebus,
2967 5656 3225 5721 hostem
3280 5653 3622 5737 antiquum
