4450 6684
2009 547 2499 611 Inrnonucmo.
3606 556 3782 605 nxm

732 761 900 827 savit
959 762 1356 829 wilhelmus
1417 762 1814 829 Hollandiae
1877 783 2095 828 comes
2155 761 2263 827 111
2322 767 2522 849 atque
2580 761 2625 827 J
2629 761 2924 827 ohannes
2970 781 3142 848 papa
3186 758 3394 825 XXII
3440 779 3510 842 se
3556 758 3781 824 debite

730 866 1115 952 puniturum
1163 889 1306 934 esse
1354 867 1813 956 respondendo
1858 868 2158 956 promisit
2205 868 2412 952 (num.
2464 867 2643 949 598).

954 971 1053 1038 ΑΟ
1119 974 1291 1037 1328
1354 973 1437 1038 ad
1500 972 1783 1040 eundem
1842 971 2274 1037 Wilhelmum
2338 970 2642 1036 comitem
2697 968 3031 1035 Arnaldus
3077 968 3284 1053 Regis
3334 971 3404 1034 et
3448 966 3782 1033 Arnaldus

731 1070 815 1138 de
862 1073 1106 1140 Sancto
1153 1076 1438 1143 Genesio
1485 1078 1665 1143 missi
1713 1082 1867 1141 sunt
1911 1076 2135 1141 nuncii
2181 1074 2449 1161 papales
2496 1076 2701 1159 (num.
2754 1075 2790 1138 7
2798 1074 2940 1158 50);
2993 1071 3232 1138 deinde
3265 1071 3336 1137 a0
3374 1072 3547 1136 1334
3579 1071 3782 1157 Hugo

731 1176 1172 1245 Tricastrinus
1218 1186 1288 1246 et
1334 1180 1676 1247 Johannes
1720 1180 2151 1247 Massiliensis
2197 1178 2528 1265 episcopi,
2578 1177 2690 1264 qui
2734 1177 2880 1265 paci
2927 1177 3101 1242 inter
3144 1177 3472 1264 principes
3518 1182 3779 1241 nostros

730 1281 1134 1368 reparandae
1196 1305 1461 1371 operam
1523 1284 1757 1352 darent
1800 1287 2025 1369 .(num.
2088 1284 2287 1366 899);
2358 1281 2430 1347 a0
2477 1280 2762 1369 denique
2814 1282 2985 1346 1342
3033 1281 3116 1347 ad
3166 1287 3372 1346 terras
3416 1280 3783 1348 Wilhelmo

732 1386 954 1451 comiti
1022 1386 1124 1452 IV
1191 1388 1522 1476 subjectas
1591 1396 1943 1456 extensum
2012 1394 2115 1454 est
2181 1387 2533 1473 legationis
2604 1386 2888 1451 officium
2950 1387 3151 1452 Petro
3214 1386 3646 1452 Praenestino
3712 1393 3784 1452 et

732 1487 1063 1555 Anibaldo
1111 1492 1485 1559 Tusculano
1533 1494 1855 1581 episcopis
1901 1494 2110 1577 (num.
2165 1493 2384 1574 1050).

953 1595 1052 1661 A0
1104 1598 1272 1662 1357
1322 1597 1671 1686 Philippus
1718 1599 2066 1685 episcopus
2113 1594 2581 1660 Cavallicensis
2619 1593 2975 1680 deputatus
3014 1599 3116 1659 est
3146 1594 3428 1659 nuncius
3457 1584 3528 1658 in
3559 1600 3782 1681 partes

731 1695 1164 1765 Alamanniae
1183 1750 1201 1783 ,
1249 1701 1364 1766 ubi
1412 1701 1822 1768 cathedrales
1870 1701 2178 1768 ecclesias
2228 1719 2585 1786 earumque
2626 1719 2939 1785 personas
2970 1699 3268 1764 visitaret
3298 1705 3368 1764 et
3397 1699 3783 1765 reformaret

731 1801 1003 1883 (numm.
1067 1806 1563 1890 2288-2289).
1654 1805 1751 1871 At
1810 1812 2031 1871 utrum
2099 1802 2275 1891 apud
2336 1824 2457 1868 nos
2517 1804 2717 1869 etiam
2780 1825 2898 1869 suo
2953 1804 3152 1869 fuerit
3198 1824 3469 1870 munere
3514 1804 3779 1872 functus

732 1924 977 1989 necne,
1025 1928 1349 1996 nusquam
1395 1917 1688 1999 apparet.

954 2011 1054 2077 A0
1121 2015 1292 2080 1359
1353 2014 1783 2080 Innocentius
1844 2035 2019 2103 papa
2076 2013 2179 2079 VI
2242 2014 2572 2101 inscripsit
2617 2013 2901 2079 Folkero
2947 2014 3255 2101 episcopo
3303 2014 3782 2100 Gibelethano,

733 2113 845 2198 qui
912 2120 1071 2181 tunc
1139 2117 1465 2186 Johannis
1535 2119 1619 2186 de
1679 2119 1890 2186 Arkel
1936 2118 2387 2205 suffraganeus
2434 2124 2611 2202 erat,
2658 2124 2734 2182 ut
2786 2118 3223 2205 „apostolicae
3270 2118 3443 2184 sedis
3490 2122 3779 2187 nuncio”

733 2214 1079 2306 eidemque
1145 2221 1321 2288 bona
1381 2245 1501 2311 pro
1562 2223 1946 2290 defensione
2008 2223 2251 2289 Terrae
2313 2222 2595 2288 Sanctae
2651 2223 2873 2308 legata
2916 2223 3247 2309 exigenda
3292 2230 3361 2289 et
3405 2224 3783 2312 recipienda

735 2323 1056 2388 commisit
1116 2331 1316 2413 atque
1378 2327 1762 2394 facultatem
1824 2329 2148 2394 concessit
2208 2324 2541 2392 vendendi
2597 2332 2666 2392 et
2712 2326 3118 2393 distrahendi
3165 2349 3333 2415 quae
3379 2331 3448 2394 in
3497 2329 3781 2396 dioecesi

733 2422 1140 2511 'I'rajectensi
1194 2429 1278 2495 ad
1326 2430 1669 2498 Cameram
1713 2431 2165 2519 Apostolicam
2212 2430 2389 2497 bona
2433 2432 2843 2519 pertinerent
2889 2434 3162 2517 (numm.
3216 2435 3390 2498 1620
3437 2440 3507 2499 et
3557 2434 3781 2518 1622).

954 2530 1054 2596 A0
1120 2535 1291 2598 1364
1356 2538 1637 2602 occurrit
1698 2537 1939 2603 Petrus
1986 2536 2333 2623 episcopus
2381 2534 2905 2618 Cameracensis,
2962 2536 3075 2623 qui
3121 2542 3455 2624 tamquam
3500 2538 3782 2604 nuncius

732 2634 984 2720 papalis
1021 2635 1372 2705 Albertum
1416 2641 1497 2707 de
1527 2641 1810 2708 Bavaria
1839 2640 2237 2705 Hollandiae
2276 2639 2781 2724 gubernatorem
2812 2641 3086 2726 ejusque
3119 2640 3526 2707 adversarios
3556 2664 3783 2709 recon-

734 2736 952 2804 ciliare
1012 2741 1310 2810 studeret
1370 2746 1643 2829 (numm.
1712 2747 1922 2829 1786,
1974 2746 2177 2827 1787,
2231 2745 2441 2826 1816,
2495 2745 2999 2829 1818-1821);
3047 2745 3315 2812 tandem
3359 2768 3468 2812 an.
3520 2750 3781 2813 1371-

741 2845 909 2910 1372
954 2846 1024 2911 in
1070 2849 1369 2935 partibus
1413 2848 1850 2914 Alamanniae
1897 2849 2179 2914 nuncius
2223 2847 2427 2913 fuisse
2469 2847 2712 2933 legitur
2743 2847 3141 2914 Wilhelmus
3174 2848 3258 2915 de
3292 2850 3473 2917 Lacu
3507 2853 3781 2935 (numm.

738 2951 944 3034 1896,
994 2952 1205 3035 2044,
1256 2953 1482 3036 2245).

956 3053 1201 3120 Omnes
1268 3055 1340 3121 hi
1406 3056 1609 3143 legati
1677 3056 1785 3122 vel
1856 3055 2081 3120 nuncii
2148 3056 2417 3142 papales
2485 3056 2645 3143 quin
2699 3055 3122 3143 Apostolicae
3171 3058 3361 3125 Sedis
3407 3065 3783 3130 auctoritati

732 3157 1212 3225 confirmandae
1258 3166 1330 3225 et
1373 3158 1835 3247 propagandae
1883 3164 2152 3225 strenue
2198 3160 2651 3244 incubuerint,
2693 3160 2982 3226 dubitari
3013 3183 3147 3228 non
3176 3170 3418 3251 potest.
3487 3166 3780 3243 Quorum

733 3266 880 3327 acta
924 3268 994 3328 et
1040 3262 1401 3351 diplomata
1447 3264 1574 3329 nisi
1620 3263 1795 3351 quod
1842 3262 1926 3328 ad
1973 3264 2328 3329 maximam
2375 3269 2630 3351 partem
2676 3265 2919 3350 injuria
2966 3269 3280 3355 temporis
3313 3267 3775 3357 deperiissent,

733 3368 1143 3433 auctoritatis
1212 3369 1501 3456 papalis,
1571 3389 1741 3454 quae
1812 3374 1972 3433 tunc
2040 3366 2216 3456 apud
2283 3389 2403 3433 nos
2462 3369 2712 3456 viguit,
2774 3371 3038 3458 plenam
3102 3372 3601 3459 amplitudinem
3647 3399 3783 3444 non

731 3491 960 3558 parum
1008 3493 1166 3538 sane
1210 3473 1638 3539 illustrarent.

951 3577 1030 3641 Β.
1129 3576 1350 3641 Crucis
1389 3577 1861 3663 praedicatores
1906 3582 2061 3641 sunt
2106 3576 2230 3640 viri
2276 3577 2732 3662 ecclesiastici,
2782 3580 3020 3667 quibus
3067 3602 3108 3646 a
3147 3580 3417 3649 Summo
3448 3584 3773 3654 Pontifice
3788 3579 4093 3698 ‘nequinum
4135 3655 4146 3665 ,

729 3680 1094 3765 injunctum
1165 3686 1308 3747 erat
1375 3681 1659 3746 officium
1725 3679 2205 3769 praedicandae
2273 3681 2532 3765 Crucis,
2580 3684 2626 3750 i.
2674 3704 2732 3747 e.
2783 3684 3034 3749 animos
3079 3684 3373 3752 fidelium
3421 3689 3773 3778 incitandi,
3799 3651 4174 3783 pfflffiomrgf

736 3789 810 3848 ut
869 3785 1129 3872 signum
1192 3785 1420 3852 Crucis
1480 3790 1890 3851 assumerent
1952 3786 2058 3850 vel
2109 3783 2190 3849 ad
2240 3785 2510 3851 Terram
2560 3787 2870 3853 Sanctam
2917 3809 2954 3853 e
3001 3794 3331 3875 potestate
3376 3813 3783 3880 paganorum

733 3887 1138 3955 liberandam
1199 3890 1307 3956 vel
1365 3891 1448 3955 ad
1513 3891 1709 3955 aliam
1771 3889 2134 3976 quamlibet
2191 3888 2683 3976 expeditionem
2731 3911 2981 3956 sacram
3026 3896 3557 3979 promovendam.
3653 3901 3784 3978 Qui

735 4014 904 4059 saec.
951 3993 1125 4060 XIII
1170 3994 1344 4081 apud
1392 4015 1513 4060 nos
1558 3994 1838 4061 Crucem
1884 3992 2434 4081 praedicaverunt
2480 3995 2778 4060 nonnulli
2817 3996 2959 4081 jam
3004 4000 3146 4063 noti
3193 4007 3409 4066 erant:
3464 4002 3785 4090 imprimis

740 4097 1024 4163 famosus
1085 4099 1196 4165 ille
1260 4098 1587 4165 Oliverius
1649 4097 2011 4163 scholaster
2072 4097 2519 4181 Coloniensis,
2568 4096 2809 4164 deinde
2854 4098 3194 4167 ‚Iohannes
3240 4102 3530 4171 decanus
3576 4107 3785 4174 Osna-

736 4201 1111 4288 brugensis,
1161 4203 1407 4268 ordinis
1451 4203 1782 4269 Minorum
1828 4202 2066 4267 fratres
2096 4201 2532 4267 Wilbrandus
2575 4208 2645 4268 et
2677 4202 3038 4289 Gerardus,
3085 4205 3472 4274 Edmundus
3502 4212 3784 4279 vicarius

735 4308 1093 4392 generalis,
1162 4307 1584 4374 Baldewinus
1646 4308 1991 4394 episcopus
2043 4306 2496 4391 suffraganeus
2542 4308 2861 4372 antistitis
2907 4309 3368 4394 Trajectensis.
3397 4313 3451 4396 1)
3542 4314 3782 4383 Paucis

730 4416 831 4480 his
900 4414 1052 4478 viris
1120 4434 1297 4478 nunc
1368 4412 1499 4477 alia
1558 4410 1879 4499 quaedam
1951 4410 2253 4494 nomina,
2320 4431 2408 4475 ex
2474 4411 2767 4476 Bullario
2836 4419 3061 4478 nostro
3131 4414 3556 4505 deprompta,
3627 4420 3781 4487 addi

731 4524 1039 4605 possunt,
1087 4517 1371 4582 scilicet:
2733 4597 2744 4607 .

953 4623 1338 4688 Hermanno
1402 4620 1651 4686 decano
1709 4619 2057 4685 Bunnensi
2112 4639 2247 4684 una
2293 4640 2442 4685 cum
2489 4618 2777 4685 Oliverio
2823 4621 3118 4708 praefato
3142 4670 3159 4705 ,
3203 4629 3281 4687 ut
3325 4624 3396 4689 in
3440 4629 3779 4713 provincia

732 4727 1104 4794 Coloniensi
1150 4724 1639 4814 expeditionem
1689 4744 1936 4788 sacram
1971 4730 2269 4810 quartam
2300 4724 2499 4809 vulgo
2532 4733 2976 4810 nuncupatam
3008 4736 3503 4813 praepararent,
3549 4732 3776 4799 Crucis

729 4830 1205 4919 praedicandae
1268 4830 1553 4895 officium
1615 4828 1941 4893 commisit
1994 4827 2424 4892 Innocentius
2470 4847 2641 4914 papa
2684 4827 2791 4893 III
2837 4830 3109 4912 (numm.
3160 4832 3491 4919 58—59);
3539 4835 3615 4901 E.
3663 4837 3781 4902 ab·

728 4937 949 5003 batem
994 4934 1641 5020 Middelburgensem
1688 4932 1760 4997 a⁰
1811 4932 1984 4996 1225
2034 4931 2260 4998 Crucis
2291 4931 2808 5019 praedicatorem
2843 4931 3231 5021 deputatum
3262 4935 3465 5004 fuisse
3496 4940 3776 5025 legimus

727 5043 998 5126 (numm.
1037 5040 1446 5122 llo—112);
1484 5037 1971 5122 archiepiscopo
2006 5039 2075 5100 et
2105 5035 2431 5122 episcopis
2463 5036 2891 5121 suffraganeis
2921 5039 3297 5123 provinciae
3331 5040 3774 5127 Coloniensis,

728 5152 802 5212 ut
845 5148 917 5211 in
962 5166 1084 5210 sua
1128 5144 1403 5232 quisque
1450 5140 1735 5205 dioecesi
1783 5137 2081 5203 subditos
2134 5137 2216 5203 ad
2268 5139 2527 5225 signum
2574 5139 2801 5206 Crucis
2847 5141 3337 5228 suscipiendum
3380 5146 3773 5230 animarent,

725 5252 1093 5337 injunctum
1138 5248 1499 5336 reperimus
1544 5244 1616 5311 a⁰
1668 5246 1840 5309 1228
1887 5246 2095 5328 (num.
2151 5244 2341 5326 118),
2390 5243 2465 5309 a0
2515 5246 2690 5309 1260
2736 5246 2942 5328 (num.
2992 5240 3183 5329 284),
3231 5246 3305 5311 a0
3357 5250 3528 5313 1274
3568 5250 3775 5334 (num.

728 5357 916 5439 329),
974 5352 1258 5440 denique
1305 5350 1379 5417 a0
1432 5351 1603 5416 1308
1650 5350 1858 5432 (num.
1909 5348 2091 5431 482).

887 5692 943 5759 1)
978 5690 1084 5742 Cfr.
1118 5689 1241 5740 Mon
1276 5686 1753 5752 Kercheckiodcnis
1779 5684 1849 5736 11.
1883 5696 1919 5735 Ι.
1955 5683 2020 5733 22
2054 5697 2164 5749 seq.
