4450 6684
719 549 887 597 nxv1
2000 525 2494 591 Innonucrro.

717 746 871 834 Ipse
918 764 1179 832 quoque
1226 741 1576 810 Rainerius
1624 761 1819 828 quam
1867 762 1972 807 an.
2027 741 2463 806 1276-1281
2517 740 2585 805 in
2632 738 2916 804 dioecesi
2962 737 3371 823 Trajectensi
3418 735 3780 822 collegerat

718 850 1038 938 pecuniae
1102 847 1421 913 decimam
1483 850 1787 911 accurato
1849 843 2194 932 descripsit
2253 844 2324 909 in
2379 843 2658 929 registro
2704 842 2895 908 nobis
2941 840 3156 907 adhuc
3201 839 3488 906 residuo.
3526 839 3578 923 ι)
3670 838 3777 905 Ex

721 974 850 1040 quo
921 950 1324 1039 computavit
1386 948 1684 1015 eruditus
1751 947 2053 1035 quidam,
2110 947 2458 1034 pecuniam
2506 945 2797 1012 decimae
2844 944 3018 1034 apud
3068 966 3187 1011 nos
3234 951 3392 1010 tunc
3440 948 3774 1031 receptam

721 1056 1072 1144 quotannis
1114 1053 1484 1120 ascendisse
1526 1051 1609 1119 ad
1648 1072 1969 1118 summam
2013 1050 2254 1134 14,404
2293 1049 2649 1116 solidorum
2688 1070 3056 1116 aureorum.
3081 1050 3136 1133 2)
3197 1049 3557 1115 Praeterea
3593 1047 3777 1113 novi-

719 1182 895 1243 mus,
942 1164 1198 1246 partem
1243 1157 1441 1241 hujus
1486 1156 1804 1245 pecuniae
1851 1176 1891 1220 a
1937 1154 2396 1220 collectoribus
2443 1153 2809 1242 depositam
2855 1153 3056 1219 fuisse
3087 1154 3157 1217 in
3190 1151 3468 1218 ecclesia
3498 1151 3776 1217 fratrum

718 1262 1260 1331 Praedicatorum
1331 1259 1772 1347 Trajectensi,
1842 1258 1958 1324 sed
2027 1258 2352 1324 violenter
2419 1257 2574 1323 inde
2636 1280 2677 1324 a
2735 1258 3040 1324 Johanne
3104 1256 3187 1322 de
3249 1255 3508 1323 Nassau
3562 1255 3778 1320 electo

721 1371 1122 1455 asportatam
1163 1366 1437 1449 (numm.
1480 1365 1643 1446 342,
1686 1364 1849 1446 376,
1898 1363 2077 1446 389).
2143 1361 2272 1438 Qui
2312 1368 2664 1449 propterea
2700 1362 3099 1449 gravissimis
3131 1361 3423 1427 censuris
3457 1365 3560 1426 est
3589 1359 3781 1424 inno·

721 1470 915 1536 datus
963 1475 1032 1535 et
1077 1469 1422 1557 pecuniam
1469 1467 1757 1533 ablatam
1805 1487 1939 1531 non
1986 1465 2306 1549 restituit,
2356 1466 2480 1532 nisi
2528 1487 2569 1531 a
2612 1466 2949 1531 Florentio
2996 1467 3234 1531 comite
3279 1465 3331 1530 V
3373 1461 3777 1531 Hollandiae

722 1592 976 1637 summa
1024 1572 1193 1635 3151
1247 1570 1643 1634 florenorum
1690 1569 1831 1633 auri
1878 1574 1947 1633 et
2000 1568 2082 1633 12
2130 1567 2544 1635 denariorum
2590 1569 2770 1657 prius
2814 1571 2885 1634 in
2931 1576 3233 1635 mutuum
3279 1572 3565 1655 recepta.
3591 1566 3647 1649 ³)

948 1674 1161 1739 Nemo
1207 1673 1473 1738 interim
1519 1678 1738 1759 putet,
1787 1672 2133 1759 pecuniam
2178 1671 2558 1759 hujusmodi
2605 1694 2645 1738 a
2691 1673 3149 1739 collectoribus
3186 1672 3532 1760 papalibus
3570 1668 3780 1736 unde·

724 1800 1004 1865 cumque
1050 1781 1385 1864 receptam
1432 1775 1558 1863 ipsi
1608 1781 1866 1839 tantum
1914 1774 2071 1841 Sedi
2118 1776 2542 1863 Apostolicae
2588 1778 2928 1865 profuisse.
2978 1777 3244 1844 Etenim
3288 1778 3359 1842 in
3409 1773 3775 1841 subsidium

723 1884 967 1950 Terrae
1016 1882 1300 1948 Sanctae
1349 1880 1453 1944 vel
1497 1879 1567 1944 in
1614 1880 1810 1945 aliam
1857 1878 2351 1966 expeditionem
2397 1902 2647 1946 sacram
2693 1882 2859 1948 tales
2906 1883 3128 1969 copias
3175 1882 3431 1967 integre
3480 1875 3775 1966 impendi

724 1987 1107 2075 oportebat,
1178 1985 1274 2048 ita
1344 1989 1417 2048 ut
1485 2003 1958 2069 nonnunquam
2025 1985 2344 2070 pecuniae
2406 1985 2499 2050 sic
2545 1986 2859 2051 collectae
2906 2006 2990 2051 ne
3038 2005 3342 2050 nummus
3390 1982 3656 2070 quidem
3703 1982 3776 2046 in

723 2092 971 2157 aerario
1044 2087 1380 2177 pontificio
1450 2087 1557 2152 vel
1628 2085 1711 2151 ad
1784 2093 2044 2175 tempus
2113 2088 2314 2154 fuerit
2382 2096 2789 2175 asservatus,
2860 2088 2972 2156 sed
3021 2087 3468 2178 promovendo
3516 2084 3777 2153 cuidam

723 2196 897 2262 bello
945 2192 1224 2259 solidum
1272 2192 1572 2279 protinus
1617 2190 2008 2256 inservierit.
2033 2192 2090 2276 4)
2146 2192 2253 2258 Ita
2300 2193 2659 2259 Wilhelmo
2706 2195 2929 2259 comiti
2960 2194 3026 2277 Ι,
3059 2195 3128 2258 in
3160 2195 3427 2260 Terram
3465 2191 3774 2257 Sanctam

718 2300 1092 2389 profecturo
1112 2345 1130 2381 ,
1201 2296 1577 2361 vicesimam
1646 2295 2238 2361 ecclesiasticorum
2306 2295 2376 2361 in
2438 2299 2582 2384 ejus
2630 2297 2917 2364 dominio
2964 2304 3404 2386 proventuum
3451 2293 3780 2361 concessit

718 2402 1056 2469 Honorius
1126 2420 1298 2487 papa
1366 2398 1473 2463 III
1541 2400 1746 2482 (num.
1814 2400 1951 2484 87).
2047 2398 2175 2475 Qui
2246 2398 2316 2464 a⁰
2384 2402 2555 2466 1264
2623 2403 2694 2467 in
2758 2401 3169 2468 dioecesibus
3233 2400 3644 2486 Trajectensi
3707 2402 3782 2462 et

720 2505 1074 2572 Leodiensi
1120 2504 1496 2569 vicesimam
1541 2502 1984 2588 collegerunt,
2034 2508 2243 2568 totam
2288 2506 2607 2591 pecuniae
2655 2508 3094 2593 quantitatem
3133 2507 3424 2572 Henrico
3465 2504 3774 2589 episcopo

721 2608 1077 2678 Leodiensi
1141 2607 1594 2692 crucesignato
1658 2605 1916 2672 tradere
1981 2605 2353 2673 debuerunt
2413 2611 2685 2693 (numm.
2751 2613 2881 2676 306
2940 2619 3008 2677 01
3069 2613 3250 2696 307).
3344 2608 3577 2676 Paullo
3627 2610 3778 2694 post

724 2721 857 2779 tam
919 2711 1152 2780 Ottoni
1205 2710 1282 2775 11
1329 2710 1631 2775 Gelrensi
1678 2730 1873 2796 quam
1922 2709 2213 2776 Guidoni
2258 2711 2650 2779 Flandrensi
2697 2716 3044 2781 comitibus
3089 2717 3219 2781 iter
3268 2712 3776 2779 transmarinum

722 2815 1141 2905 parantibus,
1206 2811 1557 2878 tribuenda
1618 2812 1745 2878 fuit
1806 2834 2059 2879 summa
2122 2817 2366 2899 20,000
2427 2816 2738 2884 librarum
2787 2820 3272 2885 Turonensium
3319 2820 3591 2903 (numm.
3642 2815 3773 2879 316

723 2926 793 2986 et
856 2921 1034 3003 321).
1128 2916 1495 3003 Eidemque
1559 2915 1848 2982 Gnidoni
1911 2919 2134 2982 comiti
2198 2925 2403 2984 totam
2468 2920 2822 3008 decimam,
2878 2942 3074 3010 quam
3120 2944 3240 3011 per
3285 2943 3405 2988 sex
3451 2941 3660 2986 annos
3705 2919 3775 2983 in

723 3022 1087 3089 subsidium
1158 3022 1401 3087 Terrae
1475 3021 1757 3087 Sanctae
1828 3021 2340 3088 convertendam
2412 3023 2791 3091 decreverat
2859 3027 3226 3093 Concilium
3286 3025 3776 3113 Lugdunense,

723 3129 867 3213 ejus
934 3128 1005 3191 in
1076 3125 1404 3190 territorio
1474 3124 1757 3189 contulit
1825 3125 2166 3192 Johannes
2235 3148 2408 3214 papa
2473 3128 2682 3213 XXI,
2753 3150 2953 3215 quum
3027 3136 3283 3215 tamen,
3353 3150 3437 3195 ne
3493 3126 3782 3216 pecunia

724 3231 1015 3297 decimae
1062 3228 1478 3317 perderetur,
1527 3227 1757 3294 sedulo
1804 3230 2147 3315 invigilare
2194 3232 2478 3297 Romani
2525 3233 2883 3299 Pontifices
2922 3256 3058 3301 non
3091 3234 3468 3301 destiterint
3499 3235 3773 3318 (numm.

724 3337 893 3419 337,
942 3336 1111 3409 344,
1165 3334 1561 3416 364-367,
1613 3334 1779 3417 371,
1833 3335 1999 3416 374,
2049 3335 2227 3418 375).

406 3470 632 3519 Subffli,
954 3437 1233 3524 Insuper
1302 3435 1808 3524 archiepiscopis
1879 3436 2382 3503 coloniensibus
2451 3461 2618 3527 quae
2689 3441 2937 3507 tributa
2982 3442 3424 3508 ecclesiastica
3468 3440 3777 3506 Summus

335 3538 693 3617 archiepiscopo
726 3541 1045 3609 Pontifex
1104 3538 1387 3606 levanda
1423 3540 1733 3625 jussisset
1780 3540 2097 3605 nonnulla
2142 3542 2476 3627 assignata
2520 3543 2721 3610 fuisse
2768 3547 3091 3611 novimus.
3185 3547 3294 3613 Sic
3341 3542 3643 3610 Conrado
3692 3540 3780 3607 de

376 3605 654 3723 fflffifflssff
724 3643 1157 3713 Hochstaden
1204 3642 1706 3730 archipraesuli,
1754 3649 2023 3708 strenuo
2072 3650 2231 3710 tunc
2277 3644 2589 3713 adversus
2635 3648 3056 3715 Fredericum
3089 3651 3158 3716 II
3187 3648 3691 3738 propugnatori,
3717 3648 3775 3730 ⁵)

723 3750 1022 3837 quintam
1086 3748 1378 3813 omnium
1440 3748 1510 3812 in
1574 3767 1693 3812 sua
1745 3749 2084 3834 provincia
2127 3758 2568 3836 proventuum
2615 3752 3199 3820 ecclesiasticorum
3252 3753 3455 3820 semel
3499 3750 3776 3817 indulsit

719 3852 1152 3919 Innocentius
1197 3871 1369 3938 papa
1415 3850 1513 3917 IV
1560 3852 1832 3935 (numm.
1889 3854 2013 3917 153
2063 3859 2132 3918 et
2184 3855 2376 3937 154),
2424 3855 2537 3940 qui
2585 3855 2653 3920 in
2701 3855 3053 3922 dioecesim
3100 3858 3593 3943 Trajectensem
3639 3853 3771 3919 col-

721 3959 1001 4023 lectores
1066 3954 1411 4042 deputavit
1473 3955 1917 4042 praepositum
1981 3956 2315 4022 Tilensem
2378 3960 2653 4045 ejusque
2700 3960 2984 4046 collegas
3031 3963 3238 4045 (num.
3293 3962 3468 4044 193).
3562 3958 3783 4045 Super

721 4083 850 4149 quo
922 4066 1143 4127 tamen
1213 4065 1394 4125 mota
1462 4065 1565 4124 est
1634 4060 1932 4146 quaestio
2005 4066 2074 4126 et
2131 4060 2450 4127 dissensio
2500 4083 2631 4127 non
2679 4062 2971 4149 modica,
3016 4064 3218 4151 idque
3265 4086 3399 4130 non
3447 4065 3657 4130 solum
3703 4062 3774 4127 in

719 4166 972 4232 Frisiae
1042 4163 1374 4252 partibus,
1445 4163 1559 4227 ubi
1630 4163 1901 4227 abbates
1969 4169 2039 4227 et
2106 4165 2219 4229 alii
2287 4166 2505 4231 clerici
2569 4174 2702 4231 tam
2766 4169 3132 4234 saeculares
3193 4190 3389 4256 quam
3435 4168 3771 4254 regulares

718 4272 912 4336 istam
960 4269 1257 4355 quintam
1305 4267 1560 4331 solvere
1608 4268 2081 4332 contumaciter
2128 4266 2537 4355 denegarunt
2586 4276 2656 4336 et
2693 4279 3044 4358 propterea
3075 4271 3777 4339 excommunicationis

717 4375 1135 4440 incurrerunt
1200 4371 1596 4436 sententiam
1657 4371 1864 4455 (num.
1935 4373 2111 4455 193).
2206 4372 2522 4438 Similiter
2582 4375 2757 4439 enim
2827 4396 2987 4458 „nec
3044 4376 3569 4464 archiepiscopus
3613 4373 3773 4438 Bre-

718 4479 961 4544 mensis
1023 4496 1145 4540 nec
1208 4475 1649 4560 Trajectensis
1696 4495 1818 4540 nec
1863 4475 2403 4542 Monasteriensis
2451 4498 2572 4542 nec
2620 4479 2823 4565 aliqui
2872 4480 3163 4567 episcopi
3211 4480 3413 4546 totius
3458 4478 3773 4545 Alaman-

718 4583 905 4663 niae,
967 4585 1233 4667 praeter
1292 4577 1729 4644 Leodiensem
1753 4581 1808 4663 ⁶)
1872 4586 1940 4645 et
1988 4580 2602 4667 osnabrugensem,
2659 4583 3013 4649 voluerunt
3057 4585 3128 4649 in
3177 4585 3311 4649 suis
3359 4582 3776 4650 dioecesibus

717 4686 888 4749 hanc
936 4684 1352 4749 exactionem
1401 4681 1767 4749 admittere.
1837 4683 1970 4750 Sed
2016 4706 2133 4772 pro
2182 4686 2588 4751 relaxatione
2634 4687 2956 4753 miserunt
3002 4687 3086 4753 ad
3134 4686 3472 4753 dominum
3515 4688 3768 4775 Papam

719 4788 1261 4876 supplicationes3
1308 4787 1421 4872 qui
1469 4807 1592 4851 nec
1638 4787 1846 4852 voluit
1891 4788 1975 4853 ad
2021 4789 2292 4876 plenum
2338 4809 2645 4856 revocare
2691 4811 2814 4857 nec
2860 4792 3060 4858 etiam
3102 4793 3465 4858 sententias
3507 4813 3547 4857 a
3584 4810 3780 4879 prae·

719 4892 910 4958 dictis
973 4891 1476 4977 archiepiscopis
1536 4889 1705 4955 latas
1767 4892 2187 4976 confirmare,
2253 4893 2584 4980 sapienter
2631 4900 3030 4981 expectans,
3085 4903 3160 4961 ut
3206 4895 3423 4962 medio
3473 4903 3772 4983 tempore

880 5244 937 5309 1)
974 5243 1177 5294 Partim
1213 5241 1407 5308 legitur
1440 5243 1580 5307 apud
1616 5241 1762 5293 Sloet
1799 5241 2222 5293 Oorkondcnbosle
2255 5243 2321 5293 η’
2352 5242 2470 5295 972.
2611 5278 2620 5287 -

881 5326 937 5390 2)
974 5324 1032 5375 G.
1069 5324 1134 5375 H.
1169 5323 1237 5373 M.
1274 5323 1490 5388 Delprat
1525 5322 1937 5372 Kerklaietoriscla
1970 5324 2199 5389 Archias
2232 5323 2504 5376 nist-Mon
2541 5325 2638 5376 111.
2673 5325 2787 5378 331.

882 5407 937 5472 3)
973 5406 1087 5456 Van
1126 5405 1306 5455 Mieris
1345 5404 1685 5454 Charterbosk
1720 5404 1759 5454 1.
1795 5403 1910 5454 449.
2246 5405 2302 5469 4)
2339 5405 2441 5456 Cfr.
2480 5405 2693 5458 Gottlob
2726 5406 2797 5457 1.1.
2832 5407 2934 5459 109
2968 5423 3115 5475 seqq.

879 5488 936 5554 5)
973 5487 1077 5537 Cfr.
1113 5485 1542 5535 K‘vrcltenleaeikon
1576 5485 1691 5535 vn.
1725 5484 1828 5535 850
1860 5500 1969 5550 seq.
2007 5485 2043 5536 i.
2078 5501 2124 5536 v.
2160 5486 2313 5537 Koln.

878 5570 935 5633 6)
985 5568 1134 5628 Quod
1186 5567 1250 5616 ad
1302 5566 1448 5616 hunc
1499 5581 1678 5616 errare
1730 5567 1941 5616 videtur
1992 5566 2203 5631 Meneo,
2252 5581 2379 5617 nam
2429 5582 2556 5631 prae
2589 5570 2812 5620 caeteris
2847 5571 2936 5622 isti
2971 5572 3236 5623 exactioni
3266 5572 3465 5625 restitit
3499 5572 3770 5624 Henricus

718 5652 944 5704 antistes
978 5648 1279 5699 Leodiensis
1316 5661 1424 5697 una
1459 5662 1582 5698 cum
1617 5652 1727 5698 1010
1761 5662 1858 5698 suo
1893 5648 2067 5715 clero,
2100 5647 2191 5698 cfr.
2230 5646 2441 5698 (ι’-011101)
2476 5649 2546 5700 l.l.
2584 5649 2665 5700 75.
