4450 6684
1875 492 2193 558 Ommmvs
2254 491 2375 556 VI.
3576 492 3662 557 27

593 710 1051 780 1340-1346.
1472 713 1682 795 1350,
1732 711 1903 795 Maji
1948 714 2068 795 19,
2116 732 2222 796 ap.
2287 712 2774 777 Villamnovam.

903 863 986 928 A.
1065 863 1438 929 Theoderico
1500 861 1822 950 Vopponis
1879 863 1956 928 de
2019 864 2358 928 Alemaria
2400 863 2769 949 presbytero
2825 863 3008 946 Traj.
3057 864 3246 928 dioec.
3295 864 3657 929 conceditur

806 970 1219 1056 privileqium
1253 969 1593 1054 plenariae
1637 971 1914 1034 omnium
1951 976 2357 1054 peccatorum
2402 972 2786 1034 remissionis
2832 973 2901 1034 in
2947 971 3219 1035 articulo
3265 971 3505 1035 mortis.

901 1074 980 1140 B.
1049 1074 1212 1139 Item
1257 1074 1544 1139 Beatrici
1590 1082 1777 1139 natae
1822 1075 2147 1139 Johannis
2192 1075 2436 1140 domini
2480 1075 2556 1138 de
2585 1074 2919 1160 Eymonda
2948 1075 3147 1140 nobili
3177 1077 3433 1140 mulieri
3473 1075 3655 1157 Traj.

812 1180 999 1351 dmg·
1047 1285 1211 1350 Item
1257 1285 1568 1370 Briqidae
1613 1287 1870 1350 relictae
1916 1285 2236 1371 quondam
2289 1286 2608 1371 Vopponis
2652 1286 2729 1350 de
2775 1288 3139 1370 Alcmaria,
3189 1287 3416 1353 viduae
3470 1286 3653 1371 Traj.

813 1391 1002 1561 ἀωῦο
1047 1497 1095 1561 I
1094 1505 1213 1562 tem
1262 1497 1552 1577 Gerardo
1598 1497 1675 1562 de
1719 1497 2054 1582 Eymonda
2099 1500 2295 1563 militi
2349 1497 2531 1581 Traj.
2579 1498 2767 1564 dioec.

902 1603 977 1669 E.
1048 1603 1211 1669 Item
1262 1603 1536 1668 Grebber
1580 1603 1657 1668 de
1701 1604 2039 1669 Alcmaria
2091 1605 2251 1669 laico
2308 1604 2489 1687 Traj.
2538 1604 2729 1670 dioec.

902 1710 979 1775 F.
1051 1709 1214 1774 Item
1260 1708 1555 1774 Johanni
1598 1709 1675 1773 de
1720 1708 1901 1773 Lisse
1945 1710 2144 1775 nobili
2186 1710 2513 1776 domicello
2568 1710 2749 1792 Traj.
2799 1711 2987 1776 dioec.

900 1815 979 1881 G.
1054 1815 1218 1881 Item
1262 1814 1500 1880 Jacobo
1562 1815 1882 1900 Vopponis
1928 1816 2005 1880 de
2050 1816 2388 1881 Alcmaria
2424 1817 2794 1903 presbytero
2852 1816 3032 1900 Traj.
3083 1817 3271 1882 dioec.

807 1997 1123 2066 Ptovenit
1170 2018 1278 2063 ex.
1303 2045 1320 2061 .
1350 2045 1367 2062 .
1395 2045 1411 2062 .
1460 1997 1615 2063 Dat.
1662 1997 1837 2095 apuji
1886 1998 2373 2064 Villamnovam
2420 1999 2886 2064 Avinionensis
2933 1999 3242 2084 diocesia,
3290 2000 3499 2066 XIIII
3528 2000 3645 2067 Kl.

587 2102 810 2185 Junii,
857 2123 1029 2168 anno
1078 2123 1276 2169 nono.

1000 2221 1126 2285 Bey.
1160 2221 1257 2271 Δο.
1301 2216 1362 2270 Τ.
1396 2219 1490 2280 58,
1516 2222 1578 2285 s.
1614 2219 1730 2271 436.

581 2634 1032 2704 1347—1348.
1622 2640 1833 2722 1350,
1881 2640 2077 2705 Junii
2120 2643 2159 2704 1
2179 2690 2196 2723 ,
2244 2643 2612 2708 Avenionis.

905 2791 989 2857 A.
1058 2790 1391 2877 Reynahlo
1450 2797 1603 2855 nato
1657 2791 1883 2856 nobilis
1927 2795 2056 2857 viri
2113 2793 2441 2859 Wilhelmi
2484 2795 2561 2859 de
2605 2795 2773 2881 Reys
2817 2798 3043 2861 militis
3086 2797 3415 2878 confertur
3460 2817 3647 2863 cano-

807 2899 1053 2962 nicatus
1114 2904 1174 2961 et
1218 2902 1582 2961 reservatur
1614 2897 1984 2981 praebenda
2031 2900 2102 2963 in
2148 2902 2404 2965 ecclesia
2452 2901 2505 2965 b.
2554 2900 2813 2966 Mariae
2868 2901 3050 2986 Traj.
3102 2940 3185 2951 —
3234 2903 3654 2988 Deputantur

804 3010 1171 3068 executores.

893 3109 971 3173 B.
1057 3108 1396 3173 Wilhelmo
1441 3115 1598 3173 nato
1649 3108 1978 3173 Wilhelmi
2021 3109 2098 3174 de
2143 3110 2313 3196 Reys
2359 3113 2583 3176 militis
2625 3114 2855 3178 similis
2895 3116 3115 3199 qratia
3161 3117 3230 3178 in
3275 3116 3528 3181 ecclesia
3570 3113 3647 3180 S.

810 3213 1167 3278 Salvatoris
1222 3212 1403 3297 Traj.
1455 3249 1539 3261 —
1593 3213 2003 3298 Deputantur
2048 3223 2421 3281 executores.

802 3375 1130 3441 Nobilitas
1175 3376 1457 3462 generis.
1484 3422 1503 3441 .
1532 3424 1548 3440 .
1579 3423 1595 3440 .
1644 3377 1800 3442 Dat.
1848 3378 2213 3461 Avinione,
2265 3377 2375 3443 Kl.
2422 3377 2638 3462 «Iunii,
2686 3399 2860 3445 anno
2909 3400 3105 3447 nono.

996 3490 1122 3555 περ.
1154 3493 1253 3543 Aa.
1295 3493 1352 3542 r.
1384 3489 1476 3556 57,
1499 3494 1560 3558 s.
1593 3490 1903 3542 πων-167.

575 3927 770 3996 1349.
1617 3929 1828 4011 1350,
1874 3927 2069 3992 Junii
2111 3929 2187 4010 1,
2235 3930 2603 3992 Avenionis.

650 4176 656 4181 ἡ
893 4079 1175 4144 Girardo
1234 4079 1311 4144 de
1373 4079 1583 4144 Porta
1641 4080 2062 4161 conferuntur
2123 4082 2531 4145 canonicatus
2548 4128 2566 4163 ,
2618 4080 2986 4165 praebenda
3033 4089 3092 4146 et
3134 4081 3518 4146 scholastria
3562 4084 3634 4145 in

798 4186 1051 4250 ecclesia
1107 4184 1558 4268 Amhemensi‚
1615 4193 1903 4249 vacantes
1936 4205 2061 4270 per
2105 4185 2342 4251 obitum
2389 4186 2711 4251 Johannis
2757 4187 2834 4252 de
2879 4187 3069 4252 Polle
3113 4195 3172 4252 et
3219 4186 3319 4251 die
3363 4189 3452 4252 26
3498 4186 3639 4252 No·

799 4290 1058 4355 vmbris
1115 4311 1221 4355 an.
1282 4292 1464 4356 1347
1525 4290 1925 4376 dispositioni
1983 4290 2149 4355 sedis
2209 4292 2590 4376 apostolicae
2650 4298 3024 4359 reservatae.
3075 4329 3158 4340 —
3216 4291 3635 4376 Deputantur

799 4403 1163 4461 executores.

796 4577 1156 4644 Ptobitatis
1202 4582 1291 4643 et.
1320 4625 1336 4641 .
1365 4623 1382 4642 .
1410 4625 1428 4642 .
1477 4577 1631 4643 Dat.
1679 4578 2046 4662 Avinione,
2093 4577 2207 4643 Kl.
2255 4576 2442 4643 Junii
2462 4626 2480 4663 ,
2527 4598 2701 4644 anno
2750 4598 2945 4644 nono.

993 4694 1118 4758 Rea.
1152 4695 1250 4744 Ac.
1296 4694 1351 4743 T.
1384 4692 1478 4756 59,
1503 4695 1565 4759 s.
1600 4692 1723 4743 ³06·
1759 4699 1808 4743 et
1841 4697 2138 4758 repetuntur
2170 4694 2227 4744 ia
2263 4693 2389 4757 Ray.
2423 4694 2522 4743 An.
2568 4693 2763 4743 Urbani
2788 4708 2964 4758 papae
3006 4694 3059 4742 V
3089 4690 3150 4744 T.
3172 4691 3263 4758 23,
3289 4694 3350 4758 s.
3384 4691 3499 4745 506.

570 5127 761 5196 1350.
1598 5130 1811 5212 1350,
1858 5127 2052 5195 Junii
2097 5131 2169 5212 6,
2215 5129 2582 5194 Avenionis.

889 5283 1255 5350 Tielmanno
1302 5282 1627 5349 Johannis
1672 5284 2094 5367 conferuntur
2140 5282 2576 5363 canonicatus,
2614 5280 2982 5366 praebenda
3027 5287 3087 5344 et
3120 5268 3623 5367 supplementum

790 5390 1074 5454 ecclesiae
1126 5389 1577 5473 Trajcctensis‚
1626 5410 1789 5474 quae
1832 5408 1974 5453 cum
2019 5387 2330 5453 Lodovico
2377 5386 2454 5451 de
2498 5385 3021 5471 Renqhersuliece
3065 5386 3233 5451 alias
3270 5386 3348 5451 de
3377 5385 3620 5450 Poulre

777 5516 910 5582 pro
968 5495 1276 5561 similibus
1335 5499 1406 5562 in
1467 5498 1722 5561 ecclesia
1785 5495 1853 5560 S.
1918 5494 2275 5559 Donatiani
2335 5493 2656 5579 Bruyensi
2716 5492 3024 5575 beneficiis
3065 5494 3330 5576 putavit
3362 5510 3627 5577 permu-

793 5601 1010 5667 tanda.
1062 5639 1144 5650 —
1198 5601 1606 5687 Deputantur
1650 5607 2022 5666 eaeecutores.
