4450 6684
843 492 974 557 304
1874 490 2217 555 Annnsna
2263 507 2346 553 nr
2395 488 2870 554 conmoratus.

840 709 1031 777 2278.
1084 710 1337 790 (mnu)
1843 713 2053 794 1257,
2100 711 2385 796 Anqusn·
2430 713 2558 794 11,
2621 709 2907 775 viterbii.

1154 864 1409 930 Decano
1481 863 1915 929 Comei-acensi
1980 863 2356 946 mandatur,
2431 870 2500 927 ut
2566 864 2857 927 canonice
2905 861 3218 948 procedat
3276 869 3497 927 contra
3555 863 3900 927 nonnullas

1055 991 1401 1056 personas,
1472 972 1638 1035 inter
1706 991 1862 1056 quos
1931 972 2119 1034 etiam
2192 971 2341 1033 laici
2409 968 2591 1052 Traj.
2638 968 2868 1052 dioec,
2934 971 3050 1055 qui
3085 971 3436 1054 priorissae
3479 977 3538 1034 et
3581 971 3906 1034 conventui

1062 1078 1429 1141 monasterii
1473 1076 1548 1141 dc
1592 1076 1900 1163 Biqardis
1924 1076 1979 1160 1)
2027 1078 2303 1161 injurias
2349 1076 2658 1157 inferunt.

1062 1255 1447 1323 Alexander
1508 1258 1885 1344 episcopus,
1950 1279 2177 1324 servus
2240 1278 2573 1323 servorum
2619 1257 2783 1340 Dei,
2833 1256 3073 1323 dilecto
3121 1257 3258 1324 filio
3308 1258 3556 1323 decano
3602 1255 3903 1323 Gamera-

837 1364 1016 1428 censi
1062 1363 1341 1428 salutem
1396 1366 1421 1446 ΙΙ
1478 1370 1547 1428 et
1591 1365 2016 1452 apostolicam
2062 1364 2613 1430 benedictionem.

1060 1469 1319 1535 Dilecte
1364 1470 1433 1534 in
1480 1469 1740 1536 Christo
1784 1470 1918 1536 filie
1968 1521 1984 1536 .
2014 1519 2029 1534 .
2079 1471 2388 1557 priorissa
2433 1477 2502 1537 et
2547 1477 2909 1536 conventus
2955 1472 3337 1537 monasterii
3384 1469 3467 1537 de
3516 1473 3542 1554 ΙΙ
3590 1470 3891 1557 Bigardis

838 1575 1081 1641 ordinis
1129 1576 1338 1641 sancti
1384 1576 1728 1642 Benedicti
1773 1577 1963 1642 nobis
2010 1576 2472 1663 conquerendo
2513 1582 2994 1661 monstrarunt,
3041 1577 3216 1664 quod
3263 1626 3279 1642 .
3309 1626 3324 1642 .
3375 1577 3661 1643 decanus
3701 1577 3901 1642 chris-

834 1681 1154 1746 tianitatis
1214 1681 1297 1747 de
1357 1682 1707 1764 Bruxella‚
1772 1681 2046 1768 Egidius
2103 1682 2317 1747 dictus
2366 1681 2449 1747 de
2495 1683 2708 1747 Bosco
2754 1683 2960 1747 laicus
3009 1688 3078 1748 et
3126 1682 3389 1769 quidam
3436 1682 3548 1747 alii
3596 1681 3895 1747 Camera-

838 1789 1079 1871 censis,
1128 1787 1515 1853 Leodiensis
1568 1795 1636 1853 et
1681 1789 2124 1874 Trajectensis
2172 1789 2515 1853 civitatum
2563 1795 2632 1854 et
2679 1788 3036 1854 diocesium
3083 1809 3279 1875 super
3326 1787 3625 1872 decimis,
3675 1788 3898 1871 terris,

832 1894 1114 1981 quadam
1181 1895 1459 1981 pecunie
1529 1916 1812 1978 summa,
1887 1894 2282 1978 redditibus,
2354 1895 2874 1982 possessionibus
2939 1899 3007 1960 et
3063 1896 3261 1961 rebus
3307 1896 3453 1960 aliis
3497 1895 3894 1981 injuriantur

834 2000 1100 2066 eisdem.
1164 1999 1456 2087 Ideoque
1503 2000 1882 2066 discretioni
1929 2007 2043 2067 tue
2089 2021 2207 2087 per
2254 2002 2612 2087 apostolica
2657 2002 2899 2087 scripta
2943 2000 3358 2083 mandamus,
3399 2001 3709 2087 quatinus
3750 2020 3895 2086 par-

831 2108 1007 2172 tibus
1055 2108 1428 2172 convocatis
1468 2106 1695 2172 audias
1728 2128 1990 2172 causam
2023 2113 2090 2172 et
2121 2107 2565 2194 appellatione
2597 2112 2851 2172 remota
2882 2106 3106 2172 debito
3139 2106 3270 2172 fine
3305 2105 3600 2188 decidas,
3649 2106 3894 2170 faciens

831 2211 1004 2297 quod
1064 2211 1428 2277 decreveris
1483 2233 1603 2298 per
1648 2232 1990 2277 censuram
2037 2212 2545 2276 ecclesiasticam
2594 2211 2866 2275 firmiter
2913 2211 3265 2277 observari.
3359 2211 3592 2276 Testes
3639 2215 3890 2291 autem,

823 2318 936 2402 qui
1003 2317 1251 2382 fuerint
1319 2318 1673 2400 nominati,
1743 2317 1800 2381 si
1868 2339 1939 2383 se
2007 2318 2254 2402 gratia,
2327 2316 2477 2382 odio
2545 2317 2651 2383 vel
2720 2318 2953 2382 timore
3030 2317 3551 2404 subfiltraxerint,
3619 2336 3896 2381 censura

828 2422 1058 2504 simili,
1125 2423 1564 2509 appellatione
1628 2429 1963 2507 cessante,
2027 2423 2380 2510 compellas
2426 2424 2691 2489 veritati
2738 2423 3188 2488 testimonium
3233 2423 3602 2510 perhibere.
3659 2423 3684 2504 ΙΙ
3737 2422 3890 2486 Dat.

820 2527 1143 2612 Viterbii,
1190 2529 1296 2592 III
1341 2528 1440 2594 Id.
1487 2529 1816 2615 Augusti,
1863 2529 2283 2616 pontificatus
2331 2531 2537 2594 nostri
2585 2550 2757 2594 anno
2808 2529 3023 2593 tertio.

1236 2666 1505 2715 Anam-tu
1541 2681 1678 2729 pour
1723 2668 1885 2716 servir
1931 2665 1963 2714 ὰ
2006 2664 2164 2714 ῑἺιίεὒ.
2198 2665 2313 2715 eccl.
2346 2665 2409 2713 dc
2441 2665 2497 2714 la
2531 2663 2777 2728 Belqiquo
2819 2664 2952 2713 Tom.
2987 2661 3211 2711 XXIV.
3238 2679 3295 2727 p.
3330 2660 3423 2726 17,
3460 2663 3725 2712 secundum
3756 2665 3906 2712 auio-

1164 2750 1418 2814 fflaphm
1452 2749 1506 2798 in
1540 2749 1744 2799 archivo
1781 2748 2129 2798 Namurconsi.

972 2890 1029 2956 1)
1061 2891 1554 2959 „Grand-Bigard'‘,
1591 2893 1855 2956 prioratus
1891 2897 1943 2942 et
1979 2891 2147 2941 multo
2184 2896 2363 2955 postea
2398 2890 2610 2941 abbatia
2646 2890 2702 2939 in
2739 2890 2964 2941 dioecesi
3001 2888 3390 2940 cameracensi.

819 3356 1012 3423 2279.
1066 3357 1318 3437 (zssnu)
1346 3363 1386 3434 †
1804 3362 2019 3445 1260,
2066 3362 2325 3446 Aprilis
2373 3362 2498 3444 26,
2547 3361 2907 3446 Anaqniae.

1128 3509 1512 3575 Scholastico
1575 3513 1858 3576 ecclesiae
1922 3511 1989 3576 S.
2054 3513 2247 3577 Petri
2316 3512 2495 3596 Traj.
2544 3515 2992 3595 committitur,
3048 3520 3122 3576 ut
3167 3514 3334 3576 inter
3385 3511 3765 3576 Gossuinum
3809 3509 3887 3573 de

1038 3617 1213 3702 Brpe
1255 3621 1511 3702 ejusque
1560 3625 1825 3683 tutorem
1871 3640 2105 3684 necnon
2133 3620 2521 3704 priorissam
2558 3626 2619 3683 et
2652 3625 3016 3683 conventum
3057 3619 3429 3683 monasterii
3463 3617 3539 3681 dc
3567 3615 3878 3701 Biqardis

1038 3723 1355 3789 Gamerae.
1402 3723 1592 3789 dioec.
1639 3745 1895 3789 causam
1939 3746 2130 3810 super
2177 3725 2458 3811 quadam
2503 3725 2742 3790 decima
2786 3724 3105 3806 definitive
3149 3724 3461 3789 decernat.

1036 3904 1422 3972 Alexander
1491 3906 1868 3993 episcopus,
1943 3928 2171 3972 servus
2243 3927 2578 3972 servorum
2648 3907 2811 3989 Dei,
2883 3906 3122 3972 dilecto
3193 3906 3329 3970 filio
3403 3952 3419 3970 .
3456 3953 3471 3968 .
3545 3905 3885 3971 scolastico

813 4012 1083 4077 ecclesie
1132 4013 1341 4077 sancti
1387 4013 1571 4078 Petri
1618 4013 2058 4098 Trajectensis
2107 4015 2388 4080 salutem
2437 4020 2505 4079 et
2551 4013 2977 4101 apostolicam
3024 4012 3581 4079 benedictionem.

1036 4120 1171 4185 Sua
1218 4121 1405 4186 nobis
1453 4120 1818 4186 Gossuinus
1864 4128 2058 4186 natus
2106 4122 2417 4187 Gossuini
2467 4121 2548 4186 de
2594 4121 2767 4208 Erpe
2814 4121 3039 4185 militis
3070 4120 3563 4186 Cameracensis
3599 4117 3874 4183 diocesis

813 4229 879 4289 et
943 4226 1084 4310 ejus
1147 4231 1326 4291 tutor
1385 4227 1706 4313 petitione
1753 4233 2237 4320 monstrarunt,
2295 4226 2471 4313 quod
2519 4248 2669 4292 cum
2713 4228 2887 4292 inter
2932 4228 3109 4314 ipsos
3157 4247 3240 4291 ex
3290 4247 3423 4291 una
3468 4230 3655 4312 parte
3702 4230 3770 4289 et
3817 4270 3834 4286 .
3868 4270 3885 4286 .

823 4332 1198 4419 priorissam
1262 4338 1330 4396 et
1391 4338 1788 4398 conventum
1838 4332 1919 4397 de
1966 4332 2269 4419 Bigardis
2317 4332 2562 4397 ordinis
2610 4333 2832 4398 sancti
2864 4332 3219 4398 Benedicti
3266 4331 3560 4420 predicte
3609 4329 3885 4395 diocesis

811 4459 897 4503 ex
966 4438 1173 4503 altera
1233 4459 1429 4525 super
1485 4438 1764 4525 quadam
1814 4438 2067 4504 decima
2114 4460 2333 4504 coram
2388 4485 2404 4503 .
2434 4485 2450 4503 .
2500 4439 2759 4505 officiali
2807 4438 3264 4504 cameracensi
3311 4459 3445 4503 non
3492 4459 3578 4503 ex
3626 4435 3886 4521 delega-

812 4546 993 4609 tione
1040 4545 1399 4632 apostolica
1443 4546 1700 4631 questio
1747 4552 2155 4630 verteretur,
2211 4545 2387 4610 idem
2435 4546 2727 4611 officialis
2773 4566 3115 4632 perperam
3160 4545 3231 4609 in
3279 4565 3476 4609 causa
3520 4541 3883 4631 procedens

813 4655 1042 4716 contra
1105 4651 1350 4715 dictum
1414 4650 1812 4716 Gossuinum
1862 4657 1930 4716 et
1978 4653 2121 4736 ejus
2170 4656 2457 4716 tutorem
2505 4651 2917 4716 diffinitivam
2965 4651 3361 4715 sententiam
3406 4649 3878 4736 promulgavit,

813 4779 852 4822 a
920 4778 1053 4843 qua
1120 4759 1244 4843 ipsi
1311 4757 1396 4822 ad
1466 4759 1712 4823 curiam
1780 4759 2178 4823 Remensem
2242 4758 2690 4845 appellarunt3
2758 4758 2931 4823 dicte
2987 4778 3142 4822 vero
3190 4757 3370 4822 curie
3417 4757 3764 4823 Remensis
3813 4805 3828 4819 .
3867 4803 3882 4819 .

815 4864 1107 4928 officialis
1175 4885 1517 4952 perperam
1587 4865 1657 4929 in
1726 4863 1957 4930 eadem
2021 4884 2216 4930 causa
2269 4864 2629 4951 procedens
2676 4869 2903 4930 contra
2948 4863 3313 4951 predictum
3365 4863 3767 4929 Gossuinum
3816 4866 3887 4927 et

814 4972 957 5055 ejus
1026 4976 1311 5035 tutorem
1379 4971 1671 5058 iniquam
1739 4972 2300 5036 interlocutoriam
2363 4972 2850 5058 pronuntiavit,
2907 4993 2946 5036 a
2993 4992 3123 5057 qua
3170 4971 3371 5036 etiam
3416 4970 3543 5058 ipsi
3588 4975 3876 5038 nostram

815 5076 1218 5142 audientiam
1264 5079 1694 5165 appellarunt.
1769 5078 2064 5166 Ideoque
2097 5078 2474 5144 discretioni
2509 5083 2622 5143 tue
2652 5098 2770 5164 per
2801 5077 3159 5164 apostolica
3190 5078 3432 5164 scripta
3466 5076 3881 5159 mandamus,

818 5184 1128 5269 quatinus
1175 5184 1497 5270 legittime
1541 5185 1611 5249 in
1659 5186 2120 5273 appellationis
2168 5205 2366 5249 causa
2410 5183 2770 5270 procedens
2817 5183 3212 5248 sententiam
3261 5184 3468 5269 ipsam
3500 5181 3883 5247 confirmare

813 5289 919 5353 vel
965 5289 1293 5355 infirmare
1339 5291 1780 5378 appellatione
1827 5297 2082 5356 remota
2124 5311 2465 5377 procures,
2514 5291 2682 5355 sicut
2721 5289 2805 5355 de
2843 5291 2995 5374 jure
3036 5289 3235 5354 fuerit
3275 5288 3666 5356 faciendum.
3728 5287 3882 5351 Dat.

817 5393 1158 5480 Anagnie,
1207 5396 1306 5461 VI
1351 5395 1463 5460 Kl.
1512 5397 1706 5481 Maji,
1754 5396 2176 5483 pontificatus
2226 5396 2433 5461 nostri
2479 5416 2653 5460 anno
2701 5400 2910 5461 sexto.

1236 5530 1505 5580 Analecta
1539 5530 1575 5581 l.
1603 5546 1645 5581 c.
1671 5547 1729 5594 p,
1752 5529 1844 5594 19,
1880 5531 2143 5581 secundum
2176 5529 2523 5595 apographum
2555 5529 2798 5580 insertum
2833 5529 3002 5580 ballac
3025 5529 3298 5593 pensinae,
3336 5544 3465 5592 qaae
3496 5544 3626 5578 nunc
3656 5527 3902 5591 sequitur.
