4450 6684
1780 508 2186 575 Gnneonms
2230 509 2354 575 XI.
3469 507 3602 574 205

755 732 1053 818 Dignum
1123 731 1539 797 arbitramur.
1570 775 1587 794 .
1615 774 1635 794 .
1657 774 1676 793 .
1754 729 1909 794 Dat.
1974 728 2147 816 apud
2208 729 2696 795 Villamnovam
2756 725 3228 793 Avinionensis
3289 725 3567 792 diocesis
3584 774 3604 810 ,

534 839 644 905 III
686 839 788 905 Id.
836 839 1163 926 Augusti,
1212 859 1387 903 anno
1432 838 1664 924 primo.

948 974 1072 1038 Bey.
1108 974 1208 1022 Δο.
1249 972 1305 1022 Τ.
1341 971 1478 1035 4,s.
1517 969 1634 1022 533.

544 1458 1012 1528 2018—2019.
1328 1461 1533 1544 1371,
1582 1459 1963 1545 Septembris
2009 1460 2131 1542 11,
2176 1480 2282 1545 ap.
2344 1458 2830 1523 Villamnovam.

852 1615 938 1680 A.
1048 1614 1328 1679 Woltero
1402 1613 1650 1698 Spronc
1722 1613 2052 1697 confertur
2107 1612 2510 1698 parochialis
2579 1611 2833 1675 ecclesia
2893 1609 2970 1674 de
3030 1607 3356 1695 Wadenoy
3425 1608 3612 1693 Traj.

763 1721 951 1786 dioec.
973 1770 990 1803 ,
1038 1742 1273 1785 vacans
1307 1742 1433 1806 per
1483 1720 1742 1785 liberam
1790 1722 2276 1805 resi9nationem
2325 1717 2605 1783 Gerar-di
2648 1717 2725 1782 de
2769 1716 3181 1782 Bronchorst.

849 1827 930 1893 Β.
1022 1826 1255 1913 Eqidio
1318 1826 1394 1891 de
1460 1828 1706 1892 Pirwes
1769 1828 2189 1909 conferuntur
2251 1827 2656 1890 canonicatus
2700 1831 2760 1889 et
2792 1822 3162 1910 praebenda
3204 1824 3490 1888 ecclesiae
3536 1821 3606 1889 S.

761 1932 952 1998 Petri
1005 1933 1219 2015 Traj.,
1255 1955 1381 2018 per
1426 1933 1661 1999 obitum
1723 1932 2044 1998 Waltheri
2089 1932 2293 2017 Snoey
2332 1939 2622 1996 vacantes
2659 1939 2720 1996 et
2756 1931 2857 1995 die
2896 1932 2985 1994 15
3023 1931 3282 2015 Aprilis
3307 1932 3603 2015 proxime

767 2041 979 2125 elapso
1048 2041 1378 2105 collationi
1436 2040 1600 2104 sedis
1662 2041 2040 2126 apostolicae
2097 2045 2469 2103 reservatae.
2535 2074 2618 2086 —
2683 2038 2822 2103 Pro
2881 2046 3152 2122 utroque
3211 2037 3605 2123 deputantur

756 2154 1128 2214 executores-

765 2332 922 2398 Vite
970 2353 1046 2397 ac
1092 2353 1366 2397 morum.
1395 2379 1411 2395 .
1442 2379 1457 2395 .
1487 2377 1502 2395 .
1551 2330 1707 2396 Dat.
1756 2329 1931 2417 apud
1969 2329 2454 2395 Villamnovam
2492 2326 2963 2395 Avinionensis
3003 2327 3313 2416 diocesis,
3352 2329 3460 2396 111
3495 2330 3597 2399 Id.

549 2434 988 2523 Septembris,
1036 2458 1209 2503 anno
1254 2437 1485 2525 primo.

960 2572 1090 2636 περ.
1124 2575 1224 2623 Ao.
1260 2571 1304 2622 A
1348 2533 1403 2622 τί
1439 2571 1499 2635 4,
1523 2572 1586 2636 s.
1620 2569 1745 2635 51¹3
1783 2571 1823 2620 Β
1868 2573 1921 2620 Τ.
1955 2569 2042 2634 10,
2064 2571 2121 2634 f.
2154 2567 2296 2620 432⁹.

554 3056 766 3126 2020.
1322 3059 1541 3142 1371,
1592 3057 1972 3144 Septembris
2018 3057 2144 3140 12,
2192 3077 2300 3142 ap.
2361 3055 2849 3121 Villamnovam.

864 3213 1324 3299 Infrascriptis
1388 3214 1766 3297 mandatur,
1827 3221 1902 3278 ut
1946 3212 2179 3298 Eyidio
2226 3211 2303 3276 de
2347 3210 2597 3276 Pirwes
2642 3213 2938 3277 canonico
2983 3212 3269 3278 ecclesiae
3314 3210 3381 3277 S.
3430 3211 3623 3278 Petri

788 3320 971 3405 Traj.
1007 3321 1395 3407 provideant
1434 3320 1511 3386 de
1547 3318 1910 3406 praebenda
1939 3319 2165 3384 ibidem
2194 3325 2455 3383 vacante
2472 3338 2599 3403 per
2629 3317 2865 3382 obitum
2909 3316 3187 3384 Walteri
3213 3317 3370 3384 dicti
3397 3317 3623 3406 Snoey.

780 3503 1164 3569 Venerabili
1232 3504 1420 3568 fratri
1494 3504 1803 3591 episcopo
1873 3502 2216 3569 Aniciensi
2288 3506 2356 3567 et
2424 3501 2683 3567 dilectis
2744 3502 2896 3567 filiis
2957 3503 3183 3569 abbati
3246 3501 3628 3568 monasterii

561 3608 1101 3676 Trenorchiensis
1146 3611 1603 3677 cabilonensis
1653 3610 1931 3676 diocesis
1977 3630 2053 3675 ac
2102 3608 2365 3674 officiali
2409 3610 2823 3695 Trajectensi
2868 3610 3151 3676 salutem
3196 3618 3308 3675 etc.

782 3716 1174 3783 Laudabilia
1234 3718 1603 3805 probitatis.
1633 3764 1650 3781 .
1680 3766 1695 3781 .
1728 3765 1745 3781 .
1816 3717 1972 3782 Dat.
2037 3714 2212 3802 apud
2260 3715 2745 3782 Villamnovam
2794 3716 3264 3782 Avinionensis
3311 3714 3591 3781 diocesis
3609 3763 3629 3801 ,

556 3818 630 3886 Π
670 3820 773 3888 Id.
821 3822 1264 3909 Septembris,
1313 3844 1487 3888 anno
1532 3823 1764 3910 prime.

968 3955 1095 4020 πη.
1129 3956 1228 4007 An.
1272 3957 1326 4005 r.
1359 3954 1420 4023 3,
1443 3957 1506 4020 s.
1539 3954 1680 4008 2480.

559 4456 755 4527 2021.
1331 4463 1541 4546 1371,
1590 4460 1971 4547 ὅφιενηόνίε
2017 4463 2136 4545 12,
2185 4482 2293 4548 ap.
2355 4461 2842 4527 Villamnovam.

876 4614 1168 4681 Gerardo
1239 4616 1571 4682 Naldekin
1644 4617 1975 4701 confertur
2042 4619 2451 4682 canonicatus
2519 4625 2579 4682 et
2646 4624 3029 4683 reservatur·
3057 4618 3430 4704 praebenda
3487 4638 3631 4684 cum

781 4722 1212 4806 supplemento
1257 4725 1327 4786 in
1372 4723 1627 4788 ecclesia
1683 4722 1864 4807 Trai.
1914 4759 1998 4772 —
2047 4723 2468 4808 qutantur
2513 4730 2885 4789 executores.

782 4901 943 4967 Vite
989 4923 1065 4967 ac
1115 4923 1389 4967 morum.
1417 4949 1434 4966 .
1461 4950 1476 4967 .
1504 4950 1521 4967 .
1568 4902 1721 4968 Non
1773 4901 2191 4968 obstantibus
2239 4950 2256 4967 .
2284 4949 2302 4968 .
2329 4949 2345 4967 .
2375 4949 2392 4966 .
2441 4901 2617 4990 quod
2662 4903 2736 4968 in
2777 4903 2991 4969 sancti
3032 4903 3391 4971 Salvatoris
3431 4926 3626 4973 cano-

572 5004 860 5071 nicatum
907 5011 977 5073 et
1020 5006 1426 5095 prebendam
1471 5028 1548 5073 ac
1594 5008 2129 5095 supplementum
2175 5014 2246 5074 et
2289 5009 2361 5074 in
2407 5009 2799 5096 parrochiali
2846 5011 3058 5077 sancti
3102 5010 3146 5077 J
3147 5011 3337 5076 acobi
3367 5012 3630 5099 Trajec·

567 5113 864 5179 tensibus
911 5115 1203 5180 ecclesiis
1248 5115 1561 5180 vicariam
1606 5120 1997 5203 perpetuam
2045 5122 2272 5182 sancte
2320 5116 2546 5182 Crucis
2593 5117 2884 5182 nosceris
2932 5117 3256 5184 obtinere.
3280 5164 3300 5186 .
3327 5166 3344 5183 .
3371 5164 3391 5184 .
3469 5119 3626 5185 Dat.

566 5218 740 5306 apud
785 5220 1269 5287 Villamnovam
1312 5221 1787 5288 Avinionensis
1835 5220 2148 5306 diocesis,
2199 5222 2272 5288 H
2316 5221 2417 5288 Id.
2470 5222 2913 5311 Septembris,
2962 5245 3135 5290 anno
3182 5225 3414 5311 primo.

979 5353 1108 5419 Ray.
1141 5354 1240 5407 Aa.
1283 5356 1338 5406 T.
1374 5353 1433 5422 7,
1456 5356 1520 5420 s.
1553 5353 1669 5407 22ss.
