4450 6684
764 483 853 550 42
1758 557 1764 562 ,
2063 481 2381 549 Omms
2425 483 2544 549 VI.

993 705 1402 771 Litterarum
1447 701 1741 780 scientia.
1767 748 1785 767 .
1812 749 1829 766 .
1859 748 1875 765 .
1925 700 2077 767 Dat.
2124 702 2492 787 Avinione,
2540 704 2611 769 11
2655 705 2766 771 Kl.
2814 706 3139 793 Augusti,
3192 729 3366 774 anno
3413 708 3689 776 decimo.

1190 841 1315 904 Rea.
1349 839 1448 889 Ao.
1492 841 1546 889 T.
1580 836 1673 905 63,
1697 840 1757 904 s.
1793 836 1932 889 2310.

2013 1104 2479 1110 ——.-———-.—..———
2492 1104 2603 1111 -——-—

763 1329 947 1398 1411.
1772 1326 1979 1406 1351,
2027 1327 2314 1412 Auqusti
2360 1328 2430 1410 5,
2476 1327 2843 1394 Avenionis.

1086 1481 1376 1546 Gerardo
1410 1479 1485 1544 N
1481 1479 1742 1544 aldekin
1781 1481 2077 1546 canonico
2118 1483 2407 1546 ecclesiae
2440 1482 2508 1547 S.
2542 1482 2903 1549 Salvatoris
2944 1484 3123 1569 Traj.
3139 1533 3157 1568 ,
3189 1486 3515 1568 familiari
3545 1488 3840 1571 maqistri

993 1588 1328 1654 Francisci
1373 1585 1450 1650 de
1497 1585 2033 1669 Sanctomaccimo,
2083 1589 2325 1651 notarii
2356 1589 2710 1673 pontificii,
2759 1590 2847 1654 ad
2893 1592 3396 1677 quinquennium
3438 1591 3840 1676 indthetur,

994 1695 1164 1782 quod
1209 1696 1280 1758 in
1327 1692 1634 1775 beneficiis
1681 1694 1813 1756 suis
1848 1695 2278 1778 personaliter
2318 1715 2445 1759 non
2490 1696 2796 1780 residens,
2842 1698 3100 1779 fructus
3130 1700 3416 1783 ipsorum
3448 1697 3840 1784 quotidianis

991 1798 1541 1866 distributionibus
1604 1801 1871 1884 exceptis
1933 1801 2172 1885 inteqre
2231 1802 2560 1886 percipere
2618 1804 2846 1868 valeat.
2899 1838 2985 1853 —-
3036 1803 3234 1887 Cujus
3268 1804 3601 1890 privileqii
3645 1803 3838 1888 depu-

995 1915 1218 1983 tantur
1264 1913 1743 1971 conservatores.

986 2089 1351 2157 Probitatis
1399 2095 1488 2155 et.
1516 2136 1532 2153 .
1564 2137 1580 2153 .
1607 2137 1624 2153 .
1674 2089 1829 2154 Dat.
1877 2089 2246 2173 Avinione,
2294 2091 2466 2159 Non.
2514 2093 2838 2179 Augusti,
2886 2115 3060 2161 anno
3109 2093 3380 2160 decimo.

1185 2226 1312 2289 Rea.
1345 2225 1444 2274 Au.
1488 2226 1547 2275 T.
1576 2222 1667 2287 63,
1692 2225 1754 2288 s.
1790 2222 1903 2274 403.

760 2716 948 2786 1412.
1741 2714 1951 2796 1351,
1998 2712 2285 2798 Auqusti
2327 2715 2445 2796 13,
2492 2716 2859 2782 Avenionis.

1081 2870 1358 2934 Henrico
1421 2869 1586 2933 dicto
1648 2868 1858 2953 Blyde
1920 2869 2142 2933 clerico
2213 2867 2397 2952 Traj.
2461 2868 2651 2933 dioec.
2709 2867 3042 2951 confertur
3075 2877 3394 2954 perpetua
3443 2871 3684 2934 vicaria
3728 2889 3836 2934 seu

988 2979 1196 3043 altare
1256 2978 1326 3040 in
1386 2976 1638 3040 ecclesia
1709 2974 2096 3056 Trajectcnsi
2116 3024 2132 3056 ,
2193 2994 2427 3038 vacans
2488 2995 2564 3038 ex
2623 2995 2691 3039 eo
2738 2974 2909 3060 quod
2955 2975 3284 3040 Johannes
3331 2974 3538 3039 Albus
3582 2976 3835 3039 canoni·

985 3090 1195 3147 catum
1258 3089 1317 3146 et
1366 3080 1797 3165 praebendam
1859 3080 2081 3145 ibidem
2131 3080 2402 3165 pacifice
2460 3088 2551 3145 est
2595 3089 2915 3145 assecutus
2935 3128 2953 3164 ,
3016 3088 3076 3145 et
3120 3083 3211 3145 40
3253 3081 3641 3162 florenorum
3684 3080 3835 3144 auri

985 3190 1263 3254 valorem
1309 3208 1437 3252 ann
1445 3208 1596 3251 uum
1641 3207 1768 3252 non
1814 3186 2123 3251 excedens.
2175 3223 2260 3234 —
2306 3186 2725 3272 Deputantur
2770 3195 3139 3253 executores.

988 3370 1382 3438 Laudabilia
1426 3369 1791 3457 probitatis.
1819 3417 1835 3434 .
1865 3418 1880 3434 .
1908 3415 1925 3434 .
1975 3368 2127 3434 Dat.
2178 3368 2507 3434 Aviniono
2529 3419 2545 3452 ,
2593 3368 2694 3435 Id.
2742 3369 3071 3455 Augusti,
3119 3364 3299 3436 anno'
3341 3369 3618 3435 decimu.

1185 3506 1309 3570 περ.
1345 3505 1445 3554 Αυ.
1491 3507 1545 3554 r.
1580 3503 1672 3565 62,
1698 3506 1758 3569 f·
1793 3503 1908 3555 484.

757 3975 946 4045 1413.
1733 3976 1947 4057 1351,
1998 3975 2280 4059 Auqusti
2324 3974 2442 4057 13,
2489 3974 2851 4037 Avenionis.

1076 4129 1469 4203 Ghiselberto
1537 4129 1614 4194 de
1685 4129 1901 4193 Renen
1935 4129 1986 4210 ¹)
2053 4128 2347 4191 canonico
2424 4125 2812 4208 TraJectensi
2879 4127 3237 4195 conceditur
3256 4176 3274 4210 ,
3346 4128 3516 4214 quod
3573 4130 3828 4213 priores

987 4240 1204 4303 literae
1227 4237 1281 4320 2)
1344 4236 1724 4322 apostolicae
1742 4284 1759 4319 ,
1809 4233 2037 4320 quibus
2082 4234 2210 4317 ipsi
2255 4234 2660 4297 canonicatus
2707 4234 2993 4297 ecclesiae
3048 4233 3229 4317 Traj.
3277 4235 3548 4300 collatus
3566 4283 3583 4317 ,
3629 4254 3824 4320 prae-

983 4344 1182 4408 benda
1228 4364 1303 4408 ac
1337 4343 1797 4428 praepositura
1843 4339 2244 4423 Westfrisiae
2290 4340 2358 4403 in
2400 4338 2611 4403 eadem
2652 4340 2902 4403 ecclesia
2947 4347 3294 4405 reservatae
3330 4341 3628 4425 fuerunt,
3676 4343 3827 4407 vitio

980 4450 1399 4535 subreptionis
1444 4469 1571 4514 non
1616 4448 1895 4512 obstante
1939 4448 2208 4511 valeant.

984 4630 1321 4695 Honestas
1367 4648 1641 4694 morum.
1671 4675 1686 4692 .
1716 4674 1731 4691 .
1760 4675 1776 4692 .
1826 4627 1979 4692 Dat.
2026 4627 2389 4710 Avinions,
2436 4626 2535 4691 Id.
2583 4626 2900 4712 Augusti,
2950 4647 3125 4693 anno
3172 4625 3447 4693 decima

1177 4766 1302 4829 περ.
1338 4766 1435 4815 Αυ.
1479 4765 1534 4814 T.
1567 4761 1659 4827 63,
1686 4765 1748 4828 s.
1782 4761 1895 4813 269.

909 4911 967 4977 1)
1002 4909 1173 4962 Codex
1211 4910 1394 4961 habet:
1432 4910 1497 4960 de
1531 4910 1731 4959 Reven.
1931 4907 1987 4973 2)
2023 4907 2194 4972 Supra
2227 4923 2378 4961 num.
2411 4909 2558 4961 1298.

751 5381 944 5451 1414.
1727 5379 1936 5462 1351,
1983 5380 2267 5464 Auqusti
2308 5382 2427 5463 19,
2475 5382 2838 5446 Aveniom's.

1072 5532 1366 5599 Johanni
1410 5530 1684 5616 (Oloud)
1731 5530 1944 5595 abbati
1986 5534 2352 5596 monasterii
2394 5530 2856 5617 Eqmundensis
2894 5534 3139 5601 ordinis
3171 5534 3239 5600 S.
3274 5534 3599 5601 Benedicti
3636 5534 3820 5618 Traj.

979 5639 1168 5706 dioec.
1216 5638 1575 5704 conceditur
1624 5638 1877 5703 licentia
1923 5637 2192 5704 habendi
2236 5639 2444 5704 altare
2476 5643 2808 5725 portatile.
