4450 6684
1803 515 2262 580 Innoonmms
2304 511 2426 577 VI.
3518 508 3644 573 105

577 739 687 809 vel
722 737 1291 826 Jurisdictionibus
1339 755 1565 801 earum
1611 738 1903 823 parcium
1950 733 2387 802 consistencia
2433 732 2516 798 de
2561 731 2795 798 eadem
2838 733 3117 799 licencia
3149 731 3398 798 domini
3430 730 3639 797 nostri

580 867 750 934 pape
795 844 1033 933 prefati
1079 842 1433 909 efficaciter
1481 842 1832 928 obligando
1880 864 1957 909 ac
2006 839 2488 908 consenciendo
2535 858 2883 925 expresse,
2942 837 3120 925 quod
3167 838 3345 904 dicta
3388 844 3647 903 trecen·

580 962 796 1019 torum
842 953 1236 1016 florenorum
1285 970 1540 1015 summa
1587 948 1763 1014 dicto
1812 948 2078 1014 domino
2126 945 2412 1012 Folkero
2459 944 2757 1031 quolibet
2799 944 3146 1011 solutionis
3180 943 3459 1010 termino
3491 964 3638 1030 pre-

581 1060 755 1126 dicto
818 1058 1130 1145 expedite
1191 1058 1494 1142 primitus
1557 1055 2001 1141 persolvatur,
2049 1059 2405 1139 antequam
2450 1051 2735 1134 fructus,
2780 1050 3078 1116 redditus
3124 1056 3195 1117 et
3238 1055 3635 1138 proventus,

579 1167 1014 1234 obvenciones
1061 1169 1132 1229 et
1169 1165 1324 1249 jura
1367 1161 1666 1248 predicta
1711 1161 1793 1226 ad
1844 1182 2001 1225 usus
2049 1164 2308 1225 nostros
2348 1156 2455 1223 vel
2486 1157 2774 1244 episcopi
2806 1177 2925 1243 pro
2958 1162 3253 1244 tempore
3285 1156 3635 1222 existentis

579 1294 697 1340 seu
757 1273 1206 1356 cujuscunque
1270 1268 1539 1333 alterius
1605 1271 2074 1333 convertantur
2136 1265 2243 1329 vel
2304 1262 2798 1350 quomodolibet
2842 1262 3276 1351 deputentur,
3325 1262 3639 1349 quamdiu

577 1379 865 1467 prefatus
933 1375 1236 1440 dominus
1305 1374 1627 1439 Folkerus
1697 1374 1767 1438 in
1835 1372 2320 1460 pontificalibus
2381 1375 2452 1435 et
2495 1371 2566 1435 in
2613 1386 2742 1455 que
2786 1369 2870 1435 a‘d
2920 1371 3205 1436 officium
3251 1368 3629 1458 pontificale

579 1490 934 1574 expectant
972 1484 1121 1566 (sic)
1163 1483 1338 1547 vices
1372 1485 1627 1546 nostras
1661 1485 1730 1546 et
1760 1480 2035 1545 aliorum
2068 1496 2515 1544 successorum
2546 1481 2948 1561 nostrorum,
2993 1479 3448 1564 episcoporum
3480 1480 3639 1546 'I'ra-

570 1591 963 1678 jectensium
1011 1609 1127 1675 pro
1176 1594 1500 1674 tempore,
1547 1588 1617 1651 in
1665 1587 1931 1652 civitate
1979 1589 2047 1650 et
2078 1582 2322 1648 diocesi
2352 1582 2889 1667 TraJectensibus
2918 1584 3120 1669 juxta
3151 1585 3631 1654 ordinationem

579 1704 646 1763 et
705 1694 1224 1761 commissionem
1287 1691 1664 1777 hujusmodi
1723 1690 1947 1757 debite
1995 1689 2299 1775 supplere
2348 1687 2629 1753 voluerit
2674 1708 2792 1753 seu
2837 1689 3039 1753 etiam
3088 1690 3302 1756 eidem
3349 1690 3634 1759 fideliter

579 1821 886 1869 exercere
947 1799 1268 1886 placuerit
1320 1804 1389 1863 et
1435 1799 1715 1863 honeste
1764 1796 1965 1885 fuerit
2012 1799 2457 1860 conversatus.
2550 1793 2632 1858 In
2679 1813 2956 1879 quorum
3004 1796 3294 1861 omnium
3344 1799 3639 1865 testimo-

581 1911 760 1975 nium
821 1910 1161 1994 presentes
1222 1905 1476 1968 litteras
1543 1924 1661 1968 seu
1722 1922 1994 1988 presens
2042 1900 2379 1988 publicum
2424 1900 2937 1964 instrumentum
2982 1922 3101 1987 per
3147 1904 3475 1969 notarium
3521 1926 3640 1992 pu·

573 2017 818 2082 blicum
880 2012 1366 2097 infrascriptum
1431 2010 1624 2074 scribi
1690 2015 1758 2074 et
1817 2007 2139 2096 publicari
2201 2003 2657 2070 mandavimus
2718 2011 2788 2070 et
2848 2006 3046 2092 sigilli
3106 2010 3315 2074 nostri
3367 2009 3642 2077 fecimus

577 2120 975 2209 appensione
1022 2117 1281 2181 muniri.
1329 2116 1483 2180 Dat.
1535 2121 1603 2180 et
1650 2120 1869 2180 actum
1917 2113 2248 2178 Avinione
2296 2112 2366 2175 in
2414 2110 2638 2193 domo,
2688 2131 2819 2198 qua
2860 2111 3141 2178 habitati
3179 2135 3404 2179 sumus
3434 2137 3639 2203 prope

579 2226 929 2293 claustrum
990 2222 1263 2286 fratrum
1323 2221 1813 2286 Heremitarum
1879 2218 2090 2284 sancti
2151 2217 2512 2302 Augustini
2529 2264 2546 2299 ,
2610 2215 2717 2282 die
2779 2216 3088 2283 vicesima
3149 2220 3392 2285 mensis
3436 2220 3599 2306 Maji
3616 2270 3634 2305 ,

579 2353 749 2398 anno
797 2352 836 2395 a
879 2329 1228 2394 nativitate
1259 2327 1532 2391 Domini
1570 2326 1917 2391 millesimo
1952 2323 2414 2389 trecentesimo
2447 2322 2988 2409 quinquagesimo
3022 2344 3228 2407 nono,
3275 2323 3639 2391 indictione

579 2435 997 2515 duodecima,
1057 2431 1481 2518 pontificatus
1528 2430 1776 2496 domini
1827 2430 2036 2495 nostri
2082 2427 2464 2494 Innocencii
2509 2449 2680 2514 pape
2726 2429 2902 2494 sexti
2947 2428 3226 2516 predicti
3274 2451 3447 2497 anno
3495 2452 3642 2519 sep·

585 2543 778 2623 timo,
848 2538 1264 2626 presentibus
1327 2536 1815 2602 venerabilibus
1875 2541 1944 2628 et
2001 2535 2300 2601 discretis
2354 2534 2510 2599 viris
2558 2532 2837 2600 dominis
2883 2534 3189 2601 Johanne
3238 2535 3320 2602 de
3367 2537 3639 2603 Nuenar

583 2647 829 2713 decano
891 2645 1098 2710 sancti
1159 2643 1448 2708 Lebuini
1509 2643 2041 2724 Davantriensis‚
2109 2642 2419 2727 Reynero
2466 2640 2709 2707 Modde
2756 2643 2998 2708 vicario
3045 2649 3366 2729 perpetuo
3414 2649 3639 2709 nostre

584 2752 1051 2838 Trajectensis,
1098 2749 1436 2815 Bernardo
1484 2749 1566 2814 de
1617 2750 1836 2813 Berne
1885 2752 2138 2813 rectore
2185 2746 2607 2834 parrochialis
2655 2747 2928 2814 ecclesie
2974 2749 3044 2813 in
3075 2748 3397 2816 Bocholte
3431 2749 3641 2816 eccle·

589 2861 861 2941 siarum,
909 2856 1215 2924 Johanne
1263 2856 1346 2920 de
1392 2857 1649 2937 Buren,
1698 2855 1987 2939 Hugone
2037 2860 2105 2919 et
2150 2854 2443 2919 Henrico
2477 2853 2669 2919 dictis
2703 2854 2784 2919 de
2816 2855 3249 2922 Loenresloet
3281 2855 3642 2922 domicellis

585 2973 654 3030 et
718 2963 1124 3030 Theoderico
1195 2962 1418 3048 Koyte
1490 2963 1724 3027 clerico
1791 2968 2012 3027 nostre
2076 2960 2517 3048 TraJectensis
2579 2959 2910 3028 antedicte
2969 2967 3040 3028 et
3099 2962 3640 3029 Monasteriensis

586 3073 942 3138 diocesium
990 3070 1269 3136 testibus
1314 3069 1397 3134 ad
1444 3070 1765 3154 premissa
1810 3069 2060 3134 vocatis
2109 3068 2481 3154 specialiter
2528 3074 2597 3134 et
2640 3069 2908 3154 rogatis.

807 3177 894 3242 Et
956 3156 1077 3263 ego
1138 3175 1533 3261 Wynandus
1599 3174 1812 3239 dictus
1873 3174 2126 3240 Ridder
2189 3174 2462 3239 clericus
2521 3175 2774 3260 prefate
2837 3176 3280 3261 Trajectensis
3327 3176 3639 3260 diocesis,

582 3283 937 3369 apostolica
983 3287 1051 3346 et
1096 3282 1417 3368 imperiali
1467 3281 1860 3346 auctoritate
1906 3282 2200 3346 notarius
2232 3279 2564 3365 publicus,
2612 3280 2786 3347 dicte
2818 3283 3152 3368 pensionis
3185 3303 3403 3349 annue
3438 3282 3641 3371 depu-

583 3388 821 3454 tacioni
869 3394 937 3453 et
984 3388 1412 3472 assignationi
1466 3408 1540 3452 ac
1587 3387 1977 3452 investiture
2027 3385 2304 3472 aliisque
2344 3387 2704 3473 premissis,
2739 3387 2927 3471 dum,
2961 3395 3037 3454 ut
3068 3410 3266 3477 supra
3295 3391 3640 3476 leguntur,

582 3501 930 3580 agerentur
976 3500 1046 3558 et
1091 3493 1355 3575 fierent,
1404 3514 1537 3557 una
1586 3513 1733 3556 cum
1779 3493 2253 3579 prenominatis
2302 3493 2581 3559 testibus
2626 3514 2897 3579 presens
2945 3494 3041 3559 fui
3088 3515 3298 3582 eaque
3329 3495 3471 3561 fieri
3502 3494 3640 3560 vidi

583 3606 651 3664 et
697 3598 918 3665 audivi
966 3620 1039 3664 ac
1084 3599 1239 3663 inde
1286 3602 1409 3663 hoc
1456 3618 1727 3685 presens
1772 3599 2284 3663 instrumentum
2331 3599 2663 3686 publicum
2709 3599 2794 3664 de
2840 3600 3151 3665 mandato
3200 3606 3269 3666 et
3312 3600 3395 3666 ad
3427 3601 3643 3688 requi·

582 3702 884 3767 sitionem
953 3702 1274 3767 dictorum
1335 3702 1846 3767 reverendorum
1906 3708 2165 3788 patrum
2213 3701 2624 3767 dominorum
2670 3702 2715 3767 J
2717 3703 2994 3768 ohannis
3042 3706 3331 3791 episcopi
3376 3706 3642 3792 Trajec·

583 3808 784 3873 tensis
847 3814 916 3873 et
973 3809 1238 3873 Folkeri
1300 3809 1493 3873 electi
1555 3807 2043 3873 Gibelethensis
2102 3807 2547 3893 predictorum
2607 3809 2869 3895 propria
2930 3831 3129 3874 manu
3176 3811 3404 3896 scripsi
3450 3816 3521 3876 et
3564 3812 3636 3877 in

582 3911 750 3977 hanc
793 3913 1123 4000 publicam
1169 3913 1442 3978 formam
1490 3912 1719 3998 redegi
1765 3914 2081 3999 signoque
2128 3933 2275 3977 meo
2322 3913 2514 3978 solito
2563 3918 2631 3977 et
2675 3919 2990 3979 consueto
3038 3913 3292 3999 signavi
3337 3915 3408 3979 in
3456 3915 3640 3980 testi-

589 4019 878 4083 monium
921 4020 1402 4104 premissorum.
3648 4095 3651 4097 .

803 4123 987 4189 Nulli
1032 4144 1186 4208 ergo
1235 4123 1497 4189 omnino
1545 4122 1796 4187 homini
1835 4122 2032 4187 liceat
2065 4121 2235 4187 hanc
2265 4123 2574 4209 paginam
2606 4129 2829 4188 nostre
2862 4123 3376 4190 confirmationis
3403 4123 3635 4189 infrin-

583 4249 736 4314 gere
795 4230 901 4295 vel
957 4230 1018 4294 ei
1064 4250 1228 4294 ausu
1276 4230 1623 4295 temerario
1671 4229 2018 4294 contraire.
2116 4228 2188 4293 Si
2236 4229 2381 4315 quis
2427 4235 2648 4294 autem
2693 4228 2818 4294 hoc
2862 4233 3256 4316 attemptare
3303 4250 3646 4318 presump-

584 4335 774 4416 serit,
835 4334 1353 4420 indignationem
1406 4335 1877 4419 omnipotentis
1923 4334 2051 4398 Dei
2099 4340 2168 4399 et
2213 4334 2557 4398 beatorum
2602 4334 2786 4399 Petri
2832 4339 2900 4399 et
2944 4334 3140 4399 Pauli
3187 4335 3636 4422 apostolorum

583 4441 724 4526 ejus
786 4460 857 4505 se
914 4440 1171 4504 noverit
1215 4439 1649 4504 incursurum.
1722 4440 1874 4504 Dat.
1922 4438 2291 4523 Avinione,
2339 4437 2550 4504 XIIII
2594 4438 2705 4504 Kl.
2754 4439 3170 4524 Decembris,
3218 4441 3646 4528 pontificatus

582 4545 788 4609 nostri
833 4564 1007 4609 anno
1056 4550 1245 4609 sexto
1291 4545 1462 4629 (sic).
1494 4545 1546 4627 1)

995 4676 1119 4738 Ray.
1159 4677 1255 4725 Ac.
1301 4677 1355 4724 T.
1390 4675 1482 4737 20,
1517 4677 1577 4739 s.
1615 4674 1726 4725 707.
1793 4676 2160 4740 Apoqrapluam
2191 4676 2248 4724 in
2282 4675 2485 4724 archivo
2519 4675 2698 4725 Stante
2730 4676 3210 4742 Baga-Gontiana,
3259 4682 3677 4747 transsumptum·

921 4773 1022 4823 per
1065 4759 1278 4808 ,Festum
1322 4760 1383 4807 dc
1439 4758 1680 4807 Volleuho
1725 4758 1957 4807 clericum
2011 4761 2153 4823 Traj.
2187 4757 2339 4808 dioec.
2356 4795 2371 4821 ,
2416 4758 2673 4807 notarium
2696 4758 2977 4823 public-mn,
3024 4758 3081 4808 iu
3110 4759 3315 4823 „Risen
3349 4760 3490 4811 dicte
3523 4759 3655 4810 Tra-

926 4839 1179 4903 ,iectensis
1220 4840 1443 4890 diocesis
1487 4840 1544 4889 in
1591 4840 1744 4889 domo
1789 4839 2135 4889 habitationis
2181 4840 2373 4903 prefati
2408 4874 2423 4889 .
2440 4875 2453 4889 .
2480 4875 2493 4889 .
2511 4875 2525 4890 .
2562 4838 2771 4890 Folkeri
2804 4840 3035 4905 episcopi
3070 4839 3520 4906 Gibelethensis,”
3570 4842 3656 4892 die

937 4922 970 4971 2
1009 4922 1236 4973 Octobris
1269 4940 1353 4974 an.
1392 4920 1544 4986 1364,
1578 4949 1647 4959 —
1678 4923 1734 4971 in
1766 4923 1951 4972 charta
1982 4923 2310 4973 membrum.
2696 4938 2701 4943 '

731 5068 788 5131 1)
824 5067 906 5118 Ita
939 5067 1068 5133 Reg.
1102 5068 1221 5133 Av.,
1255 5070 1345 5119 sed
1368 5071 1746 5144 'apographum
1783 5066 2304 5133 Uaga-Comitanum
2336 5073 2481 5118 recte
2515 5068 2697 5119 habet:
2734 5082 2877 5119 anno
2909 5071 3164 5134 septimo,
3199 5070 3266 5119 ad
3297 5084 3459 5134 quem
3483 5075 3656 5121 totum

573 5153 670 5203 hoc
704 5150 937 5218 Registri
973 5153 1218 5204 volumen
1254 5154 1503 5218 pertinet.
