4450 6684
1968 563 2457 630 Inmonuono.
3648 581 3738 628 nv

692 801 886 867 quam
950 779 1120 844 forte
1181 783 1572 864 congrueret
1634 784 2034 861 annuentes,
2100 778 2328 844 clienti
2390 800 2507 844 suo
2556 779 3023 846 conferendum
3069 781 3492 846 reservabant
3535 781 3737 847 bene-

688 885 903 950 ficium
968 885 1328 964 incertum,
1396 884 1582 967 cujus
1630 882 1970 969 dispositio
2019 883 2362 969 spectabat
2409 882 2491 947 ad
2541 883 2816 968 alicujus
2863 884 3176 950 ecclesiae
3225 885 3579 971 capitulum
3629 884 3736 950 vel

686 988 1067 1054 monasterii
1131 993 1528 1052 conventum
1587 989 1905 1073 cujusque
1952 986 2201 1052 fructus
2250 988 2454 1051 annui
2501 994 2751 1051 certum
2797 986 3086 1053 valorem
3132 1008 3265 1052 non
3312 987 3732 1053 excederent.

684 1091 905 1177 Hujus
972 1091 1212 1157 valoris
1278 1090 1521 1156 limites
1592 1089 1674 1154 ad
1747 1091 1832 1154 25
1903 1111 2152 1155 marcas
2224 1092 2519 1176 argenti,
2591 1091 2644 1155 si
2714 1090 3107 1156 beneficium
3174 1091 3451 1156 baberet
3512 1112 3733 1156 curam

686 1198 1047 1262 animarum
1096 1215 1452 1278 annexam,
1502 1193 1583 1259 ad
1639 1197 1719 1258 18
1766 1215 2049 1277 marcas,
2095 1195 2149 1258 si
2198 1194 2592 1261 beneficium
2639 1200 2815 1260 esset
2862 1195 3003 1259 sine
3050 1216 3233 1279 cura,
3280 1195 3479 1280 vulgo
3521 1195 3734 1260 deter-

682 1299 1103 1367 minabantur
1151 1299 1290 1384 (cfr.
1340 1321 1518 1364 num.
1573 1300 1739 1364 1451
1794 1300 1979 1385 seq.).

911 1404 1192 1489 Copiosa
1260 1402 1423 1468 haec
1491 1403 2008 1468 reservationum
2077 1402 2410 1487 papalium
2479 1402 2833 1466 multitudo
2898 1402 3056 1489 quin
3117 1402 3413 1488 plurimis
3461 1403 3728 1486 taediis,
3765 1421 4111 1487 Frequentium

689 1509 1006 1596 querelis,
1068 1507 1296 1572 litibus
1359 1527 1582 1571 ansam
1631 1505 1920 1588 dederit,
1982 1506 2266 1571 dubitari
2313 1526 2447 1571 non
2494 1510 2733 1591 potest.
2827 1507 3036 1571 Immo
3082 1507 3280 1572 vicini
3328 1511 3569 1591 nostri,
3617 1511 3729 1596 qui
3747 1491 4127 1608 'ffggtffffff

686 1635 726 1679 a
792 1611 1065 1679 meridie
1135 1611 1473 1693 incolunt,
1546 1611 1794 1675 scilicet
1854 1610 2199 1674 universus
2248 1610 2459 1674 clerus
2506 1608 2892 1674 Leodiensis
2942 1609 3352 1692 dioeceseos,
3409 1613 3579 1677 circa
3623 1634 3728 1678 an.
3798 1632 3849 1674 et
3883 1625 4075 1675 damna.

693 1720 864 1784 1350
927 1737 1006 1782 eo
1069 1738 1276 1803 usque
1338 1721 1816 1801 pervenerunt,
1867 1719 1941 1779 ut
1987 1714 2201 1778 enixis
2246 1713 2713 1800 petitionibus,
2764 1713 2847 1778 ad
2896 1713 3302 1779 Clementem
3350 1736 3584 1802 papam
3631 1717 3732 1782 VI

685 1822 1063 1903 destinatis,
1129 1819 1211 1885 de
1276 1820 1393 1884 tali
1453 1817 1928 1883 consuetudine
1989 1817 2333 1881 lamentati
2397 1825 2464 1882 et
2501 1819 2643 1902 jam
2691 1817 2895 1881 factas
2942 1818 3417 1884 reservationes
3465 1822 3732 1908 papales

684 1927 947 1992 omnino
1010 1923 1409 1990 revocandas
1473 1943 1781 2008 expresse
1845 1920 2178 2007 deprecati
2243 1921 2393 1984 sint.
2428 1922 2479 2004 ¹)
2569 1920 2758 1986 Idem
2821 1926 3042 1986 tamen
3102 1943 3240 1986 mos
3287 1924 3409 1988 sub
3456 1925 3730 1994 Pontifi-

683 2032 866 2097 cibus
934 2028 1512 2094 Avenionensibus
1581 2027 1892 2091 continuo
1963 2025 2219 2107 floruit,
2293 2034 2492 2111 atque
2569 2026 2891 2107 „maxime
2955 2027 3126 2091 circa
3168 2031 3599 2114 promotionis
3645 2035 3729 2099 ad

683 2134 922 2202 Sedem
990 2132 1439 2218 Apostolicam
1509 2130 1824 2195 exordia”
1898 2129 2254 2195 acervatim
2322 2130 2827 2195 reservabantur
2889 2131 3330 2197 ecclesiastica
3388 2134 3727 2203 beneficia.

680 2240 775 2306 At
838 2238 995 2326 quid
1059 2236 1343 2302 mirum?
1412 2234 1822 2300 Abundabat
1884 2254 2141 2321 semper
2202 2234 2382 2299 curia
2441 2234 2692 2321 papalis
2754 2234 3005 2299 clericis
3068 2235 3357 2324 undique
3405 2241 3726 2326 oriundis,

681 2345 793 2432 qui
855 2342 938 2409 ad
985 2341 1379 2408 beneficium
1426 2337 1856 2404 obtinendum
1904 2338 2208 2425 precibus
2257 2338 2393 2403 suis
2442 2338 2781 2404 Summum
2828 2337 3220 2405 Pontificem
3266 2342 3543 2428 fatigare
3589 2368 3729 2413 non

682 2448 1107 2514 desistebant.
1179 2442 1579 2529 Hujusmodi
1632 2442 2142 2528 „precistarum”
2192 2463 2402 2527 genus
2452 2442 2751 2511 etiam.in
2783 2443 3081 2528 partibus
3113 2447 3352 2510 nostris
3387 2447 3726 2535 despectui

680 2554 917 2635 fuisse,
966 2550 1199 2615 merito
1247 2549 1577 2613 asseritur.
1604 2548 1658 2630 2)
1751 2547 1920 2611 Nam
1969 2545 2052 2611 de
2098 2546 2241 2633 ipso
2289 2546 2650 2629 beneficio,
2700 2547 2877 2633 quod
2924 2547 3115 2613 avide
3162 2550 3410 2616 ambire
3459 2554 3726 2620 minime

679 2657 1059 2738 taeduerat,
1125 2654 1328 2718 semel
1388 2651 1657 2737 pacifice
1722 2651 2030 2733 obtento,
2093 2651 2337 2716 nedum
2411 2650 2493 2716 de
2564 2651 2775 2716 officio
2840 2651 2992 2717 huic
3039 2673 3300 2719 annexo
3348 2656 3726 2723 nullatenus

677 2762 1022 2844 curabant,
1074 2756 1426 2823 dummodo
1472 2757 1906 2844 proventibus
1953 2756 2257 2821 beneficii
2303 2755 2431 2820 frui
2476 2755 2707 2821 liceret
2754 2762 2951 2844 atque
2999 2758 3132 2822 suis
3177 2759 3444 2825 interim
3491 2761 3726 2827 studiis

676 2868 746 2932 in
791 2873 1022 2931 extera
1068 2861 1350 2951 quadam
1398 2862 1826 2926 universitate
1874 2860 1981 2925 vel
2026 2860 2171 2924 aliis
2218 2860 2501 2945 negotiis
2549 2859 2631 2924 ad
2678 2861 2938 2925 libitum
2985 2882 3056 2927 se
3104 2861 3365 2928 dedere.

897 2971 1046 3034 Hoc
1117 2974 1336 3032 autem
1406 2965 1600 3029 modo
1672 2965 1994 3029 beneficia
2056 2964 2497 3030 ecclesiastica
2544 2985 2583 3028 a
2629 2965 2854 3029 nativa
2899 2987 3018 3030 sua
3063 2966 3284 3032 indole
3329 2969 3723 3056 propriaque

677 3081 850 3140 sorte
922 3093 1118 3159 quam
1165 3070 1469 3135 facillime
1519 3068 1797 3133 deficere
1845 3069 2019 3133 illico
2067 3075 2274 3155 patet.
2368 3068 2475 3133 Ita
2520 3090 2757 3156 nempe
2804 3089 2937 3134 non
2986 3077 3281 3137 remanet
3328 3073 3723 3145 beneficium

672 3180 797 3245 nisi
860 3176 1374 3243 emolumentum
1436 3179 1505 3237 et
1569 3171 1981 3237 commodum
2027 3173 2450 3259 possessoris,
2508 3173 2771 3259 penitus
2817 3179 3040 3239 tamen
3088 3176 3342 3240 tollitur
3389 3182 3721 3265 tamquam

675 3284 956 3349 officium
1022 3279 1104 3344 ad
1166 3279 1429 3344 laudem
1478 3278 1604 3342 Dei
1651 3276 2176 3364 omnipotentis,
2238 3277 2307 3341 in
2354 3276 2684 3342 Ecclesiae
2733 3275 2931 3342 decus
2980 3283 3048 3344 et
3096 3288 3588 3365 ornamentum,
3636 3282 3721 3346 ad

673 3388 953 3453 salutem
1022 3385 1385 3450 animarum
1454 3382 1854 3446 institutum.
1948 3380 2256 3446 Profecto
2315 3379 2471 3446 dum
2517 3381 2643 3445 isto
2694 3387 2988 3467 tempore
3034 3383 3461 3469 precistarum
3509 3405 3719 3471 genus

671 3499 805 3557 tam
850 3491 1025 3555 laete
1073 3507 1372 3552 crescens
1417 3485 1752 3567 videmus,
1813 3485 2161 3570 multiplex
2210 3485 2522 3550 damnum
2568 3486 2902 3551 Ecclesiae
2950 3487 3041 3552 sic
3087 3489 3343 3554 illatum
3391 3511 3524 3555 non
3570 3514 3719 3579 pos·

670 3617 891 3662 sumus
963 3613 1096 3658 non
1165 3590 1387 3655 dolere
1456 3589 1923 3676 aptissimeque
1986 3589 2275 3675 Philippi
2342 3590 2625 3655 Rovenii
2689 3591 3154 3678 redargutione
3217 3594 3318 3658 uti
3378 3598 3714 3679 congruit:

676 3700 890 3782 „Quot
948 3698 1072 3762 viri
1134 3695 1593 3778 ecclesiastici,
1657 3695 1769 3780 qui
1831 3699 2004 3757 totos
2069 3693 2207 3758 dies
2272 3694 2475 3758 ociosi
2536 3699 2894 3779 vagantur,
2962 3703 3344 3782 magnatum
3409 3702 3591 3767 aulas
3647 3711 3717 3769 et

667 3803 912 3893 palatia
956 3798 1294 3882 obsident,
1345 3804 1669 3864 venantur
1714 3797 2034 3863 beneficia
2081 3802 2149 3862 et
2194 3819 2343 3863 cum
2397 3797 2716 3862 deberent
2764 3819 2907 3863 esse
2948 3800 3307 3887 piscatores
3344 3803 3712 3891 hominum,

668 3909 837 3972 fiunt
889 3906 1246 3992 piscatores
1310 3902 1867 3990 praebendarum,
1932 3921 2050 3988 pro
2114 3901 2352 3988 quibus
2416 3921 2612 3987 saepe
2659 3902 2980 3987 litigando
3029 3925 3099 3968 se
3148 3910 3216 3969 et
3264 3927 3382 3971 sua
3426 3908 3715 3994 perdunt

667 4017 734 4077 et
778 4006 1236 4076 consumunt.”
1270 4007 1325 4090 3)
3507 4010 3510 4013 ⁴

887 4115 965 4179 Β.
1060 4112 1465 4196 Dispensatio
1510 4132 1701 4195 super
1734 4110 2128 4194 pluralitate
2174 4109 2607 4193 beneficiorum
2642 4111 3018 4199 saepissime
3057 4113 3126 4177 in
3159 4113 3449 4179 Bullario
3482 4123 3707 4183 nostro
3727 4132 3870 4197 Quod
3902 4138 3965 4188 aa
3997 4140 4104 4205 plu-

668 4220 962 4286 occurrit.
1054 4218 1259 4282 Porro
1331 4214 1787 4278 simultaneam
1859 4213 2294 4299 complurium
2366 4214 2833 4279 beneficiorum
2902 4217 3381 4302 possessionem
3443 4221 3583 4304 jam
3638 4221 3709 4286 in
3731 4202 4096 4325 rssffissffl'e'

663 4324 1037 4390 Canonibus
1084 4317 1553 4405 antiquissimis
1599 4318 1871 4381 vetitam
1917 4316 2215 4402 legimus.
2244 4320 2300 4400 4)
2379 4318 2674 4383 Eandem
2721 4319 3101 4385 Decretales
3148 4320 3448 4407 Gregorii
3493 4344 3704 4411 papae
3781 4339 4041 4407 disciplina

658 4427 761 4493 IX
806 4432 875 4493 et
907 4426 1204 4491 diversae
1236 4424 1378 4508 ejus
1411 4442 1854 4486 successorum
1890 4421 2423 4487 constitutiones
2453 4422 2818 4488 identidem
2848 4424 3220 4510 prohibent.
3249 4427 3304 4509 ὃ)
3361 4426 3453 4490 Ut
3486 4435 3707 4493 autem
3743 4408 4081 4461 Wlffli'fflffl·

659 4531 828 4597 bene
896 4530 1339 4614 intelligatur,
1415 4524 1742 4611 quomodo
1816 4524 2286 4589 beneficiorum
2355 4526 2695 4613 pluralitas
2758 4528 2894 4612 juri
2963 4528 3275 4593 canonico
3346 4537 3705 4617 repugnat,

660 4632 1195 4720 distinguendum
1243 4636 1344 4695 est
1389 4630 1564 4693 inter
1608 4628 1931 4693 beneficia
1978 4628 2265 4714 duplicia
2312 4636 2380 4694 et
2427 4630 2764 4717 simplicia.
2832 4631 3003 4696 Sunt
3038 4632 3359 4697 beneficia
3391 4633 3704 4720 duplicia,

661 4739 894 4827 quibus
955 4743 1216 4825 praeter
1278 4752 1622 4798 commune
1679 4732 1858 4796 chori
1906 4737 2020 4797 aut
2067 4733 2291 4797 altaris
2339 4734 2676 4799 servitium
2724 4735 2891 4800 aliae
2938 4741 3158 4821 partes
3205 4736 3704 4805 inhaerescunt:

658 4842 864 4908 veluti
895 4841 1284 4926 dignitates,
1318 4837 1554 4924 quibus
1584 4837 1853 4923 insuper
1892 4836 2264 4922 jurisdictio
2299 4837 2684 4923 spiritualis,
2718 4847 3136 4925 personatus,
3171 4840 3408 4927 quibus
3439 4842 3705 4907 honoris

816 5215 874 5279 1)
908 5215 1180 5264 Analecta
1206 5228 1342 5278 pom·
1376 5210 1537 5262 servir
1572 5209 1605 5259 ὰ
1639 5210 1793 5259 ΖἿιίσί.
1829 5211 1944 5259 eccl.
1977 5211 2039 5259 de
2071 5210 2124 5259 Ζα
2162 5209 2409 5274 Belqiqus
2443 5208 2554 5260 XV.
2592 5208 2658 5260 28
2692 5223 2802 5273 seq.

816 5296 873 5360 2)
908 5296 1014 5345 cfr.
1052 5294 1175 5345 Mon
1212 5291 1683 5357 Kerkyeschiedenis
1720 5290 1787 5341 11.
1822 5302 1860 5341 1.
1897 5289 1998 5340 399
2032 5305 2141 5356 seq.

817 5376 874 5441 3)
917 5378 1189 5426 Tractatum
1222 5377 1282 5423 do
1318 5372 1649 5423 Min-ionibus
1684 5371 1926 5434 (Lovanii
1968 5370 2118 5433 1624)
2155 5387 2203 5434 p.
2238 5372 2285 5423 4.

817 5459 875 5522 4)
911 5457 1062 5509 Decr.
1108 5457 1277 5521 prima
1324 5456 1455 5505 Pars
1490 5454 1622 5504 nist.
1657 5452 1816 5503 LXX.
1853 5467 1968 5502 can.
2005 5451 2037 5501 2
2071 5458 2125 5502 et
2160 5452 2296 5503 nist.
2332 5451 2620 5502 LXXXIX.
2654 5465 2771 5501 can.
2805 5448 2862 5514 1;
2912 5450 3144 5501 secunda
3181 5450 3312 5501 Pars
3347 5450 3517 5502 Causa
3551 5451 3696 5503 XXI.

649 5553 738 5604 qu·
775 5538 1106 5682 Ῑὲξαὲἒὲτέι.
1142 5537 1296 5682 greg.
1331 5616 1443 5667 Lib.
1480 5614 1574 5664 ΙΙΙ.
1609 5613 1710 5665 Tit.
1746 5613 1834 5664 lv.
1870 5628 1982 5677 cap.
2020 5611 2054 5663 3
2086 5619 2138 5663 et
2173 5612 2273 5664 Tit.
2311 5610 2371 5662 V.
2406 5626 2555 5675 capp.
2590 5610 2642 5675 7,
2679 5611 2769 5673 14,
2805 5608 2895 5673 15,
2933 5608 3026 5673 283
3078 5609 3225 5660 Sexti
3259 5573 3466 5661 Deci-et.
3501 5611 3615 5662 Lib.
3652 5612 3694 5662 Ι.

647 5699 749 5751 Tit.
795 5698 936 5751 xvl.
970 5713 1082 5763 cap.
1115 5697 1174 5760 1;
1221 5698 1495 5763 Extravag.
1532 5695 1609 5747 Jo.
1645 5694 1815 5746 XXII.
1850 5693 1952 5746 Tit.
1989 5694 2084 5745 111.
2120 5708 2232 5758 cap.
2269 5692 2297 5742 1
2336 5696 2390 5743 et
2424 5691 2634 5742 Exuav.
2670 5706 2938 5742 commun.
2973 5690 3087 5742 Lib.
3124 5689 3221 5741 111.
3254 5689 3355 5742 Tit.
3393 5690 3460 5742 ΙΙ.
3495 5706 3609 5756 cap.
3642 5691 3691 5742 4.
