<?xml version="1.0" encoding="UTF-8"?>
<!DOCTYPE html PUBLIC "-//W3C//DTD XHTML 1.0 Transitional//EN"
    "http://www.w3.org/TR/xhtml1/DTD/xhtml1-transitional.dtd">
<html xmlns="http://www.w3.org/1999/xhtml" xml:lang="en" lang="en">
 <head>
  <title>
</title>
<meta http-equiv="Content-Type" content="text/html;charset=utf-8" />
  <meta name='ocr-system' content='tesseract 3.04.00' />
  <meta name='ocr-capabilities' content='ocr_page ocr_carea ocr_par ocr_line ocrx_word'/>
</head>
<body>
  <div class='ocr_page' id='page_1' title='image "./bullariumtrajec00nethgoog_0391.png"; bbox 0 0 4450 6684; ppageno 0'>
   <div class='ocr_carea' id='block_1_1' title="bbox 1878 531 3704 598">
    <p class='ocr_par' dir='ltr' id='par_1_1' title="bbox 1878 531 3704 598">
     <span class='ocr_line' id='line_1_1' title="bbox 1878 531 3704 598; baseline -0.001 0"><span class='ocrx_word' id='word_1_1' title='bbox 1878 532 2284 598; x_wconf 74' lang='lat' dir='ltr'>Gnsoonms</span> <span class='ocrx_word' id='word_1_2' title='bbox 2327 531 2452 596; x_wconf 85' lang='lat' dir='ltr'>XI.</span> <span class='ocrx_word' id='word_1_3' title='bbox 3573 533 3704 598; x_wconf 87' lang='grc'>289</span> 
     </span>
    </p>
   </div>
   <div class='ocr_carea' id='block_1_2' title="bbox 626 751 3702 1909">
    <p class='ocr_par' dir='ltr' id='par_1_2' title="bbox 626 751 3702 1909">
     <span class='ocr_line' id='line_1_2' title="bbox 634 751 3694 841; baseline 0 -22"><span class='ocrx_word' id='word_1_4' title='bbox 634 753 915 820; x_wconf 80' lang='lat' dir='ltr'>faciendi</span> <span class='ocrx_word' id='word_1_5' title='bbox 960 753 1293 818; x_wconf 79' lang='lat' dir='ltr'>licentiam</span> <span class='ocrx_word' id='word_1_6' title='bbox 1342 752 1699 818; x_wconf 81' lang='lat' dir='ltr'>concedere</span> <span class='ocrx_word' id='word_1_7' title='bbox 1747 751 2184 838; x_wconf 88' lang='lat' dir='ltr'>dignaremur.</span> <span class='ocrx_word' id='word_1_8' title='bbox 2279 751 2417 817; x_wconf 85' lang='lat' dir='ltr'>Nos</span> <span class='ocrx_word' id='word_1_9' title='bbox 2463 752 2692 837; x_wconf 83' lang='lat' dir='ltr'>igitur,</span> <span class='ocrx_word' id='word_1_10' title='bbox 2751 752 3125 838; x_wconf 88' lang='lat' dir='ltr'>hujusmodi</span> <span class='ocrx_word' id='word_1_11' title='bbox 3170 752 3501 820; x_wconf 80' lang='lat' dir='ltr'>laudabile</span> <span class='ocrx_word' id='word_1_12' title='bbox 3549 775 3694 841; x_wconf 90' lang='lat' dir='ltr'>pro-</span> 
     </span>
     <span class='ocr_line' id='line_1_3' title="bbox 632 857 3699 949; baseline -0.001 -22"><span class='ocrx_word' id='word_1_13' title='bbox 632 863 917 949; x_wconf 90' lang='lat' dir='ltr'>positum</span> <span class='ocrx_word' id='word_1_14' title='bbox 974 861 1424 948; x_wconf 90' lang='lat' dir='ltr'>multipliciter</span> <span class='ocrx_word' id='word_1_15' title='bbox 1467 860 1536 924; x_wconf 93' lang='lat' dir='ltr'>in</span> <span class='ocrx_word' id='word_1_16' title='bbox 1584 861 1866 926; x_wconf 92' lang='lat' dir='ltr'>Domino</span> <span class='ocrx_word' id='word_1_17' title='bbox 1915 857 2450 924; x_wconf 81' lang='lat' dir='ltr'>commendantes</span> <span class='ocrx_word' id='word_1_18' title='bbox 2497 880 2572 924; x_wconf 87' lang='lat' dir='ltr'>ac</span> <span class='ocrx_word' id='word_1_19' title='bbox 2619 860 2917 925; x_wconf 87' lang='lat' dir='ltr'>volentes</span> <span class='ocrx_word' id='word_1_20' title='bbox 2963 859 3123 926; x_wconf 91' lang='lat' dir='ltr'>illud</span> <span class='ocrx_word' id='word_1_21' title='bbox 3172 860 3501 926; x_wconf 82' lang='lat' dir='ltr'>favoribus</span> <span class='ocrx_word' id='word_1_22' title='bbox 3549 882 3699 949; x_wconf 89' lang='lat' dir='ltr'>pro·</span> 
     </span>
     <span class='ocr_line' id='line_1_4' title="bbox 633 961 3698 1056; baseline 0 -24"><span class='ocrx_word' id='word_1_23' title='bbox 633 969 815 1056; x_wconf 90' lang='lat' dir='ltr'>sequi</span> <span class='ocrx_word' id='word_1_24' title='bbox 864 961 1208 1054; x_wconf 83' lang='lat' dir='ltr'>graciosis,</span> <span class='ocrx_word' id='word_1_25' title='bbox 1262 965 1639 1053; x_wconf 89' lang='lat' dir='ltr'>hujusmodi</span> <span class='ocrx_word' id='word_1_26' title='bbox 1689 966 2283 1054; x_wconf 87' lang='lat' dir='ltr'>supplicacionibus</span> <span class='ocrx_word' id='word_1_27' title='bbox 2329 966 2624 1032; x_wconf 90' lang='lat' dir='ltr'>inclinati</span> <span class='ocrx_word' id='word_1_28' title='bbox 2671 967 3063 1032; x_wconf 84' lang='lat' dir='ltr'>fraternitati</span> <span class='ocrx_word' id='word_1_29' title='bbox 3111 974 3224 1033; x_wconf 90' lang='lat' dir='ltr'>tue</span> <span class='ocrx_word' id='word_1_30' title='bbox 3272 989 3390 1055; x_wconf 89' lang='lat' dir='ltr'>per</span> <span class='ocrx_word' id='word_1_31' title='bbox 3434 973 3698 1055; x_wconf 88' lang='lat' dir='ltr'>aposto·</span> 
     </span>
     <span class='ocr_line' id='line_1_5' title="bbox 632 1071 3689 1162; baseline -0.001 -23"><span class='ocrx_word' id='word_1_32' title='bbox 632 1077 759 1141; x_wconf 88' lang='lat' dir='ltr'>lica</span> <span class='ocrx_word' id='word_1_33' title='bbox 804 1075 1047 1162; x_wconf 87' lang='lat' dir='ltr'>scripta</span> <span class='ocrx_word' id='word_1_34' title='bbox 1091 1072 1507 1157; x_wconf 88' lang='lat' dir='ltr'>mandamus,</span> <span class='ocrx_word' id='word_1_35' title='bbox 1555 1073 1864 1160; x_wconf 83' lang='lat' dir='ltr'>quatinus</span> <span class='ocrx_word' id='word_1_36' title='bbox 1911 1071 2157 1138; x_wconf 92' lang='lat' dir='ltr'>eisdem</span> <span class='ocrx_word' id='word_1_37' title='bbox 2204 1072 2487 1137; x_wconf 89' lang='lat' dir='ltr'>scabinis</span> <span class='ocrx_word' id='word_1_38' title='bbox 2520 1079 2588 1138; x_wconf 90' lang='lat' dir='ltr'>et</span> <span class='ocrx_word' id='word_1_39' title='bbox 2619 1074 3113 1160; x_wconf 88' lang='lat' dir='ltr'>preconsulibus</span> <span class='ocrx_word' id='word_1_40' title='bbox 3146 1079 3214 1139; x_wconf 91' lang='lat' dir='ltr'>et</span> <span class='ocrx_word' id='word_1_41' title='bbox 3243 1075 3689 1157; x_wconf 83' lang='lat' dir='ltr'>universitati,</span> 
     </span>
     <span class='ocr_line' id='line_1_6' title="bbox 634 1178 3696 1269; baseline -0.001 -22"><span class='ocrx_word' id='word_1_42' title='bbox 634 1189 977 1269; x_wconf 88' lang='lat' dir='ltr'>postquam</span> <span class='ocrx_word' id='word_1_43' title='bbox 1041 1181 1472 1246; x_wconf 84' lang='lat' dir='ltr'>sufficientem</span> <span class='ocrx_word' id='word_1_44' title='bbox 1537 1178 1756 1246; x_wconf 91' lang='lat' dir='ltr'>dotem</span> <span class='ocrx_word' id='word_1_45' title='bbox 1806 1181 2005 1265; x_wconf 84' lang='lat' dir='ltr'>juxta</span> <span class='ocrx_word' id='word_1_46' title='bbox 2052 1185 2164 1244; x_wconf 89' lang='lat' dir='ltr'>tue</span> <span class='ocrx_word' id='word_1_47' title='bbox 2215 1179 2624 1245; x_wconf 87' lang='lat' dir='ltr'>discretionis</span> <span class='ocrx_word' id='word_1_48' title='bbox 2672 1181 3011 1246; x_wconf 85' lang='lat' dir='ltr'>arbitrium</span> <span class='ocrx_word' id='word_1_49' title='bbox 3058 1179 3528 1246; x_wconf 89' lang='lat' dir='ltr'>moderandum</span> <span class='ocrx_word' id='word_1_50' title='bbox 3576 1201 3696 1268; x_wconf 90' lang='lat' dir='ltr'>pro</span> 
     </span>
     <span class='ocr_line' id='line_1_7' title="bbox 633 1286 3686 1376; baseline -0 -23"><span class='ocrx_word' id='word_1_51' title='bbox 633 1289 1112 1355; x_wconf 86' lang='lat' dir='ltr'>sustentatione</span> <span class='ocrx_word' id='word_1_52' title='bbox 1168 1289 1372 1375; x_wconf 88' lang='lat' dir='ltr'>ipsius</span> <span class='ocrx_word' id='word_1_53' title='bbox 1419 1286 1768 1374; x_wconf 88' lang='lat' dir='ltr'>capellani,</span> <span class='ocrx_word' id='word_1_54' title='bbox 1820 1286 1978 1351; x_wconf 90' lang='lat' dir='ltr'>inibi</span> <span class='ocrx_word' id='word_1_55' title='bbox 2027 1292 2347 1373; x_wconf 87' lang='lat' dir='ltr'>perpetuo</span> <span class='ocrx_word' id='word_1_56' title='bbox 2395 1286 2736 1352; x_wconf 85' lang='lat' dir='ltr'>Altissimo</span> <span class='ocrx_word' id='word_1_57' title='bbox 2785 1287 3126 1370; x_wconf 90' lang='lat' dir='ltr'>servituri,</span> <span class='ocrx_word' id='word_1_58' title='bbox 3176 1287 3388 1353; x_wconf 89' lang='lat' dir='ltr'>eidem</span> <span class='ocrx_word' id='word_1_59' title='bbox 3436 1288 3686 1376; x_wconf 91' lang='lat' dir='ltr'>capelle</span> 
     </span>
     <span class='ocr_line' id='line_1_8' title="bbox 632 1392 3696 1483; baseline -0 -23"><span class='ocrx_word' id='word_1_60' title='bbox 632 1397 1142 1483; x_wconf 83' lang='lat' dir='ltr'>assignaverint,</span> <span class='ocrx_word' id='word_1_61' title='bbox 1203 1395 1523 1483; x_wconf 86' lang='lat' dir='ltr'>prefatam</span> <span class='ocrx_word' id='word_1_62' title='bbox 1587 1393 1903 1481; x_wconf 89' lang='lat' dir='ltr'>capellam</span> <span class='ocrx_word' id='word_1_63' title='bbox 1952 1413 2098 1458; x_wconf 92' lang='lat' dir='ltr'>cum</span> <span class='ocrx_word' id='word_1_64' title='bbox 2147 1392 2380 1459; x_wconf 89' lang='lat' dir='ltr'>eodem</span> <span class='ocrx_word' id='word_1_65' title='bbox 2431 1393 2622 1458; x_wconf 79' lang='lat' dir='ltr'>altari</span> <span class='ocrx_word' id='word_1_66' title='bbox 2674 1393 3095 1460; x_wconf 90' lang='lat' dir='ltr'>construendi</span> <span class='ocrx_word' id='word_1_67' title='bbox 3143 1400 3211 1460; x_wconf 89' lang='lat' dir='ltr'>et</span> <span class='ocrx_word' id='word_1_68' title='bbox 3257 1393 3576 1460; x_wconf 86' lang='lat' dir='ltr'>fundandi</span> <span class='ocrx_word' id='word_1_69' title='bbox 3626 1395 3696 1459; x_wconf 93' lang='lat' dir='ltr'>in</span> 
     </span>
     <span class='ocr_line' id='line_1_9' title="bbox 630 1500 3686 1590; baseline -0 -23"><span class='ocrx_word' id='word_1_70' title='bbox 630 1503 861 1570; x_wconf 90' lang='lat' dir='ltr'>eodem</span> <span class='ocrx_word' id='word_1_71' title='bbox 924 1502 1266 1590; x_wconf 90' lang='lat' dir='ltr'>hospitali,</span> <span class='ocrx_word' id='word_1_72' title='bbox 1328 1502 1593 1566; x_wconf 87' lang='lat' dir='ltr'>statutis</span> <span class='ocrx_word' id='word_1_73' title='bbox 1654 1501 2162 1588; x_wconf 89' lang='lat' dir='ltr'>provincialibus</span> <span class='ocrx_word' id='word_1_74' title='bbox 2211 1506 2279 1566; x_wconf 91' lang='lat' dir='ltr'>et</span> <span class='ocrx_word' id='word_1_75' title='bbox 2327 1500 2729 1566; x_wconf 86' lang='lat' dir='ltr'>sinodalibus</span> <span class='ocrx_word' id='word_1_76' title='bbox 2776 1523 2911 1566; x_wconf 90' lang='lat' dir='ltr'>non</span> <span class='ocrx_word' id='word_1_77' title='bbox 2959 1502 3371 1568; x_wconf 86' lang='lat' dir='ltr'>obstantibus</span> <span class='ocrx_word' id='word_1_78' title='bbox 3420 1503 3686 1589; x_wconf 92' lang='lat' dir='ltr'>quibus-</span> 
     </span>
     <span class='ocr_line' id='line_1_10' title="bbox 628 1608 3698 1697; baseline -0.001 -22"><span class='ocrx_word' id='word_1_79' title='bbox 628 1630 917 1697; x_wconf 89' lang='lat' dir='ltr'>cunque,</span> <span class='ocrx_word' id='word_1_80' title='bbox 956 1611 1107 1696; x_wconf 76' lang='lat' dir='ltr'>Jure</span> <span class='ocrx_word' id='word_1_81' title='bbox 1155 1609 1576 1696; x_wconf 87' lang='lat' dir='ltr'>parrochialis</span> <span class='ocrx_word' id='word_1_82' title='bbox 1627 1609 1899 1674; x_wconf 91' lang='lat' dir='ltr'>ecclesie</span> <span class='ocrx_word' id='word_1_83' title='bbox 1951 1614 2018 1673; x_wconf 93' lang='lat' dir='ltr'>et</span> <span class='ocrx_word' id='word_1_84' title='bbox 2060 1608 2415 1694; x_wconf 88' lang='lat' dir='ltr'>cujuslibet</span> <span class='ocrx_word' id='word_1_85' title='bbox 2447 1610 2719 1674; x_wconf 90' lang='lat' dir='ltr'>alterius</span> <span class='ocrx_word' id='word_1_86' title='bbox 2754 1611 2823 1673; x_wconf 92' lang='lat' dir='ltr'>in</span> <span class='ocrx_word' id='word_1_87' title='bbox 2857 1610 3159 1675; x_wconf 89' lang='lat' dir='ltr'>omnibus</span> <span class='ocrx_word' id='word_1_88' title='bbox 3192 1631 3450 1697; x_wconf 88' lang='lat' dir='ltr'>semper</span> <span class='ocrx_word' id='word_1_89' title='bbox 3482 1611 3698 1692; x_wconf 88' lang='lat' dir='ltr'>salvo,</span> 
     </span>
     <span class='ocr_line' id='line_1_11' title="bbox 627 1715 3702 1804; baseline -0 -22"><span class='ocrx_word' id='word_1_90' title='bbox 627 1719 887 1804; x_wconf 90' lang='lat' dir='ltr'>plenam</span> <span class='ocrx_word' id='word_1_91' title='bbox 937 1723 1004 1782; x_wconf 90' lang='lat' dir='ltr'>et</span> <span class='ocrx_word' id='word_1_92' title='bbox 1050 1717 1324 1782; x_wconf 85' lang='lat' dir='ltr'>liberam</span> <span class='ocrx_word' id='word_1_93' title='bbox 1372 1717 1763 1781; x_wconf 86' lang='lat' dir='ltr'>auctoritate</span> <span class='ocrx_word' id='word_1_94' title='bbox 1804 1716 2165 1803; x_wconf 87' lang='lat' dir='ltr'>apostolica</span> <span class='ocrx_word' id='word_1_95' title='bbox 2196 1715 2529 1780; x_wconf 90' lang='lat' dir='ltr'>licentiam</span> <span class='ocrx_word' id='word_1_96' title='bbox 2563 1716 2891 1802; x_wconf 81' lang='lat' dir='ltr'>largiaris3</span> <span class='ocrx_word' id='word_1_97' title='bbox 2939 1718 3083 1802; x_wconf 91' lang='lat' dir='ltr'>jure</span> <span class='ocrx_word' id='word_1_98' title='bbox 3117 1715 3411 1802; x_wconf 88' lang='lat' dir='ltr'>ejusdem</span> <span class='ocrx_word' id='word_1_99' title='bbox 3446 1716 3702 1804; x_wconf 89' lang='lat' dir='ltr'>capelle</span> 
     </span>
     <span class='ocr_line' id='line_1_12' title="bbox 626 1822 3700 1909; baseline -0.001 -20"><span class='ocrx_word' id='word_1_100' title='bbox 626 1825 872 1889; x_wconf 91' lang='lat' dir='ltr'>eisdem</span> <span class='ocrx_word' id='word_1_101' title='bbox 920 1824 1201 1890; x_wconf 85' lang='lat' dir='ltr'>scabinis</span> <span class='ocrx_word' id='word_1_102' title='bbox 1250 1829 1317 1888; x_wconf 89' lang='lat' dir='ltr'>et</span> <span class='ocrx_word' id='word_1_103' title='bbox 1363 1823 1863 1909; x_wconf 87' lang='lat' dir='ltr'>preconsulibus</span> <span class='ocrx_word' id='word_1_104' title='bbox 1912 1843 1987 1887; x_wconf 89' lang='lat' dir='ltr'>ac</span> <span class='ocrx_word' id='word_1_105' title='bbox 2035 1822 2450 1886; x_wconf 84' lang='lat' dir='ltr'>universitati</span> <span class='ocrx_word' id='word_1_106' title='bbox 2498 1822 2730 1888; x_wconf 90' lang='lat' dir='ltr'>eadem</span> <span class='ocrx_word' id='word_1_107' title='bbox 2778 1825 3169 1888; x_wconf 87' lang='lat' dir='ltr'>auctoritate</span> <span class='ocrx_word' id='word_1_108' title='bbox 3214 1824 3700 1909; x_wconf 89' lang='lat' dir='ltr'>imperpetuum</span> 
     </span>
    </p>
   </div>
   <div class='ocr_carea' id='block_1_3' title="bbox 625 1929 2651 2132">
    <p class='ocr_par' dir='ltr' id='par_1_3' title="bbox 625 1929 2651 2132">
     <span class='ocr_line' id='line_1_13' title="bbox 625 1929 2651 2017; baseline -0.001 -21"><span class='ocrx_word' id='word_1_109' title='bbox 625 1939 976 1998; x_wconf 81' lang='lat' dir='ltr'>reservato.</span> <span class='ocrx_word' id='word_1_110' title='bbox 1024 1932 1175 1997; x_wconf 90' lang='lat' dir='ltr'>Dat.</span> <span class='ocrx_word' id='word_1_111' title='bbox 1224 1932 1561 2017; x_wconf 88' lang='lat' dir='ltr'>Anagnie,</span> <span class='ocrx_word' id='word_1_112' title='bbox 1609 1931 1675 1995; x_wconf 90' lang='lat' dir='ltr'>X</span> <span class='ocrx_word' id='word_1_113' title='bbox 1721 1929 1832 1995; x_wconf 90' lang='lat' dir='ltr'>Kl.</span> <span class='ocrx_word' id='word_1_114' title='bbox 1882 1929 2075 2013; x_wconf 87' lang='lat' dir='ltr'>Julii,</span> <span class='ocrx_word' id='word_1_115' title='bbox 2129 1950 2302 1994; x_wconf 90' lang='lat' dir='ltr'>anno</span> <span class='ocrx_word' id='word_1_116' title='bbox 2351 1931 2651 2016; x_wconf 90' lang='lat' dir='ltr'>septimo.</span> 
     </span>
     <span class='ocr_line' id='line_1_14' title="bbox 1050 2065 1781 2132; baseline -0.001 -16"><span class='ocrx_word' id='word_1_117' title='bbox 1050 2068 1174 2132; x_wconf 60' lang='grc' dir='ltr'>περ.</span> <span class='ocrx_word' id='word_1_118' title='bbox 1209 2069 1307 2116; x_wconf 58' lang='lat' dir='ltr'>Aa.</span> <span class='ocrx_word' id='word_1_119' title='bbox 1354 2070 1407 2116; x_wconf 74' lang='lat' dir='ltr'>r.</span> <span class='ocrx_word' id='word_1_120' title='bbox 1442 2066 1530 2130; x_wconf 71' lang='lat'>⁶29,</span> <span class='ocrx_word' id='word_1_121' title='bbox 1555 2068 1611 2130; x_wconf 82' lang='lat' dir='ltr'>s.</span> <span class='ocrx_word' id='word_1_122' title='bbox 1645 2065 1781 2116; x_wconf 54' lang='lat' dir='ltr'>sisu.</span> 
     </span>
    </p>
   </div>
   <div class='ocr_carea' id='block_1_4' title="bbox 624 2489 2677 2577">
    <p class='ocr_par' dir='ltr' id='par_1_4' title="bbox 624 2489 2677 2577">
     <span class='ocr_line' id='line_1_15' title="bbox 624 2489 2677 2577; baseline -0 -22"><span class='ocrx_word' id='word_1_123' title='bbox 624 2489 817 2557; x_wconf 73' lang='lat'><strong>2261.</strong></span> <span class='ocrx_word' id='word_1_124' title='bbox 1649 2491 1830 2554; x_wconf 83' lang='lat'>1377</span> <span class='ocrx_word' id='word_1_125' title='bbox 1843 2538 1860 2572; x_wconf 93' lang='lat'>,</span> <span class='ocrx_word' id='word_1_126' title='bbox 1909 2490 2104 2555; x_wconf 81' lang='lat' dir='ltr'>Junii</span> <span class='ocrx_word' id='word_1_127' title='bbox 2148 2493 2270 2574; x_wconf 81' lang='lat'>27,</span> <span class='ocrx_word' id='word_1_128' title='bbox 2319 2492 2677 2577; x_wconf 77' lang='lat' dir='ltr'>Anaqniae.</span> 
     </span>
    </p>
   </div>
   <div class='ocr_carea' id='block_1_5' title="bbox 943 2642 3698 2730">
    <p class='ocr_par' dir='ltr' id='par_1_5' title="bbox 943 2642 3698 2730">
     <span class='ocr_line' id='line_1_16' title="bbox 943 2642 3698 2730; baseline -0 -23"><span class='ocrx_word' id='word_1_129' title='bbox 943 2642 1227 2708; x_wconf 77' lang='lat' dir='ltr'>Guidcni</span> <span class='ocrx_word' id='word_1_130' title='bbox 1296 2646 1393 2709; x_wconf 81' lang='lat' dir='ltr'>tit.</span> <span class='ocrx_word' id='word_1_131' title='bbox 1467 2644 1533 2708; x_wconf 80' lang='lat' dir='ltr'>S.</span> <span class='ocrx_word' id='word_1_132' title='bbox 1611 2643 1833 2708; x_wconf 82' lang='lat' dir='ltr'>Crucis</span> <span class='ocrx_word' id='word_1_133' title='bbox 1894 2646 1963 2709; x_wconf 86' lang='lat' dir='ltr'>in</span> <span class='ocrx_word' id='word_1_134' title='bbox 2024 2644 2389 2709; x_wconf 81' lang='lat' dir='ltr'>Jerusalem</span> <span class='ocrx_word' id='word_1_135' title='bbox 2441 2643 2811 2730; x_wconf 80' lang='lat' dir='ltr'>presbytero</span> <span class='ocrx_word' id='word_1_136' title='bbox 2878 2643 3217 2707; x_wconf 82' lang='lat' dir='ltr'>Cardinali</span> <span class='ocrx_word' id='word_1_137' title='bbox 3277 2642 3698 2725; x_wconf 81' lang='lat' dir='ltr'>conferuntur</span> 
     </span>
    </p>
   </div>
   <div class='ocr_carea' id='block_1_6' title="bbox 849 2750 3695 2943">
    <p class='ocr_par' dir='ltr' id='par_1_6' title="bbox 849 2750 3695 2943">
     <span class='ocr_line' id='line_1_17' title="bbox 853 2750 3695 2836; baseline -0.001 -21"><span class='ocrx_word' id='word_1_138' title='bbox 853 2752 1290 2834; x_wconf 68' lang='lat' dir='ltr'>canonicatu-3,</span> <span class='ocrx_word' id='word_1_139' title='bbox 1348 2750 1716 2836; x_wconf 79' lang='lat' dir='ltr'>praebenda</span> <span class='ocrx_word' id='word_1_140' title='bbox 1785 2759 1843 2815; x_wconf 87' lang='lat' dir='ltr'>et</span> <span class='ocrx_word' id='word_1_141' title='bbox 1910 2752 2411 2836; x_wconf 80' lang='lat' dir='ltr'>supplementum</span> <span class='ocrx_word' id='word_1_142' title='bbox 2432 2800 2449 2834; x_wconf 94' lang='lat'>,</span> <span class='ocrx_word' id='word_1_143' title='bbox 2519 2754 2589 2815; x_wconf 80' lang='lat' dir='ltr'>in</span> <span class='ocrx_word' id='word_1_144' title='bbox 2660 2752 2911 2816; x_wconf 83' lang='lat' dir='ltr'>ecclesia</span> <span class='ocrx_word' id='word_1_145' title='bbox 2982 2750 3163 2834; x_wconf 84' lang='lat' dir='ltr'>Traj.</span> <span class='ocrx_word' id='word_1_146' title='bbox 3227 2752 3520 2814; x_wconf 83' lang='lat' dir='ltr'>vacantia</span> <span class='ocrx_word' id='word_1_147' title='bbox 3569 2770 3695 2834; x_wconf 81' lang='lat' dir='ltr'>per</span> 
     </span>
     <span class='ocr_line' id='line_1_18' title="bbox 849 2858 3692 2943; baseline -0.001 -21"><span class='ocrx_word' id='word_1_148' title='bbox 849 2858 1082 2922; x_wconf 80' lang='lat' dir='ltr'>obitum</span> <span class='ocrx_word' id='word_1_149' title='bbox 1158 2858 1487 2923; x_wconf 84' lang='lat' dir='ltr'>Wilhelmi</span> <span class='ocrx_word' id='word_1_150' title='bbox 1545 2859 1701 2922; x_wconf 87' lang='lat' dir='ltr'>dicti</span> <span class='ocrx_word' id='word_1_151' title='bbox 1764 2858 2113 2923; x_wconf 85' lang='lat' dir='ltr'>Cardinael</span> <span class='ocrx_word' id='word_1_152' title='bbox 2157 2867 2217 2923; x_wconf 89' lang='lat' dir='ltr'>et</span> <span class='ocrx_word' id='word_1_153' title='bbox 2263 2859 2364 2922; x_wconf 85' lang='lat' dir='ltr'>die</span> <span class='ocrx_word' id='word_1_154' title='bbox 2410 2862 2499 2923; x_wconf 84' lang='lat'>27</span> <span class='ocrx_word' id='word_1_155' title='bbox 2547 2858 2863 2924; x_wconf 81' lang='lat' dir='ltr'>Januarii</span> <span class='ocrx_word' id='word_1_156' title='bbox 2895 2860 3189 2943; x_wconf 79' lang='lat' dir='ltr'>proaeime</span> <span class='ocrx_word' id='word_1_157' title='bbox 3234 2858 3445 2943; x_wconf 83' lang='lat' dir='ltr'>elapso</span> <span class='ocrx_word' id='word_1_158' title='bbox 3492 2858 3692 2921; x_wconf 84' lang='lat' dir='ltr'>colla·</span> 
     </span>
    </p>
   </div>
   <div class='ocr_carea' id='block_1_7' title="bbox 852 2965 3049 3051">
    <p class='ocr_par' dir='ltr' id='par_1_7' title="bbox 852 2965 3049 3051">
     <span class='ocr_line' id='line_1_19' title="bbox 852 2965 3049 3051; baseline -0 -22"><span class='ocrx_word' id='word_1_159' title='bbox 852 2966 1007 3029; x_wconf 85' lang='lat' dir='ltr'>tioni</span> <span class='ocrx_word' id='word_1_160' title='bbox 1050 2965 1214 3029; x_wconf 84' lang='lat' dir='ltr'>sedis</span> <span class='ocrx_word' id='word_1_161' title='bbox 1260 2966 1639 3050; x_wconf 80' lang='lat' dir='ltr'>apostolicae</span> <span class='ocrx_word' id='word_1_162' title='bbox 1684 2973 2024 3030; x_wconf 83' lang='lat' dir='ltr'>reservata.</span> <span class='ocrx_word' id='word_1_163' title='bbox 2079 3003 2160 3013; x_wconf 92' lang='lat'><strong>—</strong></span> <span class='ocrx_word' id='word_1_164' title='bbox 2212 2965 2634 3051; x_wconf 79' lang='lat' dir='ltr'>Deputantur</span> <span class='ocrx_word' id='word_1_165' title='bbox 2681 2972 3049 3030; x_wconf 78' lang='lat' dir='ltr'>executores.</span> 
     </span>
    </p>
   </div>
   <div class='ocr_carea' id='block_1_8' title="bbox 847 3143 3303 3348">
    <p class='ocr_par' dir='ltr' id='par_1_8' title="bbox 847 3143 3303 3348">
     <span class='ocr_line' id='line_1_20' title="bbox 847 3143 3303 3235; baseline -0.001 -24"><span class='ocrx_word' id='word_1_166' title='bbox 847 3147 1022 3213; x_wconf 91' lang='lat' dir='ltr'>Dum</span> <span class='ocrx_word' id='word_1_167' title='bbox 1070 3147 1485 3235; x_wconf 83' lang='lat' dir='ltr'>exquisitam.</span> <span class='ocrx_word' id='word_1_168' title='bbox 1515 3197 1529 3213; x_wconf 92' lang='lat'><strong>.</strong></span> <span class='ocrx_word' id='word_1_169' title='bbox 1558 3197 1575 3214; x_wconf 89' lang='lat'><strong>.</strong></span> <span class='ocrx_word' id='word_1_170' title='bbox 1604 3198 1619 3213; x_wconf 90' lang='lat'><strong>.</strong></span> <span class='ocrx_word' id='word_1_171' title='bbox 1669 3150 1823 3215; x_wconf 90' lang='lat' dir='ltr'>Dat.</span> <span class='ocrx_word' id='word_1_172' title='bbox 1874 3148 2216 3235; x_wconf 79' lang='lat' dir='ltr'>Anagnis,</span> <span class='ocrx_word' id='word_1_173' title='bbox 2264 3149 2328 3214; x_wconf 91' lang='lat' dir='ltr'><strong>V</strong></span> <span class='ocrx_word' id='word_1_174' title='bbox 2375 3148 2486 3213; x_wconf 83' lang='lat' dir='ltr'>Kl.</span> <span class='ocrx_word' id='word_1_175' title='bbox 2536 3146 2733 3229; x_wconf 88' lang='lat' dir='ltr'>Julii,</span> <span class='ocrx_word' id='word_1_176' title='bbox 2784 3167 2956 3211; x_wconf 89' lang='lat' dir='ltr'>anno</span> <span class='ocrx_word' id='word_1_177' title='bbox 3005 3143 3303 3232; x_wconf 90' lang='lat' dir='ltr'>septimo.</span> 
     </span>
     <span class='ocr_line' id='line_1_21' title="bbox 1041 3282 1745 3348; baseline 0.004 -17"><span class='ocrx_word' id='word_1_178' title='bbox 1041 3282 1165 3345; x_wconf 61' lang='grc' dir='ltr'>Περ.</span> <span class='ocrx_word' id='word_1_179' title='bbox 1201 3283 1297 3331; x_wconf 80' lang='lat' dir='ltr'>Av.</span> <span class='ocrx_word' id='word_1_180' title='bbox 1342 3284 1395 3332; x_wconf 80' lang='lat' dir='ltr'>T.</span> <span class='ocrx_word' id='word_1_181' title='bbox 1430 3282 1520 3345; x_wconf 83' lang='lat'>31,</span> <span class='ocrx_word' id='word_1_182' title='bbox 1544 3285 1605 3348; x_wconf 84' lang='lat' dir='ltr'>s.</span> <span class='ocrx_word' id='word_1_183' title='bbox 1639 3282 1745 3334; x_wconf 60' lang='lat'>90‘.</span> 
     </span>
    </p>
   </div>
   <div class='ocr_carea' id='block_1_9' title="bbox 621 3699 2671 3794">
    <p class='ocr_par' dir='ltr' id='par_1_9' title="bbox 621 3699 2671 3794">
     <span class='ocr_line' id='line_1_22' title="bbox 621 3699 2671 3794; baseline 0 -26"><span class='ocrx_word' id='word_1_184' title='bbox 621 3699 826 3769; x_wconf 71' lang='grc'><strong>2262.</strong></span> <span class='ocrx_word' id='word_1_185' title='bbox 1643 3710 1853 3794; x_wconf 88' lang='lat'>1377,</span> <span class='ocrx_word' id='word_1_186' title='bbox 1901 3707 2097 3773; x_wconf 85' lang='lat' dir='ltr'>Junii</span> <span class='ocrx_word' id='word_1_187' title='bbox 2142 3710 2264 3791; x_wconf 77' lang='lat'>27,</span> <span class='ocrx_word' id='word_1_188' title='bbox 2311 3707 2671 3792; x_wconf 72' lang='lat' dir='ltr'>Anayniae.</span> 
     </span>
    </p>
   </div>
   <div class='ocr_carea' id='block_1_10' title="bbox 843 3851 3693 4047">
    <p class='ocr_par' dir='ltr' id='par_1_10' title="bbox 843 3851 3693 4047">
     <span class='ocr_line' id='line_1_23' title="bbox 935 3851 3693 3946; baseline -0.003 -23"><span class='ocrx_word' id='word_1_189' title='bbox 935 3859 1393 3946; x_wconf 63' lang='lat' dir='ltr'>Infrascrzptis</span> <span class='ocrx_word' id='word_1_190' title='bbox 1437 3862 1806 3946; x_wconf 82' lang='lat' dir='ltr'>mandatur,</span> <span class='ocrx_word' id='word_1_191' title='bbox 1854 3870 1928 3927; x_wconf 87' lang='lat' dir='ltr'>ut</span> <span class='ocrx_word' id='word_1_192' title='bbox 1973 3862 2273 3927; x_wconf 79' lang='lat' dir='ltr'>Jolmnni</span> <span class='ocrx_word' id='word_1_193' title='bbox 2313 3862 2477 3926; x_wconf 85' lang='lat' dir='ltr'>dicto</span> <span class='ocrx_word' id='word_1_194' title='bbox 2519 3860 2744 3924; x_wconf 77' lang='lat' dir='ltr'>Tricht</span> <span class='ocrx_word' id='word_1_195' title='bbox 2773 3858 2849 3922; x_wconf 87' lang='lat' dir='ltr'>de</span> <span class='ocrx_word' id='word_1_196' title='bbox 2880 3854 3234 3921; x_wconf 79' lang='lat' dir='ltr'>Doseborclz</span> <span class='ocrx_word' id='word_1_197' title='bbox 3260 3854 3314 3938; x_wconf 93' lang='grc'>1)</span> <span class='ocrx_word' id='word_1_198' title='bbox 3359 3851 3693 3934; x_wconf 81' lang='lat' dir='ltr'>conferant</span> 
     </span>
     <span class='ocr_line' id='line_1_24' title="bbox 843 3957 3692 4047; baseline -0.004 -18"><span class='ocrx_word' id='word_1_199' title='bbox 843 3966 1054 4031; x_wconf 83' lang='lat' dir='ltr'>altare</span> <span class='ocrx_word' id='word_1_200' title='bbox 1114 3966 1182 4031; x_wconf 81' lang='lat' dir='ltr'>S.</span> <span class='ocrx_word' id='word_1_201' title='bbox 1248 3968 1438 4033; x_wconf 87' lang='lat' dir='ltr'>Petri</span> <span class='ocrx_word' id='word_1_202' title='bbox 1494 3970 1686 4034; x_wconf 84' lang='lat' dir='ltr'>situm</span> <span class='ocrx_word' id='word_1_203' title='bbox 1750 3972 1818 4033; x_wconf 84' lang='lat' dir='ltr'>in</span> <span class='ocrx_word' id='word_1_204' title='bbox 1880 3969 2135 4034; x_wconf 79' lang='lat' dir='ltr'>ecclesia</span> <span class='ocrx_word' id='word_1_205' title='bbox 2199 3969 2267 4033; x_wconf 87' lang='lat' dir='ltr'>S.</span> <span class='ocrx_word' id='word_1_206' title='bbox 2324 3968 2686 4032; x_wconf 81' lang='lat' dir='ltr'>Salvatoris</span> <span class='ocrx_word' id='word_1_207' title='bbox 2741 3965 2958 4047; x_wconf 86' lang='lat' dir='ltr'>Traj.,</span> <span class='ocrx_word' id='word_1_208' title='bbox 3023 3981 3253 4026; x_wconf 82' lang='lat' dir='ltr'>vacans</span> <span class='ocrx_word' id='word_1_209' title='bbox 3287 3979 3413 4044; x_wconf 83' lang='lat' dir='ltr'>per</span> <span class='ocrx_word' id='word_1_210' title='bbox 3458 3957 3692 4022; x_wconf 83' lang='lat' dir='ltr'>obitum</span> 
     </span>
    </p>
   </div>
   <div class='ocr_carea' id='block_1_11' title="bbox 856 4072 1630 4160">
    <p class='ocr_par' dir='ltr' id='par_1_11' title="bbox 856 4072 1630 4160">
     <span class='ocr_line' id='line_1_25' title="bbox 856 4072 1630 4160; baseline 0.006 -24"><span class='ocrx_word' id='word_1_211' title='bbox 856 4072 1221 4138; x_wconf 78' lang='lat' dir='ltr'>Theoderici</span> <span class='ocrx_word' id='word_1_212' title='bbox 1269 4074 1338 4138; x_wconf 90' lang='lat' dir='ltr'><em>H</em></span> <span class='ocrx_word' id='word_1_213' title='bbox 1343 4077 1630 4160; x_wconf 77' lang='lat' dir='ltr'>ulspape.</span> 
     </span>
    </p>
   </div>
   <div class='ocr_carea' id='block_1_12' title="bbox 624 4246 3684 4557">
    <p class='ocr_par' dir='ltr' id='par_1_12' title="bbox 624 4246 3684 4557">
     <span class='ocr_line' id='line_1_26' title="bbox 845 4246 3684 4340; baseline -0.004 -21"><span class='ocrx_word' id='word_1_214' title='bbox 845 4255 1119 4320; x_wconf 89' lang='lat' dir='ltr'>Dilectis</span> <span class='ocrx_word' id='word_1_215' title='bbox 1180 4257 1331 4322; x_wconf 91' lang='lat' dir='ltr'>filiis</span> <span class='ocrx_word' id='word_1_216' title='bbox 1390 4257 1865 4324; x_wconf 85' lang='lat' dir='ltr'>Arnhemensis</span> <span class='ocrx_word' id='word_1_217' title='bbox 1915 4266 1982 4325; x_wconf 91' lang='lat' dir='ltr'>et</span> <span class='ocrx_word' id='word_1_218' title='bbox 2029 4256 2470 4324; x_wconf 87' lang='lat' dir='ltr'>Embricensis</span> <span class='ocrx_word' id='word_1_219' title='bbox 2521 4251 2962 4340; x_wconf 75' lang='lat' dir='ltr'>TraJectensis</span> <span class='ocrx_word' id='word_1_220' title='bbox 3010 4250 3286 4315; x_wconf 90' lang='lat' dir='ltr'>diocesis</span> <span class='ocrx_word' id='word_1_221' title='bbox 3338 4246 3684 4335; x_wconf 84' lang='lat' dir='ltr'>prepositis</span> 
     </span>
     <span class='ocr_line' id='line_1_27' title="bbox 624 4356 2985 4431; baseline 0 -9"><span class='ocrx_word' id='word_1_222' title='bbox 624 4379 699 4422; x_wconf 88' lang='lat' dir='ltr'>ac</span> <span class='ocrx_word' id='word_1_223' title='bbox 747 4356 994 4425; x_wconf 89' lang='lat' dir='ltr'>decano</span> <span class='ocrx_word' id='word_1_224' title='bbox 1043 4362 1251 4426; x_wconf 87' lang='lat' dir='ltr'>sancti</span> <span class='ocrx_word' id='word_1_225' title='bbox 1297 4363 1566 4430; x_wconf 85' lang='lat' dir='ltr'>Andree</span> <span class='ocrx_word' id='word_1_226' title='bbox 1616 4364 2027 4431; x_wconf 84' lang='lat' dir='ltr'>Coloniensis</span> <span class='ocrx_word' id='word_1_227' title='bbox 2077 4365 2498 4429; x_wconf 89' lang='lat' dir='ltr'>ecclesiarum</span> <span class='ocrx_word' id='word_1_228' title='bbox 2547 4361 2827 4425; x_wconf 89' lang='lat' dir='ltr'>salutem</span> <span class='ocrx_word' id='word_1_229' title='bbox 2873 4366 2985 4423; x_wconf 84' lang='lat' dir='ltr'>etc.</span> 
     </span>
     <span class='ocr_line' id='line_1_28' title="bbox 843 4464 3265 4557; baseline -0.001 -27"><span class='ocrx_word' id='word_1_230' title='bbox 843 4466 1000 4531; x_wconf 88' lang='lat' dir='ltr'>Vite</span> <span class='ocrx_word' id='word_1_231' title='bbox 1047 4489 1122 4532; x_wconf 87' lang='lat' dir='ltr'>ac</span> <span class='ocrx_word' id='word_1_232' title='bbox 1169 4489 1443 4534; x_wconf 90' lang='lat' dir='ltr'>morum.</span> <span class='ocrx_word' id='word_1_233' title='bbox 1471 4518 1486 4533; x_wconf 91' lang='lat'><strong>.</strong></span> <span class='ocrx_word' id='word_1_234' title='bbox 1517 4517 1533 4534; x_wconf 90' lang='lat'><strong>.</strong></span> <span class='ocrx_word' id='word_1_235' title='bbox 1561 4519 1577 4535; x_wconf 91' lang='lat'><strong>.</strong></span> <span class='ocrx_word' id='word_1_236' title='bbox 1626 4471 1780 4537; x_wconf 89' lang='lat' dir='ltr'>Dat.</span> <span class='ocrx_word' id='word_1_237' title='bbox 1828 4471 2175 4557; x_wconf 85' lang='lat' dir='ltr'>Anagnie,</span> <span class='ocrx_word' id='word_1_238' title='bbox 2223 4471 2288 4536; x_wconf 84' lang='lat' dir='ltr'><strong>V</strong></span> <span class='ocrx_word' id='word_1_239' title='bbox 2335 4469 2444 4535; x_wconf 86' lang='lat' dir='ltr'>Kl.</span> <span class='ocrx_word' id='word_1_240' title='bbox 2496 4468 2695 4550; x_wconf 87' lang='lat' dir='ltr'>Julii,</span> <span class='ocrx_word' id='word_1_241' title='bbox 2744 4485 2917 4529; x_wconf 89' lang='lat' dir='ltr'>anno</span> <span class='ocrx_word' id='word_1_242' title='bbox 2965 4464 3265 4550; x_wconf 88' lang='lat' dir='ltr'>septimo.</span> 
     </span>
    </p>
   </div>
   <div class='ocr_carea' id='block_1_13' title="bbox 772 4602 1763 4795">
    <p class='ocr_par' dir='ltr' id='par_1_13' title="bbox 772 4602 1763 4795">
     <span class='ocr_line' id='line_1_29' title="bbox 1037 4602 1763 4671; baseline 0.004 -18"><span class='ocrx_word' id='word_1_243' title='bbox 1037 4604 1163 4667; x_wconf 67' lang='lat' dir='ltr'>Ray.</span> <span class='ocrx_word' id='word_1_244' title='bbox 1199 4606 1295 4655; x_wconf 80' lang='lat' dir='ltr'>Av.</span> <span class='ocrx_word' id='word_1_245' title='bbox 1337 4602 1400 4657; x_wconf 83' lang='lat' dir='ltr'>T.</span> <span class='ocrx_word' id='word_1_246' title='bbox 1434 4605 1524 4664; x_wconf 86' lang='grc'>31,</span> <span class='ocrx_word' id='word_1_247' title='bbox 1553 4608 1614 4671; x_wconf 86' lang='lat' dir='ltr'>s.</span> <span class='ocrx_word' id='word_1_248' title='bbox 1649 4606 1763 4657; x_wconf 66' lang='lat'>244.</span> 
     </span>
     <span class='ocr_line' id='line_1_30' title="bbox 772 4728 1152 4795; baseline 0.013 -19"><span class='ocrx_word' id='word_1_249' title='bbox 772 4728 828 4790; x_wconf 81' lang='grc'>1)</span> <span class='ocrx_word' id='word_1_250' title='bbox 864 4728 1152 4795; x_wconf 83' lang='lat' dir='ltr'>Doesburg.</span> 
     </span>
    </p>
   </div>
   <div class='ocr_carea' id='block_1_14' title="bbox 1850 4904 2438 4914">
    <p class='ocr_par' dir='ltr' id='par_1_14' title="bbox 1850 4904 2438 4914">
     <span class='ocr_line' id='line_1_31' title="bbox 1850 4904 2438 4914; baseline -0.005 -2"><span class='ocrx_word' id='word_1_251' title='bbox 1850 4907 2037 4914; x_wconf 52' lang='lat'>*—</span> <span class='ocrx_word' id='word_1_252' title='bbox 2092 4904 2438 4912; x_wconf 75' lang='lat'>.-.————--—-—-.</span> 
     </span>
    </p>
   </div>
   <div class='ocr_carea' id='block_1_15' title="bbox 619 5103 2708 5198">
    <p class='ocr_par' dir='ltr' id='par_1_15' title="bbox 619 5103 2708 5198">
     <span class='ocr_line' id='line_1_32' title="bbox 619 5103 2708 5198; baseline -0.001 -28"><span class='ocrx_word' id='word_1_253' title='bbox 619 5103 821 5172; x_wconf 78' lang='lat'><strong>2263.</strong></span> <span class='ocrx_word' id='word_1_254' title='bbox 1592 5114 1800 5196; x_wconf 88' lang='lat'>1377,</span> <span class='ocrx_word' id='word_1_255' title='bbox 1848 5113 2136 5198; x_wconf 73' lang='lat' dir='ltr'>Auyusti</span> <span class='ocrx_word' id='word_1_256' title='bbox 2183 5112 2298 5194; x_wconf 82' lang='lat'>21,</span> <span class='ocrx_word' id='word_1_257' title='bbox 2349 5107 2708 5192; x_wconf 74' lang='lat' dir='ltr'>Anaqniae.</span> 
     </span>
    </p>
   </div>
   <div class='ocr_carea' id='block_1_16' title="bbox 840 5249 3686 5671">
    <p class='ocr_par' dir='ltr' id='par_1_16' title="bbox 840 5249 3686 5671">
     <span class='ocr_line' id='line_1_33' title="bbox 932 5249 3685 5350; baseline -0.005 -25"><span class='ocrx_word' id='word_1_258' title='bbox 932 5261 1224 5328; x_wconf 81' lang='lat' dir='ltr'>Martino</span> <span class='ocrx_word' id='word_1_259' title='bbox 1268 5264 1550 5330; x_wconf 82' lang='lat' dir='ltr'>Martini</span> <span class='ocrx_word' id='word_1_260' title='bbox 1593 5265 1670 5329; x_wconf 89' lang='lat' dir='ltr'>de</span> <span class='ocrx_word' id='word_1_261' title='bbox 1714 5265 1963 5350; x_wconf 82' lang='lat' dir='ltr'>Delf(t)</span> <span class='ocrx_word' id='word_1_262' title='bbox 1997 5264 2374 5350; x_wconf 80' lang='lat' dir='ltr'>presbytero</span> <span class='ocrx_word' id='word_1_263' title='bbox 2430 5262 2612 5344; x_wconf 86' lang='lat' dir='ltr'>Traj.</span> <span class='ocrx_word' id='word_1_264' title='bbox 2663 5259 2852 5324; x_wconf 84' lang='lat' dir='ltr'>dioec.</span> <span class='ocrx_word' id='word_1_265' title='bbox 2885 5254 3242 5321; x_wconf 78' lang='lat' dir='ltr'>conceditur</span> <span class='ocrx_word' id='word_1_266' title='bbox 3272 5249 3685 5336; x_wconf 72' lang='lat' dir='ltr'>privileqium</span> 
     </span>
     <span class='ocr_line' id='line_1_34' title="bbox 841 5362 3679 5456; baseline -0.005 -25"><span class='ocrx_word' id='word_1_267' title='bbox 841 5368 1250 5436; x_wconf 80' lang='lat' dir='ltr'>absolutionis</span> <span class='ocrx_word' id='word_1_268' title='bbox 1284 5373 1623 5456; x_wconf 82' lang='lat' dir='ltr'>plenariae</span> <span class='ocrx_word' id='word_1_269' title='bbox 1668 5374 1736 5436; x_wconf 84' lang='lat' dir='ltr'>in</span> <span class='ocrx_word' id='word_1_270' title='bbox 1787 5372 2062 5437; x_wconf 86' lang='lat' dir='ltr'>articulo</span> <span class='ocrx_word' id='word_1_271' title='bbox 2108 5372 2361 5452; x_wconf 82' lang='lat' dir='ltr'>mortis,</span> <span class='ocrx_word' id='word_1_272' title='bbox 2395 5365 2731 5432; x_wconf 86' lang='lat' dir='ltr'>dummodo</span> <span class='ocrx_word' id='word_1_273' title='bbox 2761 5385 2886 5449; x_wconf 83' lang='lat' dir='ltr'>per</span> <span class='ocrx_word' id='word_1_274' title='bbox 2919 5370 3042 5426; x_wconf 82' lang='lat' dir='ltr'>tres</span> <span class='ocrx_word' id='word_1_275' title='bbox 3073 5378 3272 5424; x_wconf 85' lang='lat' dir='ltr'>annos</span> <span class='ocrx_word' id='word_1_276' title='bbox 3303 5377 3344 5420; x_wconf 86' lang='lat' dir='ltr'>a</span> <span class='ocrx_word' id='word_1_277' title='bbox 3378 5362 3679 5439; x_wconf 82' lang='lat' dir='ltr'>tempore,</span> 
     </span>
     <span class='ocr_line' id='line_1_35' title="bbox 840 5460 3677 5564; baseline -0.006 -25"><span class='ocrx_word' id='word_1_278' title='bbox 840 5496 964 5560; x_wconf 75' lang='lat' dir='ltr'>quo</span> <span class='ocrx_word' id='word_1_279' title='bbox 1026 5477 1176 5542; x_wconf 78' lang='lat' dir='ltr'>haec</span> <span class='ocrx_word' id='word_1_280' title='bbox 1230 5481 1448 5564; x_wconf 73' lang='lat' dir='ltr'>qratia</span> <span class='ocrx_word' id='word_1_281' title='bbox 1495 5478 1582 5543; x_wconf 83' lang='lat' dir='ltr'>ad</span> <span class='ocrx_word' id='word_1_282' title='bbox 1627 5480 1828 5563; x_wconf 81' lang='lat' dir='ltr'>ipsius</span> <span class='ocrx_word' id='word_1_283' title='bbox 1861 5479 2224 5564; x_wconf 80' lang='lat' dir='ltr'>pervenerit</span> <span class='ocrx_word' id='word_1_284' title='bbox 2271 5476 2596 5556; x_wconf 81' lang='lat' dir='ltr'>notitiam,</span> <span class='ocrx_word' id='word_1_285' title='bbox 2658 5471 2930 5557; x_wconf 74' lang='lat' dir='ltr'>sinyulis</span> <span class='ocrx_word' id='word_1_286' title='bbox 2972 5468 3158 5551; x_wconf 79' lang='lat' dir='ltr'>feriis</span> <span class='ocrx_word' id='word_1_287' title='bbox 3201 5464 3428 5543; x_wconf 75' lang='lat' dir='ltr'>sextis,</span> <span class='ocrx_word' id='word_1_288' title='bbox 3475 5460 3573 5524; x_wconf 84' lang='lat' dir='ltr'>vel</span> <span class='ocrx_word' id='word_1_289' title='bbox 3617 5460 3677 5522; x_wconf 81' lang='lat' dir='ltr'>si</span> 
     </span>
     <span class='ocr_line' id='line_1_36' title="bbox 847 5566 3686 5671; baseline -0.002 -26"><span class='ocrx_word' id='word_1_290' title='bbox 847 5590 992 5647; x_wconf 85' lang='lat' dir='ltr'>tunc</span> <span class='ocrx_word' id='word_1_291' title='bbox 1050 5605 1175 5649; x_wconf 86' lang='lat' dir='ltr'>non</span> <span class='ocrx_word' id='word_1_292' title='bbox 1225 5588 1513 5670; x_wconf 78' lang='lat' dir='ltr'>potuerit</span> <span class='ocrx_word' id='word_1_293' title='bbox 1573 5594 1687 5650; x_wconf 84' lang='lat' dir='ltr'>aut</span> <span class='ocrx_word' id='word_1_294' title='bbox 1748 5606 1825 5649; x_wconf 76' lang='lat' dir='ltr'>ex</span> <span class='ocrx_word' id='word_1_295' title='bbox 1855 5592 2197 5671; x_wconf 78' lang='lat' dir='ltr'>praecepto</span> <span class='ocrx_word' id='word_1_296' title='bbox 2245 5584 2531 5648; x_wconf 81' lang='lat' dir='ltr'>ecclesiae</span> <span class='ocrx_word' id='word_1_297' title='bbox 2561 5583 2711 5664; x_wconf 83' lang='lat' dir='ltr'>jam</span> <span class='ocrx_word' id='word_1_298' title='bbox 2757 5577 3069 5663; x_wconf 73' lang='lat' dir='ltr'>obliqatus</span> <span class='ocrx_word' id='word_1_299' title='bbox 3112 5572 3350 5657; x_wconf 81' lang='lat' dir='ltr'>fuerit,</span> <span class='ocrx_word' id='word_1_300' title='bbox 3397 5569 3532 5633; x_wconf 78' lang='lat' dir='ltr'>alia</span> <span class='ocrx_word' id='word_1_301' title='bbox 3577 5566 3686 5629; x_wconf 67' lang='lat' dir='ltr'>die</span> 
     </span>
    </p>
   </div>
   <div class='ocr_carea' id='block_1_17' title="bbox 837 5692 3459 5886">
    <p class='ocr_par' dir='ltr' id='par_1_17' title="bbox 837 5692 3459 5886">
     <span class='ocr_line' id='line_1_37' title="bbox 838 5692 2086 5777; baseline 0.002 -24"><span class='ocrx_word' id='word_1_302' title='bbox 838 5692 1243 5776; x_wconf 72' lang='lat' dir='ltr'>sinqularum</span> <span class='ocrx_word' id='word_1_303' title='bbox 1288 5694 1790 5777; x_wconf 83' lang='lat' dir='ltr'>septimanarum</span> <span class='ocrx_word' id='word_1_304' title='bbox 1822 5695 2086 5774; x_wconf 58' lang='lat' dir='ltr'>jq’unet.</span> 
     </span>
     <span class='ocr_line' id='line_1_38' title="bbox 837 5815 3459 5886; baseline -0.005 -2"><span class='ocrx_word' id='word_1_305' title='bbox 837 5826 923 5886; x_wconf 92' lang='lat'>11.</span> <span class='ocrx_word' id='word_1_306' title='bbox 3384 5815 3459 5872; x_wconf 78' lang='lat'>37</span> 
     </span>
    </p>
   </div>
  </div>
 </body>
</html>
