<?xml version="1.0" encoding="UTF-8"?>
<!DOCTYPE html PUBLIC "-//W3C//DTD XHTML 1.0 Transitional//EN"
    "http://www.w3.org/TR/xhtml1/DTD/xhtml1-transitional.dtd">
<html xmlns="http://www.w3.org/1999/xhtml" xml:lang="en" lang="en">
 <head>
  <title>
</title>
<meta http-equiv="Content-Type" content="text/html;charset=utf-8" />
  <meta name='ocr-system' content='tesseract 3.04.00' />
  <meta name='ocr-capabilities' content='ocr_page ocr_carea ocr_par ocr_line ocrx_word'/>
</head>
<body>
  <div class='ocr_page' id='page_1' title='image "./bullariumtrajec00nethgoog_0304.png"; bbox 0 0 4450 6684; ppageno 0'>
   <div class='ocr_carea' id='block_1_1' title="bbox 906 391 2732 459">
    <p class='ocr_par' dir='ltr' id='par_1_1' title="bbox 906 391 2732 459">
     <span class='ocr_line' id='line_1_1' title="bbox 906 391 2732 459; baseline 0.002 -3"><span class='ocrx_word' id='word_1_1' title='bbox 906 391 1036 456; x_wconf 83' lang='lat'><strong><em>206</em></strong></span> <span class='ocrx_word' id='word_1_2' title='bbox 2158 393 2564 459; x_wconf 68' lang='lat' dir='ltr'><strong><em>Gueonms</em></strong></span> <span class='ocrx_word' id='word_1_3' title='bbox 2607 393 2732 459; x_wconf 85' lang='lat' dir='ltr'><strong><em>XI.</em></strong></span> 
     </span>
    </p>
   </div>
   <div class='ocr_carea' id='block_1_2' title="bbox 899 609 3192 700">
    <p class='ocr_par' dir='ltr' id='par_1_2' title="bbox 899 609 3192 700">
     <span class='ocr_line' id='line_1_2' title="bbox 899 609 3192 700; baseline 0 -22"><span class='ocrx_word' id='word_1_4' title='bbox 899 609 1107 678; x_wconf 81' lang='grc'><strong>2022.</strong></span> <span class='ocrx_word' id='word_1_5' title='bbox 1677 614 1888 697; x_wconf 93' lang='grc'><em>1371,</em></span> <span class='ocrx_word' id='word_1_6' title='bbox 1939 612 2321 700; x_wconf 78' lang='lat' dir='ltr'><strong><em>Septembris</em></strong></span> <span class='ocrx_word' id='word_1_7' title='bbox 2367 616 2491 697; x_wconf 89' lang='grc'><strong><em>17,</em></strong></span> <span class='ocrx_word' id='word_1_8' title='bbox 2535 635 2641 700; x_wconf 87' lang='lat' dir='ltr'><strong><em>ap.</em></strong></span> <span class='ocrx_word' id='word_1_9' title='bbox 2705 613 3192 680; x_wconf 84' lang='lat' dir='ltr'><strong><em>Villamnovam.</em></strong></span> 
     </span>
    </p>
   </div>
   <div class='ocr_carea' id='block_1_3' title="bbox 1123 764 3971 1065">
    <p class='ocr_par' dir='ltr' id='par_1_3' title="bbox 1123 764 3971 1065">
     <span class='ocr_line' id='line_1_3' title="bbox 1213 764 3966 853; baseline 0.002 -24"><span class='ocrx_word' id='word_1_10' title='bbox 1213 765 1483 830; x_wconf 84' lang='lat' dir='ltr'><strong><em>Ricoldo</em></strong></span> <span class='ocrx_word' id='word_1_11' title='bbox 1528 764 1604 829; x_wconf 89' lang='lat' dir='ltr'><strong><em>de</em></strong></span> <span class='ocrx_word' id='word_1_12' title='bbox 1649 765 1933 848; x_wconf 83' lang='lat' dir='ltr'><strong><em>Haeften</em></strong></span> <span class='ocrx_word' id='word_1_13' title='bbox 1981 767 2276 831; x_wconf 86' lang='lat' dir='ltr'><strong><em>canonico</em></strong></span> <span class='ocrx_word' id='word_1_14' title='bbox 2320 767 2608 832; x_wconf 81' lang='lat' dir='ltr'><strong><em>ecclesiae</em></strong></span> <span class='ocrx_word' id='word_1_15' title='bbox 2656 767 2709 830; x_wconf 88' lang='lat' dir='ltr'><strong><em>b.</em></strong></span> <span class='ocrx_word' id='word_1_16' title='bbox 2743 766 3001 832; x_wconf 83' lang='lat' dir='ltr'><strong><em>Mariae</em></strong></span> <span class='ocrx_word' id='word_1_17' title='bbox 3040 767 3257 851; x_wconf 84' lang='lat' dir='ltr'><strong><em>Traj.,</em></strong></span> <span class='ocrx_word' id='word_1_18' title='bbox 3300 770 3370 832; x_wconf 90' lang='lat' dir='ltr'><strong><em>in</em></strong></span> <span class='ocrx_word' id='word_1_19' title='bbox 3413 768 3727 853; x_wconf 74' lang='lat' dir='ltr'><strong><em>theoloyia</em></strong></span> <span class='ocrx_word' id='word_1_20' title='bbox 3757 767 3966 833; x_wconf 68' lang='lat' dir='ltr'><strong><em>bacca-</em></strong></span> 
     </span>
     <span class='ocr_line' id='line_1_4' title="bbox 1129 871 3971 959; baseline 0.001 -22"><span class='ocrx_word' id='word_1_21' title='bbox 1129 873 1345 937; x_wconf 85' lang='lat' dir='ltr'><strong><em>laureo</em></strong></span> <span class='ocrx_word' id='word_1_22' title='bbox 1405 879 1466 937; x_wconf 89' lang='lat' dir='ltr'><strong><em>et</em></strong></span> <span class='ocrx_word' id='word_1_23' title='bbox 1523 875 1593 936; x_wconf 84' lang='lat' dir='ltr'><strong><em>in</em></strong></span> <span class='ocrx_word' id='word_1_24' title='bbox 1654 872 1902 938; x_wconf 86' lang='lat' dir='ltr'><strong><em>artibus</em></strong></span> <span class='ocrx_word' id='word_1_25' title='bbox 1964 876 2306 959; x_wconf 74' lang='lat' dir='ltr'><strong><em>maqistro,</em></strong></span> <span class='ocrx_word' id='word_1_26' title='bbox 2361 894 2598 959; x_wconf 81' lang='lat' dir='ltr'><strong><em>„quem</em></strong></span> <span class='ocrx_word' id='word_1_27' title='bbox 2646 871 2932 957; x_wconf 86' lang='lat' dir='ltr'><strong><em>dudum,</em></strong></span> <span class='ocrx_word' id='word_1_28' title='bbox 2986 872 3142 938; x_wconf 86' lang='lat' dir='ltr'><strong><em>dum</em></strong></span> <span class='ocrx_word' id='word_1_29' title='bbox 3192 895 3451 940; x_wconf 79' lang='lat' dir='ltr'><strong><em>eramus</em></strong></span> <span class='ocrx_word' id='word_1_30' title='bbox 3495 875 3568 939; x_wconf 88' lang='lat' dir='ltr'><strong><em>in</em></strong></span> <span class='ocrx_word' id='word_1_31' title='bbox 3612 875 3971 941; x_wconf 77' lang='lat' dir='ltr'><strong><em>minoribus</em></strong></span> 
     </span>
     <span class='ocr_line' id='line_1_5' title="bbox 1123 977 3971 1065; baseline 0 -22"><span class='ocrx_word' id='word_1_32' title='bbox 1123 978 1501 1060; x_wconf 80' lang='lat' dir='ltr'><strong><em>constituti,</em></strong></span> <span class='ocrx_word' id='word_1_33' title='bbox 1572 978 1644 1042; x_wconf 88' lang='lat' dir='ltr'><strong><em>in</em></strong></span> <span class='ocrx_word' id='word_1_34' title='bbox 1711 983 2011 1043; x_wconf 80' lang='lat' dir='ltr'><strong><em>nostrum</em></strong></span> <span class='ocrx_word' id='word_1_35' title='bbox 2078 979 2446 1064; x_wconf 76' lang='lat' dir='ltr'>recepimus</span> <span class='ocrx_word' id='word_1_36' title='bbox 2515 977 2995 1065; x_wconf 81' lang='lat' dir='ltr'><strong><em>capellanum”,</em></strong></span> <span class='ocrx_word' id='word_1_37' title='bbox 3065 980 3395 1061; x_wconf 74' lang='lat' dir='ltr'><strong><em>confertur</em></strong></span> <span class='ocrx_word' id='word_1_38' title='bbox 3463 978 3848 1044; x_wconf 74' lang='lat' dir='ltr'><strong><em>scholastria</em></strong></span> <span class='ocrx_word' id='word_1_39' title='bbox 3903 982 3971 1045; x_wconf 86' lang='lat' dir='ltr'><strong><em>in</em></strong></span> 
     </span>
    </p>
   </div>
   <div class='ocr_carea' id='block_1_4' title="bbox 1117 1085 3968 1277">
    <p class='ocr_par' dir='ltr' id='par_1_4' title="bbox 1117 1085 3968 1277">
     <span class='ocr_line' id='line_1_6' title="bbox 1119 1085 3968 1174; baseline 0.001 -23"><span class='ocrx_word' id='word_1_40' title='bbox 1119 1087 1332 1151; x_wconf 84' lang='lat' dir='ltr'><strong><em>eadem</em></strong></span> <span class='ocrx_word' id='word_1_41' title='bbox 1377 1087 1631 1152; x_wconf 87' lang='lat' dir='ltr'><strong><em>ecclesia</em></strong></span> <span class='ocrx_word' id='word_1_42' title='bbox 1658 1109 1784 1173; x_wconf 89' lang='lat' dir='ltr'><strong><em>per</em></strong></span> <span class='ocrx_word' id='word_1_43' title='bbox 1815 1085 2049 1152; x_wconf 82' lang='lat' dir='ltr'><strong><em>obitum</em></strong></span> <span class='ocrx_word' id='word_1_44' title='bbox 2079 1086 2405 1152; x_wconf 80' lang='lat' dir='ltr'><strong><em>Johannis</em></strong></span> <span class='ocrx_word' id='word_1_45' title='bbox 2436 1087 2512 1152; x_wconf 90' lang='lat' dir='ltr'><strong><em>de</em></strong></span> <span class='ocrx_word' id='word_1_46' title='bbox 2542 1088 2821 1153; x_wconf 82' lang='lat' dir='ltr'><strong><em>Bienner</em></strong></span> <span class='ocrx_word' id='word_1_47' title='bbox 2851 1109 3114 1172; x_wconf 84' lang='lat' dir='ltr'><strong><em>vacans,</em></strong></span> <span class='ocrx_word' id='word_1_48' title='bbox 3161 1088 3262 1152; x_wconf 85' lang='lat' dir='ltr'><strong><em>die</em></strong></span> <span class='ocrx_word' id='word_1_49' title='bbox 3293 1090 3377 1152; x_wconf 87' lang='lat'><strong><em>31</em></strong></span> <span class='ocrx_word' id='word_1_50' title='bbox 3414 1087 3653 1153; x_wconf 83' lang='lat' dir='ltr'><strong><em>Martii</em></strong></span> <span class='ocrx_word' id='word_1_51' title='bbox 3674 1091 3968 1174; x_wconf 70' lang='lat' dir='ltr'><strong><em>proxime</em></strong></span> 
     </span>
     <span class='ocr_line' id='line_1_7' title="bbox 1117 1190 3968 1277; baseline 0.001 -22"><span class='ocrx_word' id='word_1_52' title='bbox 1117 1192 1332 1276; x_wconf 86' lang='lat' dir='ltr'><strong><em>elapso</em></strong></span> <span class='ocrx_word' id='word_1_53' title='bbox 1392 1190 1724 1256; x_wconf 89' lang='lat' dir='ltr'><strong><em>donationi</em></strong></span> <span class='ocrx_word' id='word_1_54' title='bbox 1782 1192 1946 1256; x_wconf 84' lang='lat' dir='ltr'><strong><em>sedis</em></strong></span> <span class='ocrx_word' id='word_1_55' title='bbox 2008 1192 2392 1277; x_wconf 84' lang='lat' dir='ltr'><strong><em>apostolicae</em></strong></span> <span class='ocrx_word' id='word_1_56' title='bbox 2449 1200 2771 1257; x_wconf 87' lang='lat' dir='ltr'><strong><em>reservata</em></strong></span> <span class='ocrx_word' id='word_1_57' title='bbox 2817 1200 2876 1257; x_wconf 89' lang='lat' dir='ltr'><strong><em>et</em></strong></span> <span class='ocrx_word' id='word_1_58' title='bbox 2924 1194 3012 1257; x_wconf 90' lang='grc'><strong><em>70</em></strong></span> <span class='ocrx_word' id='word_1_59' title='bbox 3058 1193 3445 1275; x_wconf 80' lang='lat' dir='ltr'><strong><em>florenorum</em></strong></span> <span class='ocrx_word' id='word_1_60' title='bbox 3488 1195 3641 1258; x_wconf 85' lang='lat' dir='ltr'><strong><em>auri</em></strong></span> <span class='ocrx_word' id='word_1_61' title='bbox 3684 1213 3968 1257; x_wconf 80' lang='lat' dir='ltr'><strong><em>annuum</em></strong></span> 
     </span>
    </p>
   </div>
   <div class='ocr_carea' id='block_1_5' title="bbox 1116 1297 2940 1383">
    <p class='ocr_par' dir='ltr' id='par_1_5' title="bbox 1116 1297 2940 1383">
     <span class='ocr_line' id='line_1_8' title="bbox 1116 1297 2940 1383; baseline 0.001 -21"><span class='ocrx_word' id='word_1_62' title='bbox 1116 1318 1243 1362; x_wconf 85' lang='lat' dir='ltr'><strong><em>non</em></strong></span> <span class='ocrx_word' id='word_1_63' title='bbox 1287 1297 1578 1363; x_wconf 73' lang='lat' dir='ltr'><strong><em>excedens</em></strong></span> <span class='ocrx_word' id='word_1_64' title='bbox 1624 1299 1921 1363; x_wconf 87' lang='lat' dir='ltr'><strong><em>valorem.</em></strong></span> <span class='ocrx_word' id='word_1_65' title='bbox 1974 1334 2057 1346; x_wconf 91' lang='lat'>—</span> <span class='ocrx_word' id='word_1_66' title='bbox 2105 1298 2525 1383; x_wconf 85' lang='lat' dir='ltr'><strong><em>Deputantur</em></strong></span> <span class='ocrx_word' id='word_1_67' title='bbox 2570 1306 2940 1363; x_wconf 76' lang='lat' dir='ltr'><strong><em>executores.</em></strong></span> 
     </span>
    </p>
   </div>
   <div class='ocr_carea' id='block_1_6' title="bbox 883 1479 3960 1779">
    <p class='ocr_par' dir='ltr' id='par_1_6' title="bbox 883 1479 3960 1779">
     <span class='ocr_line' id='line_1_9' title="bbox 1114 1479 3960 1566; baseline 0 -22"><span class='ocrx_word' id='word_1_68' title='bbox 1114 1479 1518 1544; x_wconf 80' lang='lat' dir='ltr'><strong><em>Litterarum</em></strong></span> <span class='ocrx_word' id='word_1_69' title='bbox 1567 1480 1863 1545; x_wconf 80' lang='lat' dir='ltr'><strong><em>scientia.</em></strong></span> <span class='ocrx_word' id='word_1_70' title='bbox 1892 1528 1907 1544; x_wconf 91' lang='lat'><strong><em>.</em></strong></span> <span class='ocrx_word' id='word_1_71' title='bbox 1938 1528 1953 1544; x_wconf 91' lang='lat'><strong><em>.</em></strong></span> <span class='ocrx_word' id='word_1_72' title='bbox 1980 1527 1997 1544; x_wconf 90' lang='lat'><strong><em>.</em></strong></span> <span class='ocrx_word' id='word_1_73' title='bbox 2045 1480 2198 1561; x_wconf 80' lang='lat' dir='ltr'><strong><em>Non</em></strong></span> <span class='ocrx_word' id='word_1_74' title='bbox 2246 1480 2664 1545; x_wconf 78' lang='lat' dir='ltr'><strong><em>obstantibus</em></strong></span> <span class='ocrx_word' id='word_1_75' title='bbox 2707 1528 2722 1543; x_wconf 92' lang='lat'><strong><em>.</em></strong></span> <span class='ocrx_word' id='word_1_76' title='bbox 2752 1526 2769 1543; x_wconf 94' lang='lat'><strong><em>.</em></strong></span> <span class='ocrx_word' id='word_1_77' title='bbox 2797 1527 2813 1543; x_wconf 91' lang='lat'><strong><em>.</em></strong></span> <span class='ocrx_word' id='word_1_78' title='bbox 2842 1527 2859 1543; x_wconf 92' lang='lat'><strong><em>.</em></strong></span> <span class='ocrx_word' id='word_1_79' title='bbox 2903 1479 3080 1565; x_wconf 79' lang='lat' dir='ltr'><strong><em>quod</em></strong></span> <span class='ocrx_word' id='word_1_80' title='bbox 3112 1479 3587 1566; x_wconf 78' lang='lat' dir='ltr'><strong>parrochialem</strong></span> <span class='ocrx_word' id='word_1_81' title='bbox 3621 1479 3960 1544; x_wconf 78' lang='lat' dir='ltr'><strong><em>ecclesiam</em></strong></span> 
     </span>
     <span class='ocr_line' id='line_1_10' title="bbox 883 1583 3957 1672; baseline 0 -23"><span class='ocrx_word' id='word_1_82' title='bbox 883 1583 955 1649; x_wconf 89' lang='lat' dir='ltr'><strong><em>in</em></strong></span> <span class='ocrx_word' id='word_1_83' title='bbox 1016 1583 1482 1671; x_wconf 83' lang='lat' dir='ltr'><strong><em>Everdinghen</em></strong></span> <span class='ocrx_word' id='word_1_84' title='bbox 1544 1586 1987 1672; x_wconf 80' lang='lat' dir='ltr'><strong><em>Trajectensis</em></strong></span> <span class='ocrx_word' id='word_1_85' title='bbox 2051 1583 2331 1650; x_wconf 78' lang='lat' dir='ltr'><strong><em>diocesis</em></strong></span> <span class='ocrx_word' id='word_1_86' title='bbox 2390 1586 2678 1651; x_wconf 81' lang='lat' dir='ltr'><strong><em>nosceris</em></strong></span> <span class='ocrx_word' id='word_1_87' title='bbox 2726 1586 3048 1652; x_wconf 79' lang='lat' dir='ltr'><strong><em>obtinere.</em></strong></span> <span class='ocrx_word' id='word_1_88' title='bbox 3079 1633 3095 1650; x_wconf 93' lang='lat'><strong><em>.</em></strong></span> <span class='ocrx_word' id='word_1_89' title='bbox 3124 1633 3140 1650; x_wconf 93' lang='lat'><strong><em>.</em></strong></span> <span class='ocrx_word' id='word_1_90' title='bbox 3175 1633 3191 1650; x_wconf 93' lang='lat'><strong><em>.</em></strong></span> <span class='ocrx_word' id='word_1_91' title='bbox 3263 1585 3419 1650; x_wconf 81' lang='lat' dir='ltr'><strong><em>Dat.</em></strong></span> <span class='ocrx_word' id='word_1_92' title='bbox 3468 1584 3641 1672; x_wconf 83' lang='lat' dir='ltr'><strong><em>apud</em></strong></span> <span class='ocrx_word' id='word_1_93' title='bbox 3689 1585 3957 1650; x_wconf 77' lang='lat' dir='ltr'><strong><em>Villam-</em></strong></span> 
     </span>
     <span class='ocr_line' id='line_1_11' title="bbox 883 1692 3237 1779; baseline 0 -24"><span class='ocrx_word' id='word_1_94' title='bbox 883 1711 1120 1756; x_wconf 81' lang='lat' dir='ltr'><strong><em>novam</em></strong></span> <span class='ocrx_word' id='word_1_95' title='bbox 1171 1692 1639 1757; x_wconf 69' lang='lat' dir='ltr'><strong><em>Avinionensis</em></strong></span> <span class='ocrx_word' id='word_1_96' title='bbox 1687 1692 1999 1776; x_wconf 70' lang='lat' dir='ltr'><strong><em>diocesiS,</em></strong></span> <span class='ocrx_word' id='word_1_97' title='bbox 2051 1692 2184 1757; x_wconf 86' lang='lat' dir='ltr'><strong><em>XV</em></strong></span> <span class='ocrx_word' id='word_1_98' title='bbox 2231 1692 2342 1759; x_wconf 85' lang='lat' dir='ltr'><strong><em>Kl.</em></strong></span> <span class='ocrx_word' id='word_1_99' title='bbox 2393 1692 2737 1777; x_wconf 70' lang='lat' dir='ltr'><strong><em>OctobriS,</em></strong></span> <span class='ocrx_word' id='word_1_100' title='bbox 2784 1714 2959 1758; x_wconf 81' lang='lat' dir='ltr'><strong><em>anno</em></strong></span> <span class='ocrx_word' id='word_1_101' title='bbox 3007 1694 3237 1779; x_wconf 78' lang='lat' dir='ltr'><strong><em>primo,</em></strong></span> 
     </span>
    </p>
   </div>
   <div class='ocr_carea' id='block_1_7' title="bbox 1307 1825 2024 1891">
    <p class='ocr_par' dir='ltr' id='par_1_7' title="bbox 1307 1825 2024 1891">
     <span class='ocr_line' id='line_1_12' title="bbox 1307 1825 2024 1891; baseline 0.001 -17"><span class='ocrx_word' id='word_1_102' title='bbox 1307 1826 1434 1890; x_wconf 67' lang='lat' dir='ltr'><strong><em>Ray.</em></strong></span> <span class='ocrx_word' id='word_1_103' title='bbox 1470 1828 1569 1876; x_wconf 73' lang='grc' dir='ltr'><strong><em>Δυ.</em></strong></span> <span class='ocrx_word' id='word_1_104' title='bbox 1614 1828 1668 1876; x_wconf 86' lang='grc' dir='ltr'><strong><em>Τ.</em></strong></span> <span class='ocrx_word' id='word_1_105' title='bbox 1704 1825 1760 1890; x_wconf 85' lang='grc'><strong><em>3,</em></strong></span> <span class='ocrx_word' id='word_1_106' title='bbox 1787 1827 1848 1891; x_wconf 75' lang='lat' dir='ltr'><strong><em>s.</em></strong></span> <span class='ocrx_word' id='word_1_107' title='bbox 1885 1826 2024 1876; x_wconf 73' lang='lat' dir='ltr'><strong><em>339v.</em></strong></span> 
     </span>
    </p>
   </div>
   <div class='ocr_carea' id='block_1_8' title="bbox 886 2211 2962 2298">
    <p class='ocr_par' dir='ltr' id='par_1_8' title="bbox 886 2211 2962 2298">
     <span class='ocr_line' id='line_1_13' title="bbox 886 2211 2962 2298; baseline -0 -17"><span class='ocrx_word' id='word_1_108' title='bbox 886 2211 1364 2281; x_wconf 80' lang='grc'><strong>2023-2024.</strong></span> <span class='ocrx_word' id='word_1_109' title='bbox 1884 2213 2093 2296; x_wconf 88' lang='grc'><em>1371,</em></span> <span class='ocrx_word' id='word_1_110' title='bbox 2145 2213 2429 2279; x_wconf 84' lang='lat' dir='ltr'><strong><em>Octobris</em></strong></span> <span class='ocrx_word' id='word_1_111' title='bbox 2476 2217 2549 2298; x_wconf 88' lang='lat'><strong><em>7,</em></strong></span> <span class='ocrx_word' id='word_1_112' title='bbox 2598 2217 2962 2280; x_wconf 83' lang='lat' dir='ltr'><strong><em>Avenionis.</em></strong></span> 
     </span>
    </p>
   </div>
   <div class='ocr_carea' id='block_1_9' title="bbox 1108 2365 3954 2558">
    <p class='ocr_par' dir='ltr' id='par_1_9' title="bbox 1108 2365 3954 2558">
     <span class='ocr_line' id='line_1_14' title="bbox 1202 2365 3954 2453; baseline 0 -21"><span class='ocrx_word' id='word_1_113' title='bbox 1202 2367 1286 2432; x_wconf 83' lang='lat' dir='ltr'><strong><em>A.</em></strong></span> <span class='ocrx_word' id='word_1_114' title='bbox 1383 2366 1541 2431; x_wconf 85' lang='lat' dir='ltr'><strong><em>Cum</em></strong></span> <span class='ocrx_word' id='word_1_115' title='bbox 1599 2365 1940 2429; x_wconf 80' lang='lat' dir='ltr'><strong><em>Machario</em></strong></span> <span class='ocrx_word' id='word_1_116' title='bbox 2003 2366 2079 2429; x_wconf 87' lang='lat' dir='ltr'><strong><em>de</em></strong></span> <span class='ocrx_word' id='word_1_117' title='bbox 2140 2366 2449 2431; x_wconf 84' lang='lat' dir='ltr'><strong><em>Benthem</em></strong></span> <span class='ocrx_word' id='word_1_118' title='bbox 2510 2368 2734 2432; x_wconf 87' lang='lat' dir='ltr'><strong><em>clerico</em></strong></span> <span class='ocrx_word' id='word_1_119' title='bbox 2803 2367 2986 2448; x_wconf 89' lang='lat' dir='ltr'><strong><em>Traj.</em></strong></span> <span class='ocrx_word' id='word_1_120' title='bbox 3048 2367 3236 2432; x_wconf 82' lang='lat' dir='ltr'><strong><em>dioec.</em></strong></span> <span class='ocrx_word' id='word_1_121' title='bbox 3284 2368 3725 2452; x_wconf 74' lang='lat' dir='ltr'><strong><em>dispensatur,</em></strong></span> <span class='ocrx_word' id='word_1_122' title='bbox 3790 2367 3954 2453; x_wconf 80' lang='lat' dir='ltr'><strong><em>quod</em></strong></span> 
     </span>
     <span class='ocr_line' id='line_1_15' title="bbox 1108 2472 3948 2558; baseline 0 -19"><span class='ocrx_word' id='word_1_123' title='bbox 1108 2496 1236 2539; x_wconf 84' lang='lat' dir='ltr'><strong><em>non</em></strong></span> <span class='ocrx_word' id='word_1_124' title='bbox 1296 2473 1577 2538; x_wconf 88' lang='lat' dir='ltr'><strong><em>obstante</em></strong></span> <span class='ocrx_word' id='word_1_125' title='bbox 1637 2472 1885 2555; x_wconf 83' lang='lat' dir='ltr'><strong><em>defectu</em></strong></span> <span class='ocrx_word' id='word_1_126' title='bbox 1946 2474 2268 2538; x_wconf 86' lang='lat' dir='ltr'><strong><em>natalium</em></strong></span> <span class='ocrx_word' id='word_1_127' title='bbox 2314 2494 2448 2538; x_wconf 87' lang='lat' dir='ltr'><strong><em>una</em></strong></span> <span class='ocrx_word' id='word_1_128' title='bbox 2493 2496 2633 2538; x_wconf 85' lang='lat' dir='ltr'><strong><em>cum</em></strong></span> <span class='ocrx_word' id='word_1_129' title='bbox 2679 2473 2892 2557; x_wconf 83' lang='lat' dir='ltr'><strong><em>officio</em></strong></span> <span class='ocrx_word' id='word_1_130' title='bbox 2938 2473 3301 2539; x_wconf 83' lang='lat' dir='ltr'><strong><em>dormitorii</em></strong></span> <span class='ocrx_word' id='word_1_131' title='bbox 3344 2477 3414 2538; x_wconf 82' lang='lat' dir='ltr'><strong><em>in</em></strong></span> <span class='ocrx_word' id='word_1_132' title='bbox 3459 2476 3716 2539; x_wconf 84' lang='lat' dir='ltr'><strong><em>ecclesia</em></strong></span> <span class='ocrx_word' id='word_1_133' title='bbox 3771 2475 3948 2558; x_wconf 81' lang='lat' dir='ltr'><strong><em>Traj.</em></strong></span> 
     </span>
    </p>
   </div>
   <div class='ocr_carea' id='block_1_10' title="bbox 1113 2578 3945 2772">
    <p class='ocr_par' dir='ltr' id='par_1_10' title="bbox 1113 2578 3945 2772">
     <span class='ocr_line' id='line_1_16' title="bbox 1113 2578 2646 2661; baseline 0 -17"><span class='ocrx_word' id='word_1_134' title='bbox 1113 2582 1387 2646; x_wconf 85' lang='lat' dir='ltr'><strong><em>alterum</em></strong></span> <span class='ocrx_word' id='word_1_135' title='bbox 1434 2578 1645 2643; x_wconf 81' lang='lat' dir='ltr'><strong><em>adhuc</em></strong></span> <span class='ocrx_word' id='word_1_136' title='bbox 1691 2578 2050 2661; x_wconf 82' lang='lat' dir='ltr'><strong><em>beneficium</em></strong></span> <span class='ocrx_word' id='word_1_137' title='bbox 2094 2579 2369 2644; x_wconf 85' lang='lat' dir='ltr'><strong><em>obtinere</em></strong></span> <span class='ocrx_word' id='word_1_138' title='bbox 2413 2582 2646 2644; x_wconf 85' lang='lat' dir='ltr'><strong><em>valeat.</em></strong></span> 
     </span>
     <span class='ocr_line' id='line_1_17' title="bbox 1204 2683 3945 2772; baseline -0 -22"><span class='ocrx_word' id='word_1_139' title='bbox 1204 2685 1283 2750; x_wconf 92' lang='grc' dir='ltr'><strong><em>Β.</em></strong></span> <span class='ocrx_word' id='word_1_140' title='bbox 1375 2683 1557 2748; x_wconf 81' lang='lat' dir='ltr'><strong><em>Idem</em></strong></span> <span class='ocrx_word' id='word_1_141' title='bbox 1586 2683 1997 2767; x_wconf 79' lang='lat' dir='ltr'><strong><em>Macharius,</em></strong></span> <span class='ocrx_word' id='word_1_142' title='bbox 2031 2686 2147 2770; x_wconf 80' lang='lat' dir='ltr'><strong><em>qui</em></strong></span> <span class='ocrx_word' id='word_1_143' title='bbox 2176 2705 2316 2749; x_wconf 87' lang='lat' dir='ltr'><strong><em>cum</em></strong></span> <span class='ocrx_word' id='word_1_144' title='bbox 2348 2684 2670 2772; x_wconf 81' lang='lat' dir='ltr'><strong><em>Stephano</em></strong></span> <span class='ocrx_word' id='word_1_145' title='bbox 2700 2685 2777 2749; x_wconf 89' lang='lat' dir='ltr'><strong><em>de</em></strong></span> <span class='ocrx_word' id='word_1_146' title='bbox 2805 2685 3009 2750; x_wconf 80' lang='lat' dir='ltr'><strong><em>Asthe</em></strong></span> <span class='ocrx_word' id='word_1_147' title='bbox 3034 2692 3345 2770; x_wconf 87' lang='lat' dir='ltr'><strong><em>perpetuo</em></strong></span> <span class='ocrx_word' id='word_1_148' title='bbox 3375 2687 3445 2750; x_wconf 88' lang='lat' dir='ltr'><strong><em>in</em></strong></span> <span class='ocrx_word' id='word_1_149' title='bbox 3475 2686 3731 2751; x_wconf 82' lang='lat' dir='ltr'><strong><em>ecclesia</em></strong></span> <span class='ocrx_word' id='word_1_150' title='bbox 3768 2686 3945 2769; x_wconf 86' lang='lat' dir='ltr'><strong><em>Traj.</em></strong></span> 
     </span>
    </p>
   </div>
   <div class='ocr_carea' id='block_1_11' title="bbox 1106 2791 3947 3091">
    <p class='ocr_par' dir='ltr' id='par_1_11' title="bbox 1106 2791 3947 3091">
     <span class='ocr_line' id='line_1_18' title="bbox 1106 2791 3947 2878; baseline -0.001 -20"><span class='ocrx_word' id='word_1_151' title='bbox 1106 2795 1344 2859; x_wconf 85' lang='lat' dir='ltr'><strong><em>vicario</em></strong></span> <span class='ocrx_word' id='word_1_152' title='bbox 1388 2793 1502 2857; x_wconf 86' lang='lat' dir='ltr'><strong><em>diu</em></strong></span> <span class='ocrx_word' id='word_1_153' title='bbox 1550 2791 1626 2856; x_wconf 90' lang='lat' dir='ltr'><strong><em>de</em></strong></span> <span class='ocrx_word' id='word_1_154' title='bbox 1659 2792 1994 2877; x_wconf 83' lang='lat' dir='ltr'><strong><em>praedicto</em></strong></span> <span class='ocrx_word' id='word_1_155' title='bbox 2040 2792 2402 2857; x_wconf 87' lang='lat' dir='ltr'><strong><em>dormitorii</em></strong></span> <span class='ocrx_word' id='word_1_156' title='bbox 2446 2793 2660 2876; x_wconf 80' lang='lat' dir='ltr'><strong><em>officio</em></strong></span> <span class='ocrx_word' id='word_1_157' title='bbox 2705 2795 2774 2857; x_wconf 87' lang='lat' dir='ltr'><strong><em>in</em></strong></span> <span class='ocrx_word' id='word_1_158' title='bbox 2816 2794 2999 2857; x_wconf 87' lang='lat' dir='ltr'><strong><em>curia</em></strong></span> <span class='ocrx_word' id='word_1_159' title='bbox 3044 2794 3320 2878; x_wconf 74' lang='lat' dir='ltr'><strong><em>litiyavit</em></strong></span> <span class='ocrx_word' id='word_1_160' title='bbox 3360 2801 3419 2858; x_wconf 90' lang='lat' dir='ltr'><strong><em>et</em></strong></span> <span class='ocrx_word' id='word_1_161' title='bbox 3455 2792 3667 2857; x_wconf 80' lang='lat' dir='ltr'><strong><em>adhuc</em></strong></span> <span class='ocrx_word' id='word_1_162' title='bbox 3708 2794 3947 2878; x_wconf 64' lang='lat' dir='ltr'><strong><em>litigat,</em></strong></span> 
     </span>
     <span class='ocr_line' id='line_1_19' title="bbox 1107 2897 3944 2985; baseline -0 -22"><span class='ocrx_word' id='word_1_163' title='bbox 1107 2906 1492 2982; x_wconf 74' lang='lat' dir='ltr'><strong><em>surroyatur</em></strong></span> <span class='ocrx_word' id='word_1_164' title='bbox 1558 2899 1628 2962; x_wconf 87' lang='lat' dir='ltr'><strong><em>in</em></strong></span> <span class='ocrx_word' id='word_1_165' title='bbox 1688 2918 1865 2963; x_wconf 89' lang='lat' dir='ltr'><strong><em>omne</em></strong></span> <span class='ocrx_word' id='word_1_166' title='bbox 1905 2901 2057 2982; x_wconf 85' lang='lat' dir='ltr'><strong><em>jus,</em></strong></span> <span class='ocrx_word' id='word_1_167' title='bbox 2107 2898 2279 2984; x_wconf 81' lang='lat' dir='ltr'><strong><em>quod</em></strong></span> <span class='ocrx_word' id='word_1_168' title='bbox 2325 2897 2702 2963; x_wconf 84' lang='lat' dir='ltr'><strong><em>Fredericus</em></strong></span> <span class='ocrx_word' id='word_1_169' title='bbox 2747 2900 2952 2963; x_wconf 85' lang='lat' dir='ltr'><strong><em>dictus</em></strong></span> <span class='ocrx_word' id='word_1_170' title='bbox 3002 2897 3344 2983; x_wconf 81' lang='lat' dir='ltr'><strong><em>Capellaen</em></strong></span> <span class='ocrx_word' id='word_1_171' title='bbox 3376 2898 3714 2985; x_wconf 77' lang='lat' dir='ltr'><strong><em>presbyter</em></strong></span> <span class='ocrx_word' id='word_1_172' title='bbox 3767 2898 3944 2982; x_wconf 84' lang='lat' dir='ltr'><strong><em>Traj.</em></strong></span> 
     </span>
     <span class='ocr_line' id='line_1_20' title="bbox 1114 3004 3736 3091; baseline 0 -21"><span class='ocrx_word' id='word_1_173' title='bbox 1114 3006 1303 3070; x_wconf 82' lang='lat' dir='ltr'><strong><em>dioec.</em></strong></span> <span class='ocrx_word' id='word_1_174' title='bbox 1353 3004 1474 3070; x_wconf 87' lang='lat' dir='ltr'><strong><em>sibi</em></strong></span> <span class='ocrx_word' id='word_1_175' title='bbox 1517 3004 1605 3069; x_wconf 84' lang='lat' dir='ltr'><strong><em>ad</em></strong></span> <span class='ocrx_word' id='word_1_176' title='bbox 1648 3004 1812 3069; x_wconf 85' lang='lat' dir='ltr'><strong><em>idem</em></strong></span> <span class='ocrx_word' id='word_1_177' title='bbox 1859 3005 2145 3088; x_wconf 82' lang='lat' dir='ltr'><strong><em>officium</em></strong></span> <span class='ocrx_word' id='word_1_178' title='bbox 2191 3013 2530 3091; x_wconf 82' lang='lat' dir='ltr'><strong><em>competere</em></strong></span> <span class='ocrx_word' id='word_1_179' title='bbox 2575 3006 2889 3071; x_wconf 81' lang='lat' dir='ltr'><strong><em>asserebat</em></strong></span> <span class='ocrx_word' id='word_1_180' title='bbox 2933 3013 2993 3070; x_wconf 90' lang='lat' dir='ltr'><strong><em>et</em></strong></span> <span class='ocrx_word' id='word_1_181' title='bbox 3036 3025 3244 3090; x_wconf 82' lang='lat' dir='ltr'><strong><em>nuper</em></strong></span> <span class='ocrx_word' id='word_1_182' title='bbox 3287 3007 3653 3091; x_wconf 74' lang='lat' dir='ltr'><strong><em>resiqnavit.</em></strong></span> <span class='ocrx_word' id='word_1_183' title='bbox 3680 3005 3736 3090; x_wconf 85' lang='lat'><strong><em>1)</em></strong></span> 
     </span>
    </p>
   </div>
   <div class='ocr_carea' id='block_1_12' title="bbox 1035 3184 3556 3508">
    <p class='ocr_par' dir='ltr' id='par_1_12' title="bbox 1035 3184 3556 3508">
     <span class='ocr_line' id='line_1_21' title="bbox 1110 3184 3556 3273; baseline -0 -21"><span class='ocrx_word' id='word_1_184' title='bbox 1110 3184 1504 3252; x_wconf 76' lang='lat' dir='ltr'><strong><em>Laudabilia</em></strong></span> <span class='ocrx_word' id='word_1_185' title='bbox 1549 3191 1682 3251; x_wconf 83' lang='lat' dir='ltr'><strong><em>tue.</em></strong></span> <span class='ocrx_word' id='word_1_186' title='bbox 1711 3233 1728 3250; x_wconf 93' lang='lat'><strong><em>.</em></strong></span> <span class='ocrx_word' id='word_1_187' title='bbox 1754 3231 1774 3251; x_wconf 90' lang='lat'><strong><em>.</em></strong></span> <span class='ocrx_word' id='word_1_188' title='bbox 1802 3233 1817 3251; x_wconf 92' lang='lat'><strong><em>.</em></strong></span> <span class='ocrx_word' id='word_1_189' title='bbox 1867 3186 2020 3252; x_wconf 80' lang='lat' dir='ltr'><strong><em>Dat.</em></strong></span> <span class='ocrx_word' id='word_1_190' title='bbox 2068 3186 2440 3271; x_wconf 83' lang='lat' dir='ltr'><strong><em>Avinione,</em></strong></span> <span class='ocrx_word' id='word_1_191' title='bbox 2488 3187 2660 3252; x_wconf 86' lang='lat' dir='ltr'><strong><em>Non.</em></strong></span> <span class='ocrx_word' id='word_1_192' title='bbox 2711 3185 3053 3270; x_wconf 69' lang='lat' dir='ltr'><strong><em>OctobriS,</em></strong></span> <span class='ocrx_word' id='word_1_193' title='bbox 3103 3205 3276 3251; x_wconf 76' lang='lat' dir='ltr'><strong><em>anno</em></strong></span> <span class='ocrx_word' id='word_1_194' title='bbox 3325 3186 3556 3273; x_wconf 87' lang='lat' dir='ltr'><strong><em>primo.</em></strong></span> 
     </span>
     <span class='ocr_line' id='line_1_22' title="bbox 1302 3319 2188 3385; baseline 0.001 -16"><span class='ocrx_word' id='word_1_195' title='bbox 1302 3321 1428 3383; x_wconf 69' lang='lat' dir='ltr'><strong><em>Ray.</em></strong></span> <span class='ocrx_word' id='word_1_196' title='bbox 1461 3321 1560 3371; x_wconf 74' lang='grc' dir='ltr'><strong><em>Δο.</em></strong></span> <span class='ocrx_word' id='word_1_197' title='bbox 1604 3321 1659 3371; x_wconf 87' lang='lat' dir='ltr'><strong><em>T.</em></strong></span> <span class='ocrx_word' id='word_1_198' title='bbox 1693 3320 1753 3383; x_wconf 84' lang='lat'><strong><em>1,</em></strong></span> <span class='ocrx_word' id='word_1_199' title='bbox 1777 3322 1839 3385; x_wconf 82' lang='lat' dir='ltr'><strong><em>s.</em></strong></span> <span class='ocrx_word' id='word_1_200' title='bbox 1873 3319 2188 3371; x_wconf 77' lang='lat' dir='ltr'>556v—561.</span> 
     </span>
     <span class='ocr_line' id='line_1_23' title="bbox 1035 3443 2112 3508; baseline 0.001 -14"><span class='ocrx_word' id='word_1_201' title='bbox 1035 3446 1093 3508; x_wconf 86' lang='lat'><strong><em>1)</em></strong></span> <span class='ocrx_word' id='word_1_202' title='bbox 1129 3443 1237 3495; x_wconf 80' lang='lat' dir='ltr'><strong><em>Csr.</em></strong></span> <span class='ocrx_word' id='word_1_203' title='bbox 1268 3458 1432 3508; x_wconf 77' lang='lat' dir='ltr'><strong><em>supra</em></strong></span> <span class='ocrx_word' id='word_1_204' title='bbox 1464 3459 1672 3495; x_wconf 86' lang='lat' dir='ltr'><strong><em>numm.</em></strong></span> <span class='ocrx_word' id='word_1_205' title='bbox 1712 3443 1839 3495; x_wconf 85' lang='grc'><em>1878</em></span> <span class='ocrx_word' id='word_1_206' title='bbox 1873 3451 1927 3495; x_wconf 83' lang='lat' dir='ltr'><strong><em>et</em></strong></span> <span class='ocrx_word' id='word_1_207' title='bbox 1962 3445 2112 3496; x_wconf 73' lang='lat'><strong>18⁴1.</strong></span> 
     </span>
    </p>
   </div>
   <div class='ocr_carea' id='block_1_13' title="bbox 880 3861 2958 3948">
    <p class='ocr_par' dir='ltr' id='par_1_13' title="bbox 880 3861 2958 3948">
     <span class='ocr_line' id='line_1_24' title="bbox 880 3861 2958 3948; baseline -0.002 -17"><span class='ocrx_word' id='word_1_208' title='bbox 880 3863 1090 3933; x_wconf 84' lang='grc'><strong>2025.</strong></span> <span class='ocrx_word' id='word_1_209' title='bbox 1866 3864 2041 3928; x_wconf 89' lang='grc'><em>1371</em></span> <span class='ocrx_word' id='word_1_210' title='bbox 2066 3910 2084 3946; x_wconf 94' lang='grc'><em>,</em></span> <span class='ocrx_word' id='word_1_211' title='bbox 2136 3861 2419 3927; x_wconf 84' lang='lat' dir='ltr'><strong><em>Octobris</em></strong></span> <span class='ocrx_word' id='word_1_212' title='bbox 2467 3865 2545 3948; x_wconf 92' lang='grc'><strong><em>7,</em></strong></span> <span class='ocrx_word' id='word_1_213' title='bbox 2593 3864 2958 3928; x_wconf 84' lang='lat' dir='ltr'><strong><em>Avenionis.</em></strong></span> 
     </span>
    </p>
   </div>
   <div class='ocr_carea' id='block_1_14' title="bbox 1106 4016 3941 4210">
    <p class='ocr_par' dir='ltr' id='par_1_14' title="bbox 1106 4016 3941 4210">
     <span class='ocr_line' id='line_1_25' title="bbox 1193 4016 3941 4104; baseline 0 -22"><span class='ocrx_word' id='word_1_214' title='bbox 1193 4018 1445 4082; x_wconf 79' lang='lat' dir='ltr'><strong><em>Amelio</em></strong></span> <span class='ocrx_word' id='word_1_215' title='bbox 1505 4018 1581 4081; x_wconf 87' lang='lat' dir='ltr'><strong><em>de</em></strong></span> <span class='ocrx_word' id='word_1_216' title='bbox 1657 4016 1883 4082; x_wconf 85' lang='lat' dir='ltr'><strong><em>Wolde</em></strong></span> <span class='ocrx_word' id='word_1_217' title='bbox 1944 4019 2242 4082; x_wconf 87' lang='lat' dir='ltr'><strong><em>canonico</em></strong></span> <span class='ocrx_word' id='word_1_218' title='bbox 2303 4019 2589 4083; x_wconf 82' lang='lat' dir='ltr'><strong><em>ecclesiae</em></strong></span> <span class='ocrx_word' id='word_1_219' title='bbox 2652 4018 2707 4082; x_wconf 89' lang='lat' dir='ltr'><strong><em>b.</em></strong></span> <span class='ocrx_word' id='word_1_220' title='bbox 2757 4017 3013 4083; x_wconf 83' lang='lat' dir='ltr'><strong><em>Mariae</em></strong></span> <span class='ocrx_word' id='word_1_221' title='bbox 3070 4016 3252 4101; x_wconf 84' lang='lat' dir='ltr'><strong><em>Traj.</em></strong></span> <span class='ocrx_word' id='word_1_222' title='bbox 3300 4017 3720 4101; x_wconf 85' lang='lat' dir='ltr'><strong><em>confirmatur</em></strong></span> <span class='ocrx_word' id='word_1_223' title='bbox 3753 4039 3941 4104; x_wconf 86' lang='lat' dir='ltr'><strong><em>prae-</em></strong></span> 
     </span>
     <span class='ocr_line' id='line_1_26' title="bbox 1106 4122 3941 4210; baseline 0 -22"><span class='ocrx_word' id='word_1_224' title='bbox 1106 4123 1334 4207; x_wconf 90' lang='lat' dir='ltr'><strong><em>benda,</em></strong></span> <span class='ocrx_word' id='word_1_225' title='bbox 1378 4145 1419 4188; x_wconf 91' lang='lat' dir='ltr'><strong><em>a</em></strong></span> <span class='ocrx_word' id='word_1_226' title='bbox 1459 4123 1709 4189; x_wconf 83' lang='lat' dir='ltr'><strong><em>domino</em></strong></span> <span class='ocrx_word' id='word_1_227' title='bbox 1751 4122 1946 4209; x_wconf 87' lang='lat' dir='ltr'><strong><em>Papa</em></strong></span> <span class='ocrx_word' id='word_1_228' title='bbox 1984 4132 2307 4189; x_wconf 85' lang='lat' dir='ltr'><strong><em>reservata</em></strong></span> <span class='ocrx_word' id='word_1_229' title='bbox 2334 4125 2387 4207; x_wconf 86' lang='lat'><strong><em>¹)</em></strong></span> <span class='ocrx_word' id='word_1_230' title='bbox 2434 4132 2494 4189; x_wconf 87' lang='lat' dir='ltr'><strong><em>et</em></strong></span> <span class='ocrx_word' id='word_1_231' title='bbox 2530 4146 2698 4189; x_wconf 83' lang='lat' dir='ltr'><strong><em>nunc</em></strong></span> <span class='ocrx_word' id='word_1_232' title='bbox 2737 4145 2967 4190; x_wconf 86' lang='lat' dir='ltr'><strong><em>vacans</em></strong></span> <span class='ocrx_word' id='word_1_233' title='bbox 2996 4145 3120 4210; x_wconf 88' lang='lat' dir='ltr'><strong><em>per</em></strong></span> <span class='ocrx_word' id='word_1_234' title='bbox 3151 4124 3385 4189; x_wconf 83' lang='lat' dir='ltr'><strong><em>obitum</em></strong></span> <span class='ocrx_word' id='word_1_235' title='bbox 3419 4124 3702 4190; x_wconf 78' lang='lat' dir='ltr'><strong><em>Gerardi</em></strong></span> <span class='ocrx_word' id='word_1_236' title='bbox 3744 4124 3941 4190; x_wconf 86' lang='lat' dir='ltr'><strong><em>Vaelt.</em></strong></span> 
     </span>
    </p>
   </div>
   <div class='ocr_carea' id='block_1_15' title="bbox 1029 4304 3583 4629">
    <p class='ocr_par' dir='ltr' id='par_1_15' title="bbox 1029 4304 3583 4629">
     <span class='ocr_line' id='line_1_27' title="bbox 1101 4304 3583 4391; baseline -0 -22"><span class='ocrx_word' id='word_1_237' title='bbox 1101 4304 1259 4370; x_wconf 81' lang='lat' dir='ltr'><strong><em>Vite</em></strong></span> <span class='ocrx_word' id='word_1_238' title='bbox 1307 4325 1383 4368; x_wconf 85' lang='lat' dir='ltr'><strong><em>ac</em></strong></span> <span class='ocrx_word' id='word_1_239' title='bbox 1430 4324 1703 4369; x_wconf 88' lang='lat' dir='ltr'><strong><em>morum.</em></strong></span> <span class='ocrx_word' id='word_1_240' title='bbox 1732 4350 1747 4368; x_wconf 92' lang='lat'><strong><em>.</em></strong></span> <span class='ocrx_word' id='word_1_241' title='bbox 1778 4351 1794 4370; x_wconf 89' lang='lat'><strong><em>.</em></strong></span> <span class='ocrx_word' id='word_1_242' title='bbox 1822 4353 1838 4369; x_wconf 93' lang='lat'><strong><em>.</em></strong></span> <span class='ocrx_word' id='word_1_243' title='bbox 1895 4305 2047 4370; x_wconf 81' lang='lat' dir='ltr'><strong><em>Dat.</em></strong></span> <span class='ocrx_word' id='word_1_244' title='bbox 2096 4305 2465 4390; x_wconf 78' lang='lat' dir='ltr'><strong><em>Aviniono,</em></strong></span> <span class='ocrx_word' id='word_1_245' title='bbox 2514 4307 2685 4372; x_wconf 85' lang='lat' dir='ltr'><strong><em>Non.</em></strong></span> <span class='ocrx_word' id='word_1_246' title='bbox 2735 4305 3078 4388; x_wconf 79' lang='lat' dir='ltr'><strong><em>Octobris,</em></strong></span> <span class='ocrx_word' id='word_1_247' title='bbox 3129 4325 3302 4370; x_wconf 81' lang='lat' dir='ltr'><strong><em>anno</em></strong></span> <span class='ocrx_word' id='word_1_248' title='bbox 3350 4305 3583 4391; x_wconf 76' lang='lat' dir='ltr'><strong><em>primo·</em></strong></span> 
     </span>
     <span class='ocr_line' id='line_1_28' title="bbox 1300 4438 2002 4503; baseline -0.001 -14"><span class='ocrx_word' id='word_1_249' title='bbox 1300 4438 1425 4502; x_wconf 67' lang='lat' dir='ltr'><strong><em>Boa-</em></strong></span> <span class='ocrx_word' id='word_1_250' title='bbox 1459 4440 1559 4488; x_wconf 64' lang='lat' dir='ltr'><strong><em>Ao.</em></strong></span> <span class='ocrx_word' id='word_1_251' title='bbox 1605 4441 1658 4488; x_wconf 87' lang='lat' dir='ltr'><strong><em>T.</em></strong></span> <span class='ocrx_word' id='word_1_252' title='bbox 1694 4439 1748 4503; x_wconf 77' lang='lat'><strong><em>2,</em></strong></span> <span class='ocrx_word' id='word_1_253' title='bbox 1771 4440 1828 4503; x_wconf 81' lang='lat' dir='ltr'><strong><em>s.</em></strong></span> <span class='ocrx_word' id='word_1_254' title='bbox 1862 4438 2002 4489; x_wconf 73' lang='lat'><strong><em>439⁶.</em></strong></span> 
     </span>
     <span class='ocr_line' id='line_1_29' title="bbox 1029 4563 1792 4629; baseline 0 -14"><span class='ocrx_word' id='word_1_255' title='bbox 1029 4563 1087 4629; x_wconf 87' lang='lat'><strong><em>1)</em></strong></span> <span class='ocrx_word' id='word_1_256' title='bbox 1124 4563 1230 4615; x_wconf 80' lang='lat' dir='ltr'><strong><em>Cfr.</em></strong></span> <span class='ocrx_word' id='word_1_257' title='bbox 1264 4578 1424 4628; x_wconf 81' lang='lat' dir='ltr'><strong><em>supra</em></strong></span> <span class='ocrx_word' id='word_1_258' title='bbox 1458 4580 1610 4616; x_wconf 86' lang='lat' dir='ltr'><strong><em>num.</em></strong></span> <span class='ocrx_word' id='word_1_259' title='bbox 1644 4564 1792 4616; x_wconf 84' lang='lat'>1905.</span> 
     </span>
    </p>
   </div>
   <div class='ocr_carea' id='block_1_16' title="bbox 875 4937 2951 5022">
    <p class='ocr_par' dir='ltr' id='par_1_16' title="bbox 875 4937 2951 5022">
     <span class='ocr_line' id='line_1_30' title="bbox 875 4937 2951 5022; baseline -0.002 -16"><span class='ocrx_word' id='word_1_260' title='bbox 875 4937 1080 5006; x_wconf 79' lang='grc'><strong>2026.</strong></span> <span class='ocrx_word' id='word_1_261' title='bbox 1870 4939 2080 5022; x_wconf 87' lang='lat'><strong><em>1371,</em></strong></span> <span class='ocrx_word' id='word_1_262' title='bbox 2132 4938 2414 5003; x_wconf 85' lang='lat' dir='ltr'><strong><em>Octobris</em></strong></span> <span class='ocrx_word' id='word_1_263' title='bbox 2459 4939 2506 5002; x_wconf 82' lang='lat'><strong><em>&#39;7</em></strong></span> <span class='ocrx_word' id='word_1_264' title='bbox 2521 4985 2538 5021; x_wconf 99' lang='lat'><strong><em>,</em></strong></span> <span class='ocrx_word' id='word_1_265' title='bbox 2584 4938 2951 5002; x_wconf 83' lang='lat' dir='ltr'><strong><em>Avenionis.</em></strong></span> 
     </span>
    </p>
   </div>
   <div class='ocr_carea' id='block_1_17' title="bbox 1098 5073 3939 5497">
    <p class='ocr_par' dir='ltr' id='par_1_17' title="bbox 1098 5073 3939 5497">
     <span class='ocr_line' id='line_1_31' title="bbox 1188 5073 3939 5173; baseline -0.001 -18"><span class='ocrx_word' id='word_1_266' title='bbox 1188 5089 1490 5155; x_wconf 79' lang='lat' dir='ltr'><strong><em>Andreae</em></strong></span> <span class='ocrx_word' id='word_1_267' title='bbox 1534 5088 1858 5154; x_wconf 79' lang='lat' dir='ltr'><strong><em>Johannis</em></strong></span> <span class='ocrx_word' id='word_1_268' title='bbox 1901 5090 1978 5155; x_wconf 92' lang='lat' dir='ltr'><strong><em>de</em></strong></span> <span class='ocrx_word' id='word_1_269' title='bbox 2022 5090 2478 5155; x_wconf 87' lang='lat' dir='ltr'><strong><em>Lederdamme</em></strong></span> <span class='ocrx_word' id='word_1_270' title='bbox 2526 5073 2843 5155; x_wconf 78' lang='lat' dir='ltr'><strong><em>licentiato</em></strong></span> <span class='ocrx_word' id='word_1_271' title='bbox 2873 5091 2944 5154; x_wconf 90' lang='lat' dir='ltr'><strong><em>in</em></strong></span> <span class='ocrx_word' id='word_1_272' title='bbox 2976 5091 3255 5173; x_wconf 85' lang='lat' dir='ltr'><strong><em>artibus,</em></strong></span> <span class='ocrx_word' id='word_1_273' title='bbox 3289 5090 3478 5155; x_wconf 88' lang='lat' dir='ltr'><strong><em>Petri</em></strong></span> <span class='ocrx_word' id='word_1_274' title='bbox 3508 5090 3577 5154; x_wconf 88' lang='lat' dir='ltr'><strong><em>S.</em></strong></span> <span class='ocrx_word' id='word_1_275' title='bbox 3609 5088 3939 5155; x_wconf 76' lang='lat' dir='ltr'><strong><em>Eustachii</em></strong></span> 
     </span>
     <span class='ocr_line' id='line_1_32' title="bbox 1099 5195 3937 5283; baseline -0 -22"><span class='ocrx_word' id='word_1_276' title='bbox 1099 5197 1351 5262; x_wconf 84' lang='lat' dir='ltr'><strong><em>diaconi</em></strong></span> <span class='ocrx_word' id='word_1_277' title='bbox 1413 5195 1784 5261; x_wconf 81' lang='lat' dir='ltr'><strong><em>Cardinalis</em></strong></span> <span class='ocrx_word' id='word_1_278' title='bbox 1832 5198 2114 5283; x_wconf 79' lang='lat' dir='ltr'><strong><em>‚antiquo</em></strong></span> <span class='ocrx_word' id='word_1_279' title='bbox 2174 5198 2497 5280; x_wconf 81' lang='lat' dir='ltr'><strong><em>servitori,</em></strong></span> <span class='ocrx_word' id='word_1_280' title='bbox 2561 5198 2676 5282; x_wconf 80' lang='lat' dir='ltr'><strong><em>qui</em></strong></span> <span class='ocrx_word' id='word_1_281' title='bbox 2720 5218 2847 5282; x_wconf 87' lang='lat' dir='ltr'><strong><em>per</em></strong></span> <span class='ocrx_word' id='word_1_282' title='bbox 2911 5204 3036 5262; x_wconf 87' lang='lat' dir='ltr'><strong><em>tres</em></strong></span> <span class='ocrx_word' id='word_1_283' title='bbox 3093 5217 3294 5262; x_wconf 86' lang='lat' dir='ltr'><strong><em>annos</em></strong></span> <span class='ocrx_word' id='word_1_284' title='bbox 3336 5198 3408 5261; x_wconf 88' lang='lat' dir='ltr'><strong><em>in</em></strong></span> <span class='ocrx_word' id='word_1_285' title='bbox 3447 5199 3610 5280; x_wconf 83' lang='lat' dir='ltr'><strong><em>jure</em></strong></span> <span class='ocrx_word' id='word_1_286' title='bbox 3653 5196 3937 5262; x_wconf 79' lang='lat' dir='ltr'><strong><em>canonico</em></strong></span> 
     </span>
     <span class='ocr_line' id='line_1_33' title="bbox 1098 5302 3936 5389; baseline -0.001 -19"><span class='ocrx_word' id='word_1_287' title='bbox 1098 5304 1380 5387; x_wconf 85' lang='lat' dir='ltr'><strong><em>studuit,</em></strong></span> <span class='ocrx_word' id='word_1_288' title='bbox 1440 5302 1864 5385; x_wconf 84' lang='lat' dir='ltr'><strong><em>conferuntur</em></strong></span> <span class='ocrx_word' id='word_1_289' title='bbox 1923 5306 2334 5369; x_wconf 86' lang='lat' dir='ltr'><strong><em>canonicatus</em></strong></span> <span class='ocrx_word' id='word_1_290' title='bbox 2381 5310 2439 5367; x_wconf 89' lang='lat' dir='ltr'><strong><em>et</em></strong></span> <span class='ocrx_word' id='word_1_291' title='bbox 2472 5302 2844 5388; x_wconf 85' lang='lat' dir='ltr'><strong><em>praebenda</em></strong></span> <span class='ocrx_word' id='word_1_292' title='bbox 2890 5304 2961 5369; x_wconf 90' lang='lat' dir='ltr'><strong><em>in</em></strong></span> <span class='ocrx_word' id='word_1_293' title='bbox 3009 5306 3265 5369; x_wconf 85' lang='lat' dir='ltr'><strong><em>ecclesia</em></strong></span> <span class='ocrx_word' id='word_1_294' title='bbox 3319 5303 3503 5386; x_wconf 84' lang='lat' dir='ltr'><strong><em>Traj.</em></strong></span> <span class='ocrx_word' id='word_1_295' title='bbox 3540 5323 3666 5389; x_wconf 89' lang='lat' dir='ltr'><strong><em>per</em></strong></span> <span class='ocrx_word' id='word_1_296' title='bbox 3711 5302 3936 5368; x_wconf 78' lang='lat' dir='ltr'><strong><em>obitum</em></strong></span> 
     </span>
     <span class='ocr_line' id='line_1_34' title="bbox 1098 5407 3932 5497; baseline -0.001 -22"><span class='ocrx_word' id='word_1_297' title='bbox 1098 5409 1422 5475; x_wconf 79' lang='lat' dir='ltr'><strong><em>Johannis</em></strong></span> <span class='ocrx_word' id='word_1_298' title='bbox 1481 5407 1675 5475; x_wconf 86' lang='lat' dir='ltr'><strong><em>Vaelt.</em></strong></span> <span class='ocrx_word' id='word_1_299' title='bbox 1728 5416 2020 5473; x_wconf 83' lang='lat' dir='ltr'><strong><em>vacantes</em></strong></span> <span class='ocrx_word' id='word_1_300' title='bbox 2082 5417 2141 5474; x_wconf 91' lang='lat' dir='ltr'><strong><em>et</em></strong></span> <span class='ocrx_word' id='word_1_301' title='bbox 2199 5409 2302 5473; x_wconf 89' lang='lat' dir='ltr'><strong><em>die</em></strong></span> <span class='ocrx_word' id='word_1_302' title='bbox 2355 5410 2439 5472; x_wconf 80' lang='lat'><strong><em>21</em></strong></span> <span class='ocrx_word' id='word_1_303' title='bbox 2487 5409 2776 5493; x_wconf 73' lang='lat' dir='ltr'><strong><em>Anqusti</em></strong></span> <span class='ocrx_word' id='word_1_304' title='bbox 2806 5412 3102 5494; x_wconf 77' lang='lat' dir='ltr'><strong><em>proxime</em></strong></span> <span class='ocrx_word' id='word_1_305' title='bbox 3148 5410 3361 5497; x_wconf 85' lang='lat' dir='ltr'><strong><em>elapso</em></strong></span> <span class='ocrx_word' id='word_1_306' title='bbox 3408 5409 3741 5476; x_wconf 84' lang='lat' dir='ltr'><strong><em>donationi</em></strong></span> <span class='ocrx_word' id='word_1_307' title='bbox 3781 5407 3932 5474; x_wconf 83' lang='lat' dir='ltr'><strong><em>sedis</em></strong></span> 
     </span>
    </p>
   </div>
   <div class='ocr_carea' id='block_1_18' title="bbox 1099 5515 2910 5602">
    <p class='ocr_par' dir='ltr' id='par_1_18' title="bbox 1099 5515 2910 5602">
     <span class='ocr_line' id='line_1_35' title="bbox 1099 5515 2910 5602; baseline -0.001 -20"><span class='ocrx_word' id='word_1_308' title='bbox 1099 5517 1479 5602; x_wconf 84' lang='lat' dir='ltr'><strong><em>apostolicae</em></strong></span> <span class='ocrx_word' id='word_1_309' title='bbox 1522 5523 1894 5580; x_wconf 83' lang='lat' dir='ltr'><strong><em>reservatae.</em></strong></span> <span class='ocrx_word' id='word_1_310' title='bbox 1946 5552 2030 5565; x_wconf 90' lang='lat'>—</span> <span class='ocrx_word' id='word_1_311' title='bbox 2079 5515 2495 5600; x_wconf 86' lang='lat' dir='ltr'><strong><em>Deputantur</em></strong></span> <span class='ocrx_word' id='word_1_312' title='bbox 2540 5522 2910 5580; x_wconf 75' lang='lat' dir='ltr'><strong><em>executores.</em></strong></span> 
     </span>
    </p>
   </div>
   <div class='ocr_carea' id='block_1_19' title="bbox 4326 536 4341 1363">
    <p class='ocr_par' dir='ltr' id='par_1_19' title="bbox 4326 536 4341 1363">
     <span class='ocr_line' id='line_1_36' title="bbox 4326 536 4341 1363; baseline 0 0"><span class='ocrx_word' id='word_1_313' title='bbox 4326 536 4341 1363; x_wconf 95' lang='lat' dir='ltr'><strong><em> </em></strong></span> 
     </span>
    </p>
   </div>
   <div class='ocr_carea' id='block_1_20' title="bbox 4306 1510 4362 5148">
    <p class='ocr_par' dir='ltr' id='par_1_20' title="bbox 4306 1510 4362 5148">
     <span class='ocr_line' id='line_1_37' title="bbox 4306 1510 4362 5148; baseline 0 0"><span class='ocrx_word' id='word_1_314' title='bbox 4306 1510 4362 5148; x_wconf 95' lang='lat' dir='ltr'><strong><em> </em></strong></span> 
     </span>
    </p>
   </div>
   <div class='ocr_carea' id='block_1_21' title="bbox 4327 5799 4341 6577">
    <p class='ocr_par' dir='ltr' id='par_1_21' title="bbox 4327 5799 4341 6577">
     <span class='ocr_line' id='line_1_38' title="bbox 4327 5799 4341 6577; baseline 0 0"><span class='ocrx_word' id='word_1_315' title='bbox 4327 5799 4341 6577; x_wconf 95' lang='lat' dir='ltr'><strong><em> </em></strong></span> 
     </span>
    </p>
   </div>
  </div>
 </body>
</html>
