4450 6684
1893 500 2209 565 omasus
2253 499 2372 564 VI.
3590 503 3666 565 11

601 723 992 787 auctoritate
1039 728 1265 787 nostra
1300 722 1502 807 juxta
1546 721 1823 786 ecclesie
1855 721 2128 785 formam
2160 720 2492 801 absolvas,
2539 718 2853 804 injunctis
2886 720 2981 785 eis
3011 720 3185 785 inter
3217 722 3348 785 alia
3379 722 3500 787 sub
3536 724 3663 787 vir-

602 834 747 893 tute
784 829 1146 914 juramenti
1192 827 1560 915 prestandi,
1610 826 1787 914 quod
1835 827 1917 892 de
1964 833 2183 891 cetero
2234 826 2470 890 similia
2499 845 2635 890 non
2665 827 3081 893 committant
3112 848 3233 892 nec
3266 827 3662 893 facientibus

597 935 921 1021 prebeant
982 935 1364 1017 consilium,
1428 934 1749 999 auxilium
1802 934 1904 999 vel
1949 933 2279 1016 favorem,
2330 953 2404 997 ac
2452 933 2825 1020 penitencia
2871 934 3141 999 salutari
3191 940 3260 999 et
3309 935 3485 1018 aliie,
3534 957 3663 1023 que

600 1040 684 1107 de
736 1043 888 1127 jure
935 1041 1179 1107 fuerint
1224 1041 1668 1127 injungenda3
1718 1046 1786 1106 et
1831 1038 2097 1105 demum
2144 1060 2292 1104 cum
2343 1038 2590 1104 eisdem
2637 1040 2942 1105 Johanne
2992 1041 3198 1105 milite
3247 1046 3315 1106 et
3363 1041 3538 1126 Oda,
3585 1048 3661 1107 ut

597 1146 1069 1232 impedimento
1132 1168 1218 1212 ex
1282 1147 1854 1233 consanguinitate
1914 1143 2292 1229 hujusmodi
2355 1146 2786 1232 proveniente
2851 1166 3265 1233 nequaquam
3323 1147 3663 1231 obstante,

597 1252 1083 1318 matrimonium
1142 1252 1225 1318 de
1272 1274 1444 1319 novo
1491 1253 1878 1318 contrahere
1928 1257 1996 1317 et
2040 1252 2111 1316 in
2157 1272 2271 1333 eo,
2323 1257 2669 1338 postquam
2719 1259 3127 1317 contractum
3175 1254 3409 1337 fuerit,
3456 1274 3669 1319 rema-

598 1378 756 1423 nere
814 1358 993 1424 licite
1054 1359 1354 1442 valeant,
1420 1359 1652 1425 eadem
1716 1360 2108 1423 auctoritate
2175 1356 2552 1444 dispensae,
2616 1359 2866 1444 prolem
2932 1365 3304 1445 susceptam
3353 1366 3421 1425 et
3468 1362 3671 1425 susci·

596 1463 903 1550 piendam
950 1487 1035 1531 ex
1083 1467 1178 1532 eis
1223 1466 1583 1552 legitimam
1631 1464 2064 1531 decernendo.
2116 1465 2439 1531 Volumus
2489 1471 2738 1547 autem,
2792 1465 2967 1551 quod
3009 1466 3289 1552 predicti
3320 1466 3365 1534 J
3369 1466 3663 1532 ohannes

599 1572 786 1637 miles
848 1578 917 1638 et
981 1572 1127 1638 Oda
1188 1593 1386 1638 unam
1431 1579 1820 1660 perpetuam
1868 1572 2300 1660 capellaniam
2345 1572 2693 1638 instituere
2741 1594 3016 1660 eamque
3068 1574 3151 1638 de
3198 1575 3436 1661 viginti
3481 1575 3667 1640 libris

600 1679 1083 1745 Turonensium
1144 1700 1493 1767 parvorum
1553 1681 1754 1745 annui
1801 1677 2097 1744 redditus
2146 1676 2376 1743 dotare
2424 1679 2594 1743 infra
2637 1679 2977 1744 biennium
3025 1686 3380 1745 teneantur
3399 1730 3416 1764 ,
3466 1701 3663 1766 super

601 1806 730 1872 quo
775 1784 1100 1871 ydoneam
1148 1786 1422 1873 recipias
1469 1786 1863 1851 cautionem.
1921 1784 2056 1849 Dat
2101 1785 2472 1868 Avinione,
2520 1785 2661 1850 ΧΠ
2705 1784 2815 1850 Kl.
2867 1784 2910 1849 J
2914 1785 3053 1850 unii
3075 1836 3091 1869 ,
3141 1806 3314 1850 anno
3362 1786 3665 1872 septimo.

1018 1920 1145 1983 Ray.
1181 1923 1279 1970 Aa.
1322 1922 1378 1969 T.
1413 1918 1502 1977 46.
1534 1920 1594 1982 s.
1628 1919 1734 1969 47¹1.

750 2063 808 2129 1)
844 2062 1018 2128 Supra
1051 2079 1202 2114 num.
1236 2063 1386 2115 1088.

600 2515 792 2584 1249.
1626 2517 1839 2598 1348,
1890 2514 2061 2595 Majz·
2106 2517 2223 2597 25,
2273 2517 2639 2579 Avenionis.

916 2669 1154 2735 Jacobo
1201 2670 1277 2734 de
1330 2669 1669 2734 Binchorst
1712 2670 1944 2750 militi,
1990 2668 2242 2733 domino
2274 2669 2351 2732 de
2382 2668 2804 2751 Rosenberch‚
2856 2669 3037 2752 Traj.
3078 2670 3267 2734 dioec.
3305 2671 3672 2735 conceditur

821 2777 1234 2862 privileqium
1268 2776 1610 2860 plenariae
1643 2781 2050 2860 peccatorum
2098 2776 2484 2839 remissionis
2531 2778 2600 2839 in
2647 2776 2920 2839 articulo
2968 2778 3209 2840 mortis.

823 2957 1140 3024 Provenit
1187 2979 1292 3023 ex.
1323 3006 1338 3022 .
1366 3004 1384 3023 .
1414 3008 1430 3023 .
1477 2957 1632 3023 Dat.
1682 2956 2049 3039 Avinione‚
2102 2957 2275 3023 VIII
2321 2958 2431 3024 Kl.
2482 2958 2704 3043 Junii,
2753 2981 2926 3024 anno
2975 2960 3283 3046 septimo.

1017 3091 1141 3156 περ.
1178 3093 1273 3142 av.
1320 3094 1374 3142 T.
1408 3091 1500 3156 46,
1527 3094 1589 3157 s.
1623 3090 1743 3142 347.

595 3589 787 3658 1250.
1618 3593 1835 3674 1348,
1883 3589 2055 3674 Maji
2105 3590 2226 3671 28,
2274 3591 2639 3654 Avenionis.

908 3745 1204 3811 Arnoldo
1249 3745 1499 3810 domino
1531 3745 1607 3809 de
1636 3744 1993 3827 Iselsteine,
2036 3746 2234 3808 militi
2273 3743 2456 3826 Traj.
2489 3745 2678 3811 dioec.
2713 3745 3073 3809 conceditur
3109 3746 3360 3810 licentia
3393 3744 3667 3809 habendi

821 3853 1032 3917 altare
1065 3855 1400 3937 portatile.

815 4033 1083 4099 Sincere
1130 4032 1521 4098 devotionis.
1552 4081 1568 4096 .
1597 4079 1612 4095 .
1642 4079 1659 4096 .
1706 4033 1861 4097 Dat.
1910 4031 2285 4116 Avinione,
2334 4033 2398 4098 V
2445 4032 2555 4098 Kl.
2606 4031 2829 4116 Junii,
2878 4053 3050 4098 anno
3101 4035 3409 4120 septimo.

1014 4168 1138 4231 Rea.
1174 4171 1271 4218 Av.
1313 4165 1373 4217 T.
1410 4166 1501 4232 45,
1534 4169 1589 4228 f.
1623 4165 1741 4218 213.

1813 4429 2397 4437 ——-—————-

592 4664 777 4734 1251.
1613 4666 1820 4748 1348,
1870 4664 2065 4729 Junii
2106 4666 2225 4747 27,
2275 4664 2640 4730 Avenionis.

905 4820 1201 4887 Arnoldo
1260 4820 1511 4886 domino
1572 4820 1649 4884 de
1708 4818 2071 4901 Iselsteine,
2131 4818 2328 4881 militi
2396 4816 2577 4899 Traj.
2641 4816 2834 4881 dioec.
2894 4815 3296 4900 indulqe’tur,
3365 4815 3536 4901 quod
3590 4819 3662 4880 in

821 4929 967 4992 locis
1028 4927 1362 4991 interdicto
1422 4927 1768 5011 suppositis
1830 4924 2102 4989 Missam
2164 4930 2225 4987 et
2285 4923 2422 4987 alia
2475 4922 2694 4986 divina
2740 4922 2959 5004 officia
2994 4923 3311 5006 privatim
3356 4921 3665 4986 celebrari

814 5034 1024 5116 facere
1068 5034 1299 5098 valeat.

811 5213 1208 5281 Devocionis
1254 5218 1390 5280 tue.
1418 5261 1434 5277 .
1462 5260 1478 5278 .
1509 5261 1525 5278 .
1573 5213 1728 5279 Dat.
1778 5212 2150 5296 Avinione‚
2200 5213 2265 5280 V
2311 5212 2425 5279 Kl.
2473 5212 2674 5294 Julii,
2723 5233 2898 5277 anno
2947 5212 3249 5298 septimo.

1005 5350 1132 5414 Ray.
1166 5352 1266 5400 Aa.
1306 5352 1360 5400 Τ.
1395 5349 1488 5413 45,
1512 5352 1574 5414 s.
1609 5348 1725 5400 213.
