4450 6684
852 555 981 620 180
2148 553 2484 620 nunnus
2536 554 2618 618 V.

1067 773 1450 862 Apostolios
1496 770 1691 838 sedis.
1718 817 1736 835 .
1764 819 1782 836 .
1810 816 1829 836 .
1884 772 2040 838 Dat.
2090 771 2461 855 Avinions,
2510 771 2650 838 XII
2695 771 2807 840 m.
2856 771 3055 858 MaJi,
3104 792 3279 839 anno
3324 773 3554 861 primo.

1262 890 1391 953 309.
1424 889 1525 939 Ao.
1567 889 1624 939 r.
1659 886 1714 952 3,
1740 888 1805 953 s.
1837 885 1978 940 sisa

999 1016 1059 1081 1)
1093 1015 1427 1081 (mpudens,
1462 1013 1619 1078 cujus
1653 1014 1889 1064 nominis
1922 1014 2049 1063 olim
2082 1014 2395 1079 oppidulum
2431 1014 2769 1081 (Hagestein)
2803 1015 3048 1067 exstabat
3084 1029 3247 1080 prope
3281 1014 3522 1066 vinnam.

845 1409 1035 1479 1748.
1838 1408 2046 1490 1363,
2092 1406 2355 1492 Aprilis
2401 1408 2522 1490 20,
2568 1407 2935 1472 Avenionis.

1178 1561 1450 1626 Wesselo
1505 1559 1728 1625 Tanke
1773 1559 2108 1642 confertur
2140 1558 2550 1644 parochialis
2594 1558 2851 1623 ecclesia
2896 1559 2965 1622 in
3017 1555 3342 1642 Gasperde
3382 1555 3564 1638 Traj.
3608 1553 3799 1620 dioec.
3835 1586 3920 1602 —

1072 1669 1490 1754 Deputantur
1534 1672 1908 1730 executores.

1074 1846 1458 1935 Apostolioe
1497 1844 1692 1911 sedis.
1720 1892 1738 1910 .
1764 1890 1783 1910 .
1810 1891 1827 1909 .
1876 1843 2029 1909 Non
2068 1843 2485 1910 obstantibus
2527 1891 2545 1908 .
2574 1890 2592 1908 .
2618 1890 2637 1909 .
2662 1889 2680 1907 .
2721 1839 2898 1929 quod
2929 1839 3256 1928 quandam
3289 1845 3676 1928 perpetuam
3706 1837 3921 1924 capel-

850 1954 1094 2021 laniam
1141 1954 1210 2018 in
1245 1950 1522 2019 ecelesia
1552 1950 1993 2017 Gsrvlietsnsi
2025 1949 2200 2015 dicte
2233 1949 2512 2015 diocesis
2545 1948 2833 2014 noscaris
2864 1946 3188 2014 obtinere.
3215 1993 3233 2011 .
3258 1991 3277 2011 .
3304 1994 3321 2011 .
3370 1945 3523 2012 Dat.
3555 1944 3915 2026 Avinions,

854 2062 995 2129 ΧΠ
1040 2061 1151 2127 Kl.
1198 2059 1396 2144 Maji,
1445 2078 1619 2123 anno
1666 2056 1898 2143 primo.

1270 2174 1395 2238 Βόα.
1430 2174 1529 2223 Ao.
1571 2173 1628 2223 Y.
1662 2171 1716 2236 3,
1744 2173 1804 2238 f.
1837 2171 1952 2224 256.

851 2597 1044 2665 1749.
1821 2593 2040 2675 1363,
2088 2593 2349 2677 Aprilis
2394 2594 2518 2675 27,
2565 2593 2932 2657 Avenionis.

1174 2749 1375 2814 Petro
1421 2747 1498 2812 de
1549 2746 1744 2811 Velde
1792 2748 2111 2811 licentiato
2158 2748 2231 2810 in
2274 2746 2539 2812 decretis
2587 2746 2916 2828 confertur
2963 2747 3372 2811 canonicatus
3417 2750 3476 2807 et
3517 2745 3929 2806 reservantur

1077 2853 1446 2940 praebenda
1516 2874 1660 2918 cum
1724 2855 2159 2939 supplemento
2227 2874 2468 2918 necnon
2538 2855 2820 2940 diqnitas
2839 2901 2857 2936 ,
2913 2860 3300 2939 personatus
3358 2872 3468 2916 seu
3527 2848 3816 2932 officium
3858 2847 3932 2909 in

1083 2961 1339 3025 ecclesia
1410 2960 1628 3044 Traj.,·
1695 2981 1859 3045 quae
1905 2968 2115 3025 autem
2162 2981 2302 3024 cum
2351 2968 2671 3025 assecutus
2715 2961 2960 3044 fuerit,
3004 2959 3447 3045 parochialem
3490 2955 3812 3021 ecclesiam
3854 2951 3932 3015 de

1098 3065 1391 3130 Vorhout
1443 3065 1626 3149 Traj.
1673 3067 1864 3130 dioec.
1912 3067 2218 3131 dimittat.
2272 3103 2355 3115 —
2403 3066 2821 3152 Deputantur
2867 3074 3255 3148 executores,
3310 3067 3476 3129 inter
3523 3083 3680 3149 quos
3734 3058 3932 3124 Theo·

1082 3171 1332 3236 dericus
1377 3172 1453 3236 de
1499 3171 1765 3254 Jutfaes
1810 3175 2146 3237 canonicus
2202 3171 2386 3255 Traj.

1107 3357 1511 3422 Litterarum
1557 3357 1848 3423 scientia.
1878 3405 1894 3421 .
1923 3404 1940 3422 .
1967 3406 1984 3423 .
2032 3357 2184 3423 Non
2233 3358 2648 3423 obstantibus
2689 3406 2704 3423 .
2733 3406 2751 3423 .
2777 3406 2795 3424 .
2822 3406 2838 3423 .
2888 3358 3065 3445 quod
3095 3360 3167 3423 in
3197 3357 3475 3425 ecclesia
3502 3357 3698 3421 beate
3728 3352 3937 3419 Maris

869 3461 1283 3547 'l'rajeetsnsi
1327 3464 1779 3527 canonicatum
1814 3469 1882 3527 et
1911 3462 2315 3550 prebendam
2349 3469 2417 3530 et
2449 3465 2921 3550 parrochialem
2956 3466 3299 3531 ecelesiam
3331 3463 3415 3530 ds
3446 3461 3751 3529 Vorhout
3781 3461 3943 3526 Tra·

858 3568 1179 3653 jectensis
1226 3566 1505 3633 diocesis
1553 3569 1840 3633 nosceris
1889 3568 2211 3636 obtinere.
2242 3616 2262 3634 .
2288 3617 2304 3634 .
2334 3616 2351 3634 .
2400 3571 2553 3634 Dat.
2601 3571 2967 3654 Avinions,
3017 3571 3081 3637 V
3112 3570 3222 3635 Kl.
3255 3569 3450 3654 MaJi,
3501 3588 3674 3633 anno
3705 3567 3939 3655 primo.

1280 3687 1408 3750 περ.
1442 3689 1539 3739 Ao.
1584 3689 1638 3738 T.
1673 3687 1812 3754 1,s.
1849 3687 1930 3739 71.

866 4104 1054 4173 1750.
1852 4110 2063 4191 1363,
2109 4109 2370 4193 Aprilis
2414 4111 2536 4192 28,
2582 4110 2949 4174 Avenionis.

1188 4259 1474 4325 Henrico
1541 4262 1707 4326 dicto
1756 4261 2013 4348 Streyol
2057 4265 2280 4328 clerico
2334 4263 2520 4346 Traj.
2568 4264 2758 4328 dioec.
2808 4262 3187 4346 conferenda
3231 4269 3643 4327 reservantur
3686 4262 3943 4326 canoni-

1098 4374 1282 4432 catus
1330 4375 1388 4430 et
1424 4368 1830 4452 praebenda,
1880 4391 2042 4455 quae
2088 4371 2157 4433 in
2202 4372 2456 4435 ecclesia
2508 4369 2576 4434 S.
2616 4369 2891 4434 Lebuini
2922 4369 3373 4434 Daventrieusi
3400 4368 3723 4432 Lubertus
3754 4367 3944 4433 Bolle

1096 4472 1307 4537 adhuc
1351 4473 1600 4540 obtinet.
1653 4512 1735 4523 —
1784 4475 2205 4560 Deputantur
2254 4484 2624 4541 executores.

1108 4652 1500 4719 Laudabilia
1542 4656 1908 4742 probitatis,
1938 4704 1955 4721 .
1982 4705 2001 4724 .
2026 4703 2045 4723 .
2094 4658 2249 4724 Dat.
2297 4659 2670 4745 Avinions,
2717 4660 2860 4726 1111
2907 4660 3015 4725 Kl.
3063 4660 3260 4745 Maji,
3309 4680 3482 4725 anno
3528 4661 3756 4747 primo.

1292 4769 1418 4832 Ray.
1449 4773 1549 4820 Ao.
1592 4772 1644 4821 T.
1680 4770 1739 4835 3,
1762 4772 1824 4837 s.
1860 4773 1998 4825 ων.

2108 4992 2115 4996 .
2142 4991 2426 4998 ——————--.-—
2443 4991 2694 4999 --—--——

874 5187 1057 5255 1751.
1848 5195 2065 5278 1363,
2112 5196 2376 5281 Aprilis
2429 5198 2554 5279 28,
2600 5197 2967 5262 Avenionis.

1195 5341 1654 5429 Infrascriptis
1715 5347 2101 5430 mandatur,
2161 5356 2235 5413 ut
2280 5349 2654 5416 Baldewino
2699 5352 2776 5416 de
2821 5352 3066 5436 Dalen,
3122 5359 3273 5417 nato
3321 5351 3641 5438 quondam
3688 5350 3949 5416 Nicolai

1104 5447 1264 5513 dicti
1334 5449 1605 5535 Gruter,
1654 5452 2065 5538 presbytero,
2126 5458 2424 5522 canonico
2486 5458 2770 5522 ecclesiae
2824 5458 3044 5542 Traj.,
3092 5461 3159 5523 in
3186 5461 3369 5543 jure.
3391 5458 3686 5523 canonico
3733 5456 3948 5521 bacca·

1107 5556 1362 5638 laureo,
1428 5556 1505 5621 de
1550 5560 1979 5643 supplemento
2027 5562 2095 5625 in
2141 5562 2352 5626 eadem
2400 5565 2654 5629 ecclesia
2686 5573 2839 5649 post
2887 5564 3120 5630 obitum
3167 5565 3358 5630 Petri
3402 5563 3659 5629 Balbeti
3702 5562 3948 5628 diutius

1101 5670 1368 5727 vacante
1401 5664 1736 5749 provideri
1776 5666 2048 5749 faciant.
