4450 6684
1779 592 2240 659 Imrocmms
2284 593 2407 661 VI.
3507 598 3636 665 117

564 806 753 878 1⁶79.
1523 815 1742 898 1361,
1792 813 2075 881 Octobris
2122 818 2250 901 23,
2297 817 2666 884 Amazonis.

882 965 1344 1032 Emecuwribus
1366 967 1424 1052 1)
1467 968 1836 1053 mndatur,
1883 976 1960 1035 ut
1988 969 2275 1057 Bemiqio
2314 972 2662 1038 Thurionis
2702 973 2780 1038 de
2811 972 3176 1061 Dombrayo
3200 975 3255 1058 2)
3300 975 3635 1059 conferant

785 1074 1333 1243 miani,
1403 1076 1476 1140 in
1543 1076 1798 1141 ecclesia
1865 1075 1935 1141 S.
2005 1077 2197 1143 Petri
2264 1078 2448 1163 Traj.
2511 1099 2745 1145 vacans
2791 1100 2919 1166 per
2975 1079 3208 1146 obitum
3259 1081 3517 1148 Gerlaci
3558 1083 3638 1148 de

786 1359 1151 1426 Probitatis
1198 1365 1267 1427 et
1311 1362 1650 1426 virtutum.
1679 1406 1697 1425 .
1722 1407 1741 1426 .
1768 1408 1787 1426 .
1834 1361 1988 1427 Dat.
2035 1360 2371 1429 Avinione
2391 1413 2408 1448 ,
2456 1364 2525 1430 X
2571 1364 2682 1430 Kl.
2734 1365 3164 1450 Novembris,
3212 1386 3385 1431 anno
3433 1386 3632 1433 nono.

982 1480 1109 1559 ἕως.
1140 1486 1238 1545 Ab.
1282 1497 1339 1548 T.
1370 1482 1462 1561 25,
1487 1494 1547 1561 s.
1582 1488 1699 1546 459.

719 1640 777 1708 1)
811 1641 1008 1694 Iisdem
1041 1648 1104 1694 ut
1136 1657 1298 1709 supra
1330 1657 1484 1697 num.
1514 1642 1674 1710 1659,
1712 1644 1809 1696 ubi
1842 1644 2039 1711 legitur
2071 1644 2155 1712 2):
2193 1645 2260 1696 de
2292 1644 2603 1712 Dombia505
2636 1650 2825 1697 utrum
2857 1647 3052 1698 melius
3085 1647 3159 1698 sit
3190 1645 3387 1697 nescio.

573 2157 776 2227 lesos
1497 2164 1713 2247 1361,
1762 2163 2134 2231 Novmbrss
2178 2168 2302 2251 20,
2346 2167 2713 2232 Avenionis.

886 2314 1219 2382 Everardo
1266 2316 1342 2381 de
1385 2316 1563 2382 Reno
1608 2321 1842 2384 rectori
1872 2320 2276 2404 parochialis
2324 2321 2611 2385 ecclesiae
2655 2319 2733 2384 de
2764 2318 3098 2383 Zassenem
3122 2317 3176 2401 1)
3233 2315 3415 2400 Traj.
3449 2316 3640 2381 dioec.

796 2429 1160 2488 reservatur
1231 2422 1592 2507 beneficium
1651 2423 2103 2507 conferendum
2163 2445 2206 2491 a
2272 2427 2554 2511 capitulo
2603 2425 2671 2490 S.
2718 2424 2911 2489 Petri
2962 2423 3145 2508 Traj.
3194 2430 3254 2488 et
3297 2442 3441 2487 cum
3484 2441 3644 2487 cura

801 2531 891 2595 25
906 2578 925 2614 ,
969 2533 1104 2595 sine
1148 2550 1308 2596 cura
1352 2551 1496 2596 vero
1544 2532 1633 2596 18
1678 2551 2043 2596 marcarum
2089 2534 2344 2618 arqenti
2386 2533 2663 2598 valorem
2708 2549 2995 2596 annuum
3039 2551 3169 2596 non
3204 2528 3516 2595 excedens.
3556 2564 3643 2578 —

792 2635 1210 2723 Deputantur
1254 2642 1622 2702 executores.

792 2819 953 2886 vito
999 2840 1075 2886 ac
1119 2841 1396 2886 morum.
1429 2868 1445 2885 .
1477 2869 1493 2885 .
1520 2868 1536 2883 .
1585 2820 1741 2886 Dat.
1790 2820 2123 2886 Avinione
2145 2869 2164 2906 ,
2209 2820 2351 2886 XII
2395 2819 2507 2885 Kl.
2556 2772 2977 2904 Decembris,
3025 2839 3199 2885 anno
3245 2838 3446 2884 nono.

994 2955 1121 3020 περ.
1153 2956 1254 3006 An.
1297 2958 1352 3006 T.
1384 2954 1476 3019 25,
1500 2957 1566 3020 s.
1597 2952 1701 3006 39·.

724 3100 781 3169 1)
817 3100 1178 3155 Samuheim.

575 3519 763 3591 1681.
1509 3525 1723 3608 1361,
1771 3523 2129 3589 Decembris
2173 3526 2291 3607 13,
2338 3524 2707 3590 Avenionis.

899 3674 1280 3742 Theoderico
1325 3675 1862 3764 Heynriciboninc
1906 3678 2128 3743 clerico
2183 3676 2368 3762 Traj.
2417 3678 2607 3743 dioec.
2653 3685 3015 3743 reservatur
3051 3679 3255 3743 simile
3285 3677 3644 3762 beneficium

808 3781 1259 3865 conferendum
1319 3803 1364 3847 a
1424 3784 1709 3868 capitulo
1772 3782 1827 3847 b.
1889 3782 2148 3848 Mariae
2215 3782 2400 3868 Traj.
2451 3820 2534 3833 —
2592 3782 3010 3869 Deputantur
3053 3792 3431 3870 executores,
3476 3786 3645 3851 inter

806 3907 964 3974 qnos
1006 3886 1205 3974 Huqo
1263 3886 1530 3953 Uustinc
1573 3891 1911 3955 canonicus
1962 3887 2145 3973 Traj.

799 4062 1195 4140 Lauda’m'li'a
1240 4073 1497 4139 merita.
1523 4118 1540 4136 .
1567 4118 1585 4137 .
1613 4118 1630 4136 .
1678 4071 1833 4137 Dat.
1879 4070 2215 4159 Avinione
2234 4119 2253 4156 ,
2299 4071 2400 4137 Id.
2448 4072 2871 4156 Decembris,
2917 4091 3093 4136 anno
3141 4090 3338 4136 nono.

988 4209 1115 4274 Rea.
1148 4210 1251 4261 Δι’.
1292 4211 1347 4260 Τ.
1381 4207 1472 4273 25,
1500 4211 1562 4274 s.
1594 4206 1711 4259 250.

573 4741 766 4811 1682.
1529 4744 1741 4826 1362,
1787 4742 2107 4808 Januarii
2148 4741 2272 4823 12,
2316 4738 2682 4805 Aoenionis.

886 4897 1169 4964 Henrico
1246 4898 1509 4964 Volkier
1577 4899 1799 4964 clerico
1869 4896 2052 4980 Traj.
2116 4895 2305 4960 dioec.
2328 4941 2347 4977 ,
2413 4897 2719 4980 maqistro
2764 4895 2835 4959 in
2880 4892 3226 4976 medicina,
3273 4891 3636 4958 conceditur

788 5004 1211 5090 privileqium
1244 5005 1586 5090 plenariae
1616 5009 2023 5089 peccatorum
2067 5001 2455 5065 remissionis
2500 5001 2571 5065 in
2614 4999 2889 5065 articulo
2934 5000 3175 5064 mortis.

793 5180 1116 5248 Provenit
1165 5202 1270 5247 ex.
1297 5227 1315 5246 .
1343 5228 1360 5246 .
1388 5228 1405 5246 .
1452 5181 1607 5247 Dat.
1655 5182 2026 5266 Avinione‚
2073 5181 2147 5247 11
2192 5180 2295 5246 Id.
2344 5181 2389 5248 J
2391 5180 2684 5264 aunarii,
2732 5201 2906 5247 anno
2954 5146 3229 5246 decimo.

984 5321 1108 5386 Rea.
1145 5323 1246 5372 Ao.
1288 5323 1343 5372 Τ.
1377 5320 1470 5387 28,
1492 5324 1554 5387 s.
1588 5320 1704 5374 578.
