4450 6684
939 527 1070 591 232
2186 525 2588 589 Gnaeonms
2634 524 2756 589 XI.

936 747 1134 829 rerit,
1201 746 1374 832 quod
1439 766 1666 810 omnes
1730 752 1798 809 et
1861 745 2117 830 singule
2177 745 2522 831 porciones
2577 766 2652 809 ac
2699 744 3137 830 parrochiales
3184 744 3458 809 ecclesie
3506 742 3798 830 predicte
3845 747 4000 807 sunt

943 852 1491 939 quamplurimum
1552 851 1905 937 populeae,
1970 857 2038 915 et
2099 850 2274 936 quod
2336 851 2710 937 quicunque
2774 850 2859 914 sit
2908 855 3120 914 rector
3167 849 3573 934 singularum
3620 849 4000 935 porcionum

935 959 1041 1023 vel
1089 959 1510 1024 ecclesiarum
1556 957 1994 1044 predictarum
2040 957 2245 1023 habet
2292 978 2519 1042 gerere
2566 978 2788 1021 curam
2838 956 3112 1021 duarum
3145 957 3395 1020 milium
3428 976 3855 1041 personarum
3885 954 3993 1020 vel

937 1066 1223 1147 circiter,
1272 1073 1341 1129 et
1387 1063 1562 1150 quod
1610 1064 1949 1129 retroactis
1998 1063 2403 1149 temporibus
2451 1069 2882 1127 consueverat
2930 1061 3010 1126 de
3062 1060 3257 1125 dictis
3304 1061 3723 1147 porcionibus
3756 1066 3824 1125 et
3857 1080 4000 1145 par·

937 1173 1334 1237 rochialibus
1395 1171 1688 1235 ecclesiis
1751 1171 1908 1235 viris
1968 1169 2465 1234 honorabilibus
2512 1175 2582 1233 et
2627 1169 2937 1233 litteratis
2985 1189 3061 1232 ac
3109 1167 3468 1233 scientibus
3515 1167 3780 1253 ydioma
3823 1167 3997 1231 illius

935 1279 1147 1366 patrie
1195 1277 1557 1364 provideri,
1622 1275 1928 1362 quodque
1978 1276 2294 1340 nonnulle
2342 1276 2630 1360 ipsarum
2678 1275 3059 1360 porcionum
3107 1280 3177 1338 et
3224 1275 3649 1339 ecclesiarum
3693 1278 3998 1359 poterant

935 1386 1018 1451 ad
1082 1406 1351 1472 presens
1413 1386 1637 1469 vigore
1700 1383 2021 1447 dictarum
2082 1382 2451 1446 litterarum
2507 1381 2882 1466 hujusmodi
2930 1381 3137 1446 forme
3185 1402 3302 1467 per
3347 1381 3779 1467 impetrantes
3826 1382 3998 1466 ipsas

937 1493 1297 1578 acceptari,
1360 1501 1428 1556 et
1490 1489 1664 1577 quod
1713 1511 1752 1554 a
1800 1488 2025 1553 decem
2074 1489 2264 1552 annis
2312 1489 2475 1552 citra
2523 1488 3018 1575 quamplurimis
3066 1489 3362 1574 personis
3411 1488 3625 1551 minus
3670 1486 3998 1551 habilibus

937 1607 1003 1664 et
1051 1599 1315 1685 ydioma
1359 1596 1725 1683 predictum
1774 1595 2219 1660 nescientibus
2269 1594 2350 1658 de
2398 1596 2555 1681 ipsis
2602 1595 3020 1682 porcionibus
3054 1603 3121 1659 et
3158 1594 3672 1680 parrochialibus
3705 1592 3993 1658 ecclesiis

934 1707 1267 1793 provisum
1301 1705 1643 1784 extiterat,
1686 1704 1755 1766 in
1786 1703 2077 1788 ipsorum
2110 1702 2688 1788 parrochianorum
2722 1704 3085 1768 animarum
3119 1703 3484 1789 periculum
3520 1711 3585 1767 et
3619 1700 3996 1766 scandalum

932 1814 1389 1899 plurimorum,
1431 1809 1737 1896 quodque
1778 1816 2045 1896 propter
2078 1810 2394 1895 premissa
2426 1816 2856 1895 expectantes
2890 1809 3166 1895 predicti
3202 1830 3428 1874 eorum
3462 1810 3698 1894 graciis
3732 1808 3995 1872 minime

933 1919 1376 2004 privarentur,
1425 1937 1573 1980 cum
1621 1916 1827 1979 multa
1873 1916 2002 1979 alia
2043 1914 2367 1980 beneficia
2407 1913 2489 1978 ad
2523 1915 2947 1979 collacionem
2980 1916 3086 1979 vel
3119 1915 3680 2002 presentacionem
3717 1912 3990 2000 predicti

933 2023 1190 2086 abbatis
1252 2022 1659 2108 pertinencia
1720 2027 2036 2085 consueta
2097 2021 2351 2085 clericis
2415 2022 2816 2086 secularibus
2865 2023 3180 2107 assignari
3230 2028 3654 2105 remaneant,
3713 2041 3841 2106 que
3888 2039 4001 2105 per

933 2134 1363 2214 expectantes
1410 2126 1738 2215 predictos
1783 2133 2095 2213 poterunt
2142 2129 2505 2213 acceptari,
2557 2150 2674 2193 nos
2723 2149 2810 2192 ex
2856 2129 3188 2214 premissis
3237 2135 3303 2194 et
3350 2129 3494 2193 aliis
3542 2128 3738 2192 certis
3785 2126 3992 2191 causis

934 2235 1438 2300 racionabilibus
1501 2234 1582 2298 ad
1632 2234 1757 2298 hoc
1806 2235 2004 2315 moti,
2062 2236 2456 2299 auctoritate
2506 2236 2866 2321 apostolica
2917 2241 3143 2301 tenore
3191 2235 3603 2323 presencium
3652 2232 3995 2298 statuimus

933 2348 1001 2407 et
1047 2344 1253 2407 eciam
1301 2341 1703 2423 ordinamus,
1754 2340 1928 2426 quod
1977 2342 2317 2426 porciones
2367 2349 2435 2406 et
2482 2343 2918 2428 parrochiales
2967 2344 3240 2408 ecclesie
3273 2343 3566 2430 predicte
3601 2363 3719 2427 per
3757 2361 3990 2427 expec-

937 2451 1253 2513 tationem
1322 2447 1696 2532 hujusmodi
1768 2449 1992 2531 vigore
2064 2447 2472 2532 quarundam
2546 2449 2913 2513 litterarum
2981 2450 3486 2535 apostolicarum
3535 2448 3744 2513 eisin
3792 2447 3993 2510 forma

936 2554 1230 2641 predicta
1277 2574 1732 2618 concessarum
1781 2575 1897 2618 seu
1946 2555 2152 2617 eciam
2201 2553 2768 2618 concedendamm
2812 2554 2893 2618 de
2927 2561 3148 2619 cetero
3182 2577 3314 2619 non
3349 2555 3612 2619 valeant
3644 2554 3998 2639 acceptari,

939 2682 1060 2725 nec
1123 2667 1552 2746 expectantes
1615 2660 1739 2745 ipsi
1805 2660 1885 2724 de
1949 2660 2078 2724 illis
2143 2660 2266 2724 sibi
2331 2660 2544 2724 facere
2609 2660 2937 2746 provideri
2985 2684 3106 2726 nec
3154 2662 3360 2726 eciam
3410 2683 3524 2747 per
3572 2665 3998 2745 expectantes

932 2768 1108 2853 ipsos
1156 2766 1497 2852 porciones
1545 2787 1620 2829 ac
1669 2767 1943 2830 ecclesie
1992 2766 2317 2852 predicte,
2366 2766 2492 2830 nisi
2540 2768 3046 2852 expectantibus
3094 2769 3252 2853 ipsis
3285 2769 3355 2831 in
3391 2769 3485 2832 eis
3517 2772 3812 2852 tempore
3846 2764 3992 2829 date

933 2874 1343 2959 presencium
1407 2878 1582 2937 esset
1645 2872 2016 2959 specialiter
2071 2874 2181 2956 jus
2232 2873 2596 2956 quesitum,
2646 2873 2909 2937 valeant
2957 2873 3451 2958 quomodolibet
3499 2872 3821 2955 obtineri,
3871 2870 3995 2934 dis·

934 2979 1190 3042 trictius
1251 2978 1628 3042 inhibentes
1692 2977 2191 3062 quibuscunque
2256 2979 2721 3042 executoribus
2784 2978 2852 3041 in
2907 2978 3146 3042 litteris
3191 2976 3568 3063 hujusmodi
3615 2997 3732 3062 per
3779 2975 3998 3040 sedem

933 3083 1359 3170 apostolicam
1422 3082 1754 3168 deputatis
1821 3104 1938 3147 seu
2001 3083 2206 3147 eciam
2268 3082 2660 3168 deputandis
2720 3090 2787 3148 et
2836 3084 3333 3170 quibuscunque
3384 3083 3526 3149 aliis
3574 3081 4002 3146 communiter

930 3190 1037 3253 vel
1086 3188 1372 3269 divisim,
1421 3209 1503 3253 ne
1552 3194 1781 3253 contra
1828 3189 2318 3253 ordinacionem
2369 3195 2658 3253 nostram
2704 3190 3082 3275 hujusmodi
3133 3189 3378 3276 aliquid
3421 3193 3814 3275 attemptare
3853 3207 3995 3273 pre·

934 3300 1223 3376 sumant3
1273 3294 1703 3359 decernentes
1753 3316 2014 3359 exnunc
2062 3296 2318 3358 irritum
2368 3302 2435 3358 et
2476 3295 2673 3359 inane
2720 3295 3029 3382 quicquid
3061 3296 3129 3359 in
3164 3296 3560 3360 contrarium
3594 3317 3631 3358 a
3661 3312 3989 3380 quoquam

935 3400 1164 3485 quavis
1211 3401 1599 3464 auctoritate
1649 3400 1929 3465 scienter
1979 3401 2080 3464 vel
2127 3401 2508 3484 ignoranter
2556 3402 2906 3485 contigerit
2954 3402 3355 3487 attemptari.
3450 3400 3632 3465 Nulli
3683 3420 3837 3484 ergo
3891 3404 3995 3460 etc.

934 3506 1142 3570 nostri
1192 3506 1454 3586 statuti,
1506 3504 1971 3588 ordinacionis,
2009 3506 2427 3570 inhibicionis
2461 3513 2529 3570 et
2562 3508 3057 3571 constitucionis
3089 3508 3445 3593 infringere
3477 3514 3587 3570 ete.
3639 3505 3858 3591 Siquis
3890 3512 3996 3568 etc.

932 3611 1084 3675 Dat.
1135 3613 1499 3693 Avinione,
1548 3613 1682 3676 VII
1730 3612 1828 3676 Id.
1880 3614 2300 3695 Decembris,
2351 3634 2522 3677 anno
2573 3614 2881 3677 secundo.

1352 3748 1476 3810 Ray.
1512 3749 1608 3797 Αυ.
1656 3749 1707 3796 Τ.
1745 3747 1833 3809 13,
1862 3750 1921 3811 s.
1959 3745 2072 3797 517.

930 4146 1114 4212 2115.
1864 4149 2077 4229 1372,
2128 4149 2484 4212 Decembris
2529 4151 2646 4231 15,
2695 4151 3059 4213 Avenione'S.

1247 4301 1540 4364 Arnoldo
1610 4300 1716 4381 (de
1790 4300 2049 4383 Hoorn)
2119 4304 2402 4384 episcopo
2475 4300 2654 4383 Traj.
2722 4301 3098 4385 mandatur,
3162 4309 3234 4366 ut
3280 4268 3359 4366 ab
3405 4304 3664 4383 injuriis
3712 4301 3990 4365 Stoedero

1154 4404 1478 4490 (Uterloe)
1514 4408 1883 4489 praeposito
1930 4414 1988 4468 et
2035 4407 2478 4471 archidiacono
2536 4407 2715 4488 Traj.
2769 4409 3131 4493 irroyandis
3169 4430 3444 4494 pro-rsus
3488 4429 3552 4472 se
3596 4407 3923 4472 abstineat.

1154 4588 1535 4653 Venerabili
1586 4588 1767 4653 fratri
1817 4589 2111 4653 Arnoldo
2166 4591 2472 4676 episcopo
2521 4591 2928 4674 Trajectensi
2976 4592 3258 4656 salutem
3305 4599 3417 4655 etc.

1151 4694 1379 4779 Nuper
1448 4716 1564 4776 pro
1634 4701 1820 4780 parte
1895 4694 2115 4758 dilecti
2190 4695 2308 4758 filii
2382 4694 2670 4760 chderi
2734 4697 3046 4781 prepositi
3114 4702 3181 4761 et
3228 4696 3667 4761 archidiaconi
3717 4697 3987 4762 ecclesie

930 4801 1408 4883 Trajectensis,
1474 4800 1793 4883 capellani
1840 4801 2083 4882 nostri,
2135 4801 2327 4865 nobis
2376 4801 2500 4864 fuit
2549 4802 2921 4887 expositum
2969 4823 3117 4866 cum
3166 4803 3467 4888 querela,
3518 4801 3694 4888 quod
3744 4809 3817 4868 tu
3867 4802 3986 4865 sibi

928 4905 1162 4968 nimias
1219 4903 1287 4966 in
1346 4903 1535 4968 bonis
1584 4910 1651 4967 et
1689 4905 1951 4987 juribus
1999 4926 2267 4969 suorum
2313 4908 2725 4993 prepositure
2774 4929 2848 4971 ac
2896 4906 3465 4972 archidiaconatus
3514 4909 3787 4974 ecclesie
3835 4910 3988 4974 Tra·

922 5011 1239 5095 jectensis
1303 5012 1575 5097 injurias
1640 5012 1836 5076 infers
1900 5019 2129 5098 totque
2194 5021 2264 5077 et
2320 5020 2506 5078 tanta
2552 5015 2727 5079 bella
2774 5016 2913 5079 sine
2962 5016 3234 5080 consilio
3281 5017 3679 5101 prelatorum
3730 5023 3986 5081 tuorum

932 5123 999 5181 et
1046 5117 1201 5180 cleri
1248 5138 1471 5182 moves
1520 5124 1587 5181 et
1634 5117 1762 5180 illis
1811 5124 1876 5182 te
1924 5119 2197 5203 ingeris,
2249 5140 2382 5183 non
2432 5126 2651 5185 tamen
2698 5142 2814 5206 pro
2864 5121 3249 5186 defensione
3292 5129 3407 5187 tua
3439 5144 3557 5187 seu
3580 5122 3842 5207 juribus
3877 5129 3985 5185 tue

929 5224 1369 5308 TraJectensis
1431 5224 1739 5305 ecclesie,
1807 5225 1981 5310 quod
2048 5227 2257 5310 major
2311 5248 2461 5312 pars
2508 5228 2829 5291 bonorum
2878 5227 3082 5313 ipsius
3131 5229 3577 5314 prepositure,
3630 5228 3711 5293 de
3760 5229 3990 5314 quibus

929 5330 1107 5395 idem
1171 5331 1543 5417 prepositus
1593 5332 1924 5394 canonicis
1974 5330 2145 5395 dicte
2199 5333 2472 5396 ecclesie
2521 5333 2963 5416 TraJ'ectensis
3010 5332 3357 5419 providere
3407 5342 3700 5417 tenetur,
3752 5342 3820 5400 et
3867 5334 3988 5399 alia

929 5435 1104 5500 bona
1172 5436 1590 5500 ecclesiarum
1662 5437 2140 5523 quamplurima
2213 5443 2368 5501 sunt
2439 5436 2794 5501 destructa.
2888 5437 3209 5512 Quocirca
3271 5440 3750 5505 fraternitatem
3816 5448 3989 5505 tuam

927 5542 1267 5607 hortamur
1314 5542 1663 5626 attentius,
1713 5542 1834 5606 tibi
1874 5542 2336 5607 nichilominus
2375 5564 2493 5629 per
2534 5543 2893 5629 apostolica
2933 5544 3177 5629 scripta
3217 5544 3633 5628 mandantes,
3684 5546 3987 5631 quatinus

923 5647 1036 5730 jus
1100 5651 1285 5710 tuum
1339 5648 1522 5730 Juste
1588 5668 1990 5732 prosequens
2054 5669 2200 5711 cum
2268 5668 2347 5712 ea
2409 5669 2538 5734 qua
2584 5648 2776 5713 decet
2822 5648 3201 5734 pontificem
3247 5650 3594 5715 honestate
3641 5671 3681 5714 a
3728 5652 3985 5736 quibus-
