4450 6684
1540 525 1884 591 Annnnm
1929 543 2012 592 m*
2060 525 2537 591 contemnum.
3446 522 3569 584 311

735 746 912 825 (977)
983 747 1069 813 In
1129 749 1390 815 eundem
1448 749 1700 815 modum
1766 749 2021 817 dilectis
2083 751 2232 816 filiis
2296 752 2581 837 capitulo
2643 750 2917 817 ecclesie
2979 748 3420 836 Trajectensis
3478 767 3580 812 sa-

511 858 718 924 lutem
765 866 875 923 εἰε.

735 964 1013 1032 Gelestis
1059 963 1488 1051 dispositione
1536 964 1789 1030 consilii
1835 973 1943 1031 εἰε.
1991 987 2221 1052 usque:
2268 966 2580 1053 suscipiet
2626 964 2882 1031 comodi
2931 970 2997 1030 et
3042 964 3327 1029 honoris.
3400 962 3574 1038 Quo-

514 1075 685 1141 circa
731 1074 1109 1140 discretioni
1154 1079 1371 1139 vestre
1417 1094 1535 1159 per
1581 1074 1940 1160 apostolica
1986 1074 2230 1162 scripta
2277 1074 2698 1158 mandamus,
2749 1073 3057 1161 quatinus
3105 1071 3317 1136 eidem
3365 1071 3574 1136 electo

515 1189 827 1269 tanquam
899 1182 1070 1268 patri
1138 1186 1208 1246 et
1279 1181 1527 1268 pastori
1589 1181 1955 1246 animarum
2013 1186 2377 1246 vestrarum
2425 1180 2762 1247 humiliter
2809 1178 3232 1246 intendentes
3279 1183 3347 1243 et
3394 1176 3576 1243 exhi-

521 1289 754 1356 bentes
822 1289 948 1354 sibi
1019 1287 1470 1354 obedienciam
1540 1293 1609 1354 et
1677 1287 2120 1374 reverenciam
2196 1288 2486 1353 debitam
2557 1293 2625 1354 et
2686 1287 3029 1371 devotam,
3094 1287 3239 1372 ejus
3299 1285 3582 1350 salubn'a

524 1397 775 1461 monita
836 1402 905 1461 et
951 1393 1258 1460 mandata
1304 1393 1674 1479 suscipiatis
1722 1393 1959 1459 devote
2008 1400 2076 1459 et
2121 1394 2473 1460 efficaciter
2519 1394 2876 1483 adimplere
2926 1396 3205 1477 curetis,
3267 1395 3361 1459 ita
3408 1392 3581 1479 quod

517 1509 745 1570 mutuo
808 1506 981 1570 inter
1039 1524 1156 1568 vos
1203 1507 1273 1566 et
1319 1502 1534 1588 ipsum
1581 1501 1925 1589 spirituale
1974 1503 2179 1589 possit
2224 1502 2608 1568 habundare
2655 1502 2967 1589 gaudium
3016 1508 3083 1569 et
3129 1499 3579 1588 prosperitatis

519 1617 742 1698 optate
807 1631 1197 1697 consurgere
1243 1611 1743 1675 incrementum.
1840 1609 2156 1696 Alioquin
2204 1610 2639 1694 sententiam,
2695 1631 2890 1697 quam
2937 1610 3112 1675 idem
3160 1610 3408 1675 electus
3456 1609 3580 1673 rite

522 1718 749 1785 tulerit
817 1719 886 1783 in
953 1718 1269 1800 rebelles,
1340 1723 1550 1783 ratam
1619 1717 2006 1783 habebimus
2069 1724 2137 1783 et
2199 1717 2512 1784 faciemus
2575 1724 2843 1783 auctore
2905 1718 3187 1783 Domino
3243 1737 3450 1803 usque
3499 1715 3581 1780 ad

523 1825 1035 1892 satisfactionem
1082 1823 1473 1910 condignam
1520 1823 1992 1890 inviolabiliter
2040 1826 2392 1891 observari.
2486 1826 2638 1890 Dat.
2689 1834 2761 1890 ut
2805 1846 3028 1911 supra.

744 1932 829 1998 In
897 1954 948 1999 ε.
1012 1953 1093 1997 m.
1160 1931 1415 1997 dilectis
1463 1930 1616 1995 filiis
1666 1931 1841 1996 clero
1890 1931 2174 1996 civitatis
2223 1937 2291 1996 et
2337 1930 2614 1997 diocesis
2662 1930 3102 2018 Trajectensis
3150 1932 3428 1997 salutem
3474 1939 3584 1996 εἰε.

528 2040 803 2106 Oelestis
851 2047 962 2107 etc.
1009 2061 1244 2125 usque:
1291 2039 1644 2104 observari.
1738 2039 1893 2104 Dat.
1940 2046 2014 2103 ut
2058 2059 2282 2124 supra.

743 2145 831 2211 In
877 2167 926 2210 e.
974 2167 1056 2209 m.
1107 2143 1362 2210 dilectis
1410 2143 1561 2209 filiis
1609 2144 1854 2231 populo
1902 2144 2186 2209 civitatis
2236 2150 2304 2210 et
2352 2145 2630 2212 diocesis
2676 2146 3119 2231 Trajectensis
3159 2146 3439 2213 salutem
3477 2154 3586 2212 εἰε.

748 2252 1025 2318 Celestis
1081 2250 1508 2338 dispositione
1555 2251 1809 2316 consilii
1856 2259 1969 2316 εἰε.
2017 2272 2250 2338 usque.-
2297 2252 2554 2318 comodi
2601 2258 2669 2318 et
2713 2252 2999 2318 honoris.
3082 2254 3403 2330 Quocirca
3450 2254 3593 2319 uni-

525 2359 904 2425 versitatem
964 2363 1251 2424 vestram
1314 2378 1620 2444 rogamus
1687 2365 1754 2423 et
1806 2357 2144 2423 hortamur
2190 2365 2480 2443 attente,
2548 2381 2666 2446 per
2713 2360 3075 2447 apostolica
3119 2361 3304 2426 vobis
3352 2361 3593 2448 scripta

529 2464 950 2548 mandantes,
1018 2465 1324 2551 quatinus
1387 2463 1670 2529 eundem
1742 2465 2027 2530 electum
2074 2470 2389 2553 tanquam
2434 2472 2689 2553 patrem
2735 2472 2805 2532 et
2851 2473 3184 2554 pastorem
3232 2468 3594 2533 animarum

527 2577 890 2637 vestrarum
938 2570 1367 2657 suscipientes
1416 2569 1653 2637 devote
1699 2592 1776 2636 ac
1832 2569 2057 2636 debita
2096 2571 2596 2639 honorificentia
2633 2579 3132 2661 prosequentes,
3173 2574 3380 2660 ipsius
3422 2574 3593 2640 salu-

530 2679 756 2744 bribus
818 2677 1082 2742 monitis
1144 2683 1213 2743 et
1275 2676 1599 2742 mandatis
1670 2677 2006 2744 humiliter
2050 2678 2447 2762 intendatis,
2496 2680 2590 2744 ita
2636 2679 2811 2766 quod
2857 2680 2997 2765 ipse
3044 2681 3113 2745 in
3160 2681 3344 2746 vobis
3392 2681 3587 2747 devo-

533 2784 730 2850 tionis
791 2784 959 2849 filios
1021 2789 1089 2849 et
1149 2804 1266 2848 vos
1329 2783 1810 2870 subsequenter
1871 2784 1940 2849 in
1990 2805 2069 2849 eo
2116 2790 2372 2873 patrem
2418 2785 2760 2851 invenisse
2808 2785 3184 2851 benivolum
3228 2786 3590 2871 gaudeatis.

531 2891 684 2957 Dat.
731 2898 804 2955 ut
846 2910 1067 2975 supra.

752 2996 839 3062 In
884 3017 934 3061 ε.
981 3018 1067 3061 m.
1124 2994 1379 3061 dilectis
1425 2995 1575 3060 filiis
1628 2998 1948 3063 universis
2002 2998 2295 3064 vassallis
2343 2999 2618 3064 ecclesie
2666 2998 3107 3083 Trajectensis
3154 2998 3433 3064 salutem
3479 3006 3589 3063 εἰε.

754 3104 1032 3170 Celestis
1088 3103 1515 3190 dispositione
1561 3111 1672 3169 εἰε.
1724 3125 1962 3191 usque.-
2011 3104 2273 3171 comodi
2319 3111 2386 3171 et
2432 3105 2719 3171 honoris.
2814 3102 3134 3178 Quocirca
3178 3105 3591 3170 universitati

527 3219 742 3278 vestre
811 3233 929 3298 per
998 3212 1356 3298 apostolica
1421 3211 1664 3298 scripta
1737 3212 2156 3295 mandamus,
2231 3212 2538 3299 quatinus
2608 3211 2892 3278 eundem
2949 3210 3232 3276 electum
3279 3216 3592 3297 tanquam

527 3326 779 3406 patrem
842 3325 911 3384 et
970 3323 1299 3405 pastorem
1362 3318 1726 3383 animarum
1795 3325 2158 3385 vestrarum
2219 3341 2338 3407 pro
2398 3320 2754 3407 apostolice
2800 3317 2973 3385 sedis
3020 3324 3089 3384 et
3132 3325 3358 3385 nostra
3404 3341 3587 3386 reve-

530 3426 753 3492 rencia
798 3425 1022 3490 debito
1069 3430 1541 3512 prosequentes
1590 3424 1843 3490 honore
1892 3447 1966 3491 ac
2003 3426 2208 3514 ipsius
2242 3426 2567 3492 mandatis
2599 3432 2668 3491 et
2699 3425 2963 3491 monitis
2996 3424 3345 3492 efficaciter
3375 3428 3593 3493 inten-

529 3533 760 3598 dentes
832 3538 899 3597 et
967 3530 1350 3597 fidelitatem
1422 3532 1685 3596 solitam
1760 3552 2019 3598 necnon
2087 3539 2403 3599 consueta
2472 3533 2746 3598 servicia
2809 3537 2878 3598 et
2928 3533 3083 3618 jura
3143 3554 3184 3598 a
3235 3534 3421 3599 vobis
3469 3536 3594 3601 sibi

533 3639 758 3705 debita
803 3638 1117 3704 exhibere
1162 3639 1417 3724 integre
1466 3637 1808 3703 studeatis.
1859 3638 2176 3725 Alioquin
2225 3641 2623 3706 sententiam
2670 3640 2807 3705 sive
2853 3661 3123 3728 penam,
3173 3663 3366 3728 quam
3413 3642 3589 3710 idem

532 3745 781 3811 electus
841 3745 1265 3831 spiritualiter
1326 3749 1394 3809 et
1440 3744 1893 3829 temporaliter
1936 3745 2062 3809 rite
2110 3745 2337 3811 tulerit
2385 3768 2502 3811 seu
2550 3747 2856 3811 statuerit
2903 3746 2971 3810 in
3019 3746 3332 3832 rebelles,
3383 3755 3590 3815 ratam

531 3850 917 3917 habebimus
986 3859 1054 3917 et
1121 3851 1432 3917 faciemus
1501 3857 1770 3917 auctore
1841 3851 2124 3917 Domino
2195 3874 2404 3939 usque
2474 3851 2557 3918 ad
2624 3853 3135 3919 satisfactionem
3201 3855 3592 3941 condignam

530 3957 1000 4023 inviolabiliter
1045 3959 1395 4025 observari.
1488 3958 1644 4023 Dat.
1691 3965 1766 4023 ut
1810 3979 2031 4042 supra.

749 4290 927 4369 (978)
999 4290 1086 4357 In
1145 4313 1195 4356 e.
1258 4314 1341 4357 m.
1404 4293 1766 4358 venerabili
1828 4293 2011 4359 fratri
2075 4341 2091 4357 .
2123 4341 2138 4358 .
2190 4293 2678 4381 archiepiscopo
2728 4293 3104 4360 Coloniensi
3150 4293 3429 4359 salutem
3475 4303 3585 4360 etc.

531 4398 642 4466 Ad
688 4399 1020 4464 cumulum
1068 4404 1179 4463 tue
1226 4398 1397 4464 sedit
1442 4398 1592 4484 (sic)
1643 4400 1875 4465 salutis
1922 4406 1991 4465 et
2035 4399 2237 4481 fame,
2287 4400 2342 4463 si
2390 4419 2701 4485 personas
2741 4399 3212 4465 ecclesiasticas
3249 4401 3593 4486 presertim

534 4505 892 4593 pontificali
938 4503 1259 4590 dignitate
1306 4504 1596 4591 preditas
1648 4507 1955 4593 oportuni
2003 4505 2273 4592 presidii
2314 4511 2381 4571 et
2413 4505 2651 4571 favoris
2684 4506 2894 4591 gratia
2926 4506 3358 4591 prosequaris.
3417 4505 3592 4571 Olim

530 4611 852 4698 siquidem
913 4611 1188 4678 ecclesia
1232 4612 1672 4697 Trajectensis
1723 4633 1841 4699 per
1892 4612 2144 4677 obitum
2188 4613 2363 4677 bone
2412 4611 2722 4677 memorie
2770 4610 3094 4677 Johannis
3140 4613 3428 4699 episcopi
3474 4621 3584 4679 εἰε.

530 4740 761 4806 usque:
819 4718 1131 4806 suscipiet
1175 4718 1433 4784 comodi
1480 4724 1548 4784 et
1593 4718 1883 4784 honoris.
1980 4718 2145 4784 Cum
2190 4718 2393 4804 igitur
2438 4718 2655 4783 eidem
2703 4719 2914 4785 electo
2960 4718 3031 4783 in
3083 4720 3426 4785 commissa
3467 4720 3591 4786 sibi

530 4825 803 4891 ecclesie
850 4823 1143 4911 predicte
1189 4846 1373 4907 cura,
1422 4829 1497 4889 ut
1541 4824 1797 4889 facilius
1844 4824 2160 4911 proficere
2206 4825 2453 4909 valeat,
2504 4830 2656 4890 tuus
2703 4824 2887 4890 favor
2932 4825 3056 4890 sibi
3100 4845 3242 4890 esse
3284 4831 3594 4892 noscatur

528 4931 878 5020 plurimum
948 4937 1341 5018 oportunus,
1412 4930 1895 4996 fraternitatem
1965 4936 2145 4996 tuam
2214 4915 2519 5018 rogamus
2589 4937 2658 4997 et
2722 4931 3059 4998 hortamur
3126 4936 3415 5015 attente,
3475 4954 3594 5020 per

530 5038 889 5124 apostolica
933 5038 1055 5102 tibi
1102 5037 1343 5123 scripta
1387 5035 1819 5120 mandantes,
1872 5037 2179 5123 quatinus
2228 5036 2512 5103 eundem
2559 5038 2843 5104 electum
2891 5042 2960 5102 et
3006 5038 3416 5102 commissam
3463 5038 3588 5103 sibi

534 5145 876 5211 ecclesiam
941 5143 1193 5210 habens
1260 5166 1377 5231 pro
1448 5149 1675 5209 nostra
1749 5149 1818 5210 et
1887 5144 2244 5230 apostolice
2302 5144 2474 5209 sedis
2521 5144 2900 5211 reverencia
2946 5143 3468 5226 commendatos,
3517 5145 3589 5209 in

531 5250 919 5337 ampliandis
965 5256 1035 5316 et
1078 5249 1541 5317 conservandis
1579 5252 1847 5336 juribus
1895 5251 2027 5315 suis
2075 5250 2169 5315 sic
2215 5271 2367 5316 eum
2415 5252 2513 5315 tui
2558 5250 2795 5316 favoris
2843 5250 3091 5316 auxilio
3139 5250 3588 5336 prosequaris,

529 5356 707 5441 quod
768 5357 908 5445 ipse
970 5356 1088 5443 per
1133 5362 1245 5422 tue
1293 5357 1613 5423 auxilinm
1665 5357 1874 5443 gratie
1923 5377 1993 5422 se
2040 5356 2247 5443 possit
2290 5357 2361 5422 in
2409 5359 2749 5423 commisso
2797 5357 2922 5422 sibi
2970 5356 3267 5441 ejusdem
3314 5356 3588 5422 ecclesie

528 5463 847 5548 regimine
911 5463 1135 5528 utilius
1199 5484 1543 5547 exercere,
1619 5467 1823 5550 tuque
1871 5462 2160 5528 divinam
2205 5464 2714 5530 misericordiam
2762 5470 2830 5529 et
2876 5462 3050 5528 dicte
3098 5460 3270 5527 sedis
3319 5462 3585 5528 benivo-

525 5566 804 5635 lenciam
849 5568 1068 5634 valeas
1114 5569 1380 5635 uberius
1425 5570 1801 5656 promereri.
1898 5569 2051 5634 Dat.
2099 5576 2174 5633 ut
2216 5589 2438 5654 supra.
