4450 6684
1786 580 2249 645 Inoonmus
2291 577 2414 644 VI.
3509 577 3635 644 115

570 803 759 873 1670.
1580 802 1791 885 1361,
1839 801 2099 887 Aprilis
2142 802 2215 884 4,
2264 800 2631 866 Avenionis.

886 957 1240 1042 (Johanni)
1285 958 1568 1042 episcopo
1614 954 2036 1020 Lemovicensi
2077 953 2451 1038 mandatur,
2497 961 2572 1018 ut
2614 951 2816 1018 Petro
2860 952 2936 1017 de
2975 952 3436 1021 Stonnuchaele
3478 962 3632 1021 nato

795 1064 1168 1151 Raymundi
1229 1063 1307 1128 de
1367 1062 1598 1127 Sancto
1662 1061 2010 1143 Michacle,
2066 1062 2290 1125 clerico
2337 1059 2723 1125 Lemovicen.
2772 1060 2960 1125 dioec.
2982 1109 2999 1143 ‚
3048 1062 3338 1143 conferat
3381 1064 3638 1127 canoni-

794 1178 1007 1235 catum
1074 1176 1133 1234 et
1194 1167 1623 1255 praebendam
1681 1170 1753 1231 in
1813 1168 2068 1232 ecclesia
2129 1166 2197 1231 S.
2262 1166 2585 1232 Johannis
2654 1165 2836 1251 Traj.
2898 1175 3191 1232 vacantes
3225 1190 3350 1253 per
3397 1168 3634 1235 obitum

799 1275 1110 1339 (histiani
1152 1274 1228 1338 de
1273 1273 1501 1357 Elsen,
1549 1272 1729 1357 apud
1773 1274 2018 1337 curiam
2063 1272 2369 1354 defuncti.

795 1458 1086 1544 Dignum
1134 1457 1548 1523 arbitramur.
1576 1503 1593 1521 .
1624 1505 1639 1521 .
1670 1505 1686 1521 .
1741 1456 1894 1521 Dat.
1942 1455 2310 1540 Avinione,
2358 1455 2430 1521 H
2475 1456 2647 1520 Non.
2695 1455 2978 1542 Aprilis,
3028 1477 3200 1521 anno
3248 1477 3447 1523 non0.

982 1574 1108 1637 Beo-
1143 1575 1239 1623 Ao.
1286 1574 1339 1622 T.
1378 1571 1471 1635 20,
1501 1574 1556 1633 f.
1589 1571 1730 1623 mm.

573 2013 754 2082 1671.
1471 2007 1478 2012 ·
1580 2015 1789 2096 1361,
1838 2013 2097 2098 Aprilis
2142 2016 2216 2096 7,
2266 2013 2629 2079 Avenionis.

889 2168 1088 2233 Petro
1136 2167 1216 2232 H
1209 2187 1309 2231 oec
1352 2166 1568 2231 abbati
1611 2167 1982 2232 monasterii
2025 2165 2603 2251 Middelburqensis
2648 2166 3009 2232 conceditur
3041 2169 3457 2253 privileqium
3491 2169 3634 2254 ple-

796 2277 1021 2340 nariae
1052 2281 1459 2360 peccatorum
1502 2274 1888 2338 remissionis
1932 2273 2003 2337 in
2047 2272 2322 2337 articulo
2370 2275 2608 2338 mortis.

798 2455 1116 2521 Provenit
1163 2475 1268 2520 ex.
1299 2502 1315 2519 .
1346 2502 1362 2519 .
1388 2501 1405 2518 .
1453 2454 1606 2520 Dat.
1656 2453 2026 2537 Avinione‚
2075 2454 2213 2519 VH
2258 2454 2357 2519 Id.
2405 2454 2688 2542 Aprilis,
2737 2474 2910 2520 anno
2956 2475 3157 2521 nono.

991 2575 1118 2635 περ.
1152 2570 1249 2622 Aa.
1292 2573 1346 2623 r.
1381 2570 1474 2635 25,
1497 2573 1558 2637 s.
1593 2569 1735 2621 saw.

574 2993 763 3061 1672.
1538 2995 1714 3058 1361
1737 3041 1757 3077 ‚
1802 2993 2062 3079 Aprilis
2105 2992 2231 3075 23,
2281 2991 2650 3056 Avenionis.

898 3147 1242 3215 Giselberto
1285 3148 1362 3213 de
1406 3113 1834 3233 Walenborqh
1881 3148 2177 3212 canonico
2223 3147 2514 3212 ecclesiae
2557 3145 2626 3211 S.
2674 3145 3033 3214 Salvator-is
3088 3147 3270 3232 Traj.
3312 3149 3637 3233 confercn-

796 3254 950 3319 dum
1004 3263 1363 3320 reservatur
1406 3256 1910 3340 supplementum
1959 3256 2030 3319 in
2074 3253 2288 3319 eadem
2334 3255 2608 3319 ecclesia.
2661 3291 2744 3302 —
2791 3254 3209 3340 Deputantur
3253 3264 3636 3340 executores,

791 3363 960 3427 inter
1005 3382 1160 3447 quos
1214 3361 1632 3427 Theodericus
1677 3362 1754 3427 de
1797 3361 2065 3445 Jutfaes
2110 3363 2449 3427 canonicus
2504 3359 2687 3445 Traj.

797 3543 1188 3609 Laudabilia
1231 3545 1602 3632 probitatis.
1633 3593 1649 3609 .
1677 3592 1695 3610 .
1723 3592 1737 3609 .
1788 3545 1942 3610 Dat.
1991 3544 2359 3627 Afiniana,
2407 3543 2615 3610 VIIII
2658 3543 2770 3609 Kl.
2817 3544 3013 3631 Maji,
3061 3566 3237 3612 anno
3284 3568 3481 3613 nono.

991 3661 1113 3724 περ.
1149 3661 1246 3710 Av.
1290 3659 1351 3712 T.
1385 3660 1477 3722 25,
1502 3664 1564 3726 f·
1598 3660 1714 3712 235.

573 4081 757 4150 1673.
1590 4082 1763 4147 1361
1782 4134 1800 4167 ,
1847 4081 2045 4146 Junii
2086 4083 2171 4146 21
2189 4132 2207 4166 ,
2257 4083 2622 4149 Aveniom’s.

884 4233 1174 4299 Gerardo
1225 4233 1302 4298 de
1344 4233 1747 4299 Brouchorst
1794 4241 2125 4319 tamquam
2171 4236 2404 4298 rectori
2448 4233 2776 4317 confertur
2809 4234 3214 4319 parochialis
3260 4237 3516 4301 ecclesia
3561 4236 3639 4301 de

814 4339 1134 4427 Wadenoy
1163 4342 1214 4424 l)
1289 4339 1469 4425 Traj.
1521 4342 1709 4406 dioec.
1730 4390 1748 4425 ‚
1794 4360 2027 4406 vacans
2064 4361 2191 4425 per
2237 4339 2472 4404 obitum
2517 4337 2790 4405 Henrici
2830 4339 2986 4405 dicti
3037 4340 3412 4427 Bienoisch,
3457 4341 3638 4429 apud

793 4449 1038 4513 curiam
1080 4448 1386 4532 defuncti.
1445 4485 1528 4496 —
1574 4448 1991 4533 Deputantur
2038 4453 2412 4512 executores.

793 4628 950 4695 Vite
996 4651 1070 4695 ao
1116 4651 1389 4696 morum.
1419 4677 1437 4695 .
1464 4678 1479 4695 .
1512 4677 1530 4695 .
1578 4631 1733 4696 Dat.
1780 4629 2153 4715 Avinione‚
2201 4631 2307 4697 XI
2352 4631 2461 4696 Kl.
2509 4629 2710 4715 sulii,
2759 4651 2932 4699 anno
2977 4653 3178 4699 nono.

986 4748 1112 4811 Ray.
1143 4749 1240 4798 Ao.
1284 4749 1338 4798 T.
1372 4746 1467 4812 26,
1492 4749 1553 4812 f.
1589 4746 1729 4798 283³.

725 4877 783 4944 1)
816 4878 1157 4946 Wadsnoyen
1193 4879 1252 4929 in
1288 4877 1480 4930 Geli-ia.

573 5249 761 5320 1674.
1486 5252 1703 5337 1361,
1754 5252 2134 5340 &pamas
2183 5255 2310 5337 24,
2357 5253 2723 5320 Ammonis.

886 5405 1155 5491 Huqoni
1196 5405 1273 5471 de
1327 5405 1572 5471 Vesello
1619 5406 2043 5490 conferuntur
2083 5408 2495 5473 canonicatus
2537 5413 2596 5472 et
2626 5406 3032 5471 thesauraria
3062 5407 3349 5473 ecclcsiae
3379 5408 3634 5474 Daven-

802 5514 1084 5597 hiensis,
1146 5531 1309 5598 quas
1367 5533 1509 5577 cum
1577 5511 1928 5577 Giselberto
1991 5512 2067 5577 de
2126 5511 2505 5578 Walenborc
2554 5532 2683 5598 pro
2742 5513 3116 5576 canonicatu
3170 5520 3232 5577 et
3263 5514 3634 5599 praebenda

800 5615 1255 5683 Suessioncnsis
1298 5618 1583 5683 ecclesiae
1616 5619 1884 5703 putavit
1919 5618 2410 5702 permutandos.
2463 5654 2544 5666 —
2597 5615 3006 5702 Deputantur
3043 5625 3423 5703 executores,
3469 5623 3638 5685 inter

798 5743 952 5809 quos
1009 5722 1387 5789 Wilhelmus
1433 5723 1509 5788 de
1555 5722 1700 5789 Zile
1743 5724 2082 5789 canonicus
2139 5721 2324 5809 Traj.
