4450 6684
1797 512 2200 578 Gnneonms
2245 513 2367 578 XI.
3493 518 3619 582 189

777 734 1177 798 Litterarum
1226 734 1520 799 scientia.
1552 784 1565 799 .
1595 783 1611 800 .
1642 785 1657 800 .
1722 736 1875 801 Dat.
1927 737 2258 803 Avinione
2282 788 2298 821 ,
2348 738 2488 803 1111
2534 738 2644 803 Kl.
2694 740 3070 824 Februarii,
3122 762 3295 806 anno
3341 743 3570 829 prime.

967 867 1094 931 Ray.
1130 869 1226 917 Av.
1272 870 1324 918 T.
1360 867 1416 930 6,
1444 870 1504 932 f.
1540 868 1621 919 96.

548 1305 739 1374 1974.
1502 1313 1678 1374 1371
1700 1360 1717 1393 ,
1771 1309 2087 1377 Januarii
2129 1315 2252 1396 29,
2302 1315 2664 1380 Avenionis.

867 1459 1155 1524 Hem-ico
1218 1462 1380 1526 dicto
1444 1462 1709 1526 Buimre
1770 1465 1990 1527 clerico
2061 1464 2248 1549 Traj.
2313 1467 2499 1532 dioec.
2523 1516 2540 1550 ,
2599 1470 2667 1531 in
2714 1469 3021 1532 medicina
3066 1468 3346 1532 scholari
3364 1516 3381 1551 ,
3427 1488 3626 1532 reser-

775 1574 966 1630 vatur
1028 1566 1386 1650 beneficium
1447 1571 1890 1652 conferendum
1939 1592 1977 1633 a
2028 1574 2312 1657 capitulo
2363 1574 2415 1636 b.
2465 1574 2722 1639 Mariae
2777 1575 2957 1658 Traj.
3006 1583 3064 1638 et
3110 1595 3248 1638 cum
3295 1595 3452 1638 cura
3498 1577 3622 1656 25,

772 1676 904 1736 εἰπε
965 1694 1123 1737 cura
1183 1676 1272 1738 18
1336 1696 1697 1739 marcarum
1766 1680 2017 1761 arqenti
2079 1680 2358 1744 valorem
2415 1701 2697 1744 annuum
2743 1702 2868 1746 non
2915 1681 3223 1746 excedenS.
3277 1719 3358 1729 —
3405 1681 3624 1765 Depu-

781 1783 888 1842 tan
896 1786 1003 1843 tur
1048 1788 1413 1845 executores.

778 1963 1168 2030 Laudabilia
1213 1966 1580 2053 probitatis,
1609 2014 1625 2031 .
1654 2014 1670 2030 .
1701 2016 1714 2030 .
1766 1968 1916 2033 Dat.
1968 1969 2333 2050 Avinione,
2382 1969 2523 2033 ΙΙΠ
2569 1969 2677 2033 ΚΙ.
2727 1969 3106 2053 Februarii,
3155 1990 3328 2034 anno
3376 1970 3606 2056 primo·

968 2102 1092 2166 περ.
1124 2103 1224 2153 Ao.
1266 2104 1319 2154 T.
1355 2102 1409 2168 6,
1437 2104 1498 2167 s.
1531 2101 1647 2154 288.

548 2538 736 2607 1975.
1502 2549 1677 2610 1371
1703 2597 1719 2630 ,
1770 2547 2084 2610 ιῙαηιιανὶἱ
2128 2550 2253 2630 29,
2301 2549 2662 2612 Avenionis.

876 2699 1276 2765 Cancellczrio
1326 2701 1610 2766 ecclesiae
1656 2702 2047 2766 Pari-aiensis
2093 2703 2462 2785 mandatur,
2511 2711 2583 2767 ut
2644 2702 2931 2768 Waltero
2977 2703 3299 2767 Johannis
3345 2703 3421 2766 de
3465 2702 3637 2786 Delf

785 2806 1006 2870 clerico
1060 2807 1240 2888 Traj.
1292 2808 1479 2872 dioec.
1504 2857 1520 2890 ,
1586 2811 1895 2893 mayistro
1944 2812 2012 2872 in
2058 2809 2305 2874 artibus
2350 2817 2408 2874 et
2451 2832 2567 2895 per
2617 2818 2740 2874 tres
2787 2831 2987 2875 annos
3032 2813 3101 2874 in
3145 2810 3452 2874 medicina
3496 2818 3629 2874 stu-

789 2912 989 2995 denti,
1041 2922 1307 2980 reservet
1356 2915 1713 2998 beneficium
1762 2917 2209 2999 conferendum
2256 2917 2334 2980 ab
2380 2916 2599 2981 abbate
2644 2925 2704 2981 et
2748 2924 3048 2982 conventu
3093 2919 3456 2981 monasterii
3500 2916 3631 3001 Ey-

782 3021 1141 3085 mundensis
1204 3029 1266 3086 et
1327 3044 1465 3086 cum
1528 3044 1683 3087 cura
1750 3025 1840 3087 25
1857 3070 1874 3105 ,
1942 3027 2074 3088 sine
2120 3045 2280 3088 cura
2324 3044 2466 3088 vero
2513 3026 2603 3088 18
2648 3045 3010 3088 marcarum
3058 3025 3309 3109 arqenti
3351 3025 3629 3088 valorem

782 3148 1063 3191 annuum
1109 3149 1236 3193 non
1283 3130 1593 3194 ecc-cedem.
1644 3167 1727 3178 —
1779 3130 2196 3216 Deputantur
2244 3138 2614 3195 executores·

789 3310 1079 3398 Dignum
1124 3313 1533 3378 arbitramur.
1564 3363 1579 3378 .
1610 3361 1624 3377 .
1654 3361 1669 3378 .
1719 3314 1872 3379 Dat.
1921 3315 2289 3398 Avinione,
2336 3314 2478 3379 [HI
2523 3313 2632 3380 Kl.
2684 3311 3059 3394 Februarii,
3109 3333 3281 3377 anno
3328 3312 3558 3400 prime.

981 3448 1106 3511 Περ.
1142 3449 1241 3498 An.
1287 3451 1340 3500 T.
1376 3449 1434 3511 6,
1460 3451 1523 3513 s.
1555 3447 1671 3498 622.

562 3888 754 3956 1976.
1524 3890 1697 3952 1371
1724 3937 1741 3971 ,
1789 3889 2107 3953 Januarii
2150 3892 2266 3973 29,
2314 3891 2676 3954 AvenioniS.

876 4039 1165 4122 Alfardo
1213 4039 1377 4104 dicto
1424 4039 1499 4103 de
1548 4041 1647 4122 A,
1697 4041 1920 4105 clerico
1975 4041 2156 4126 Traj.
2207 4043 2435 4125 dioec„
2483 4045 2787 4127 maqistro
2837 4044 2904 4106 in
2950 4041 3222 4124 artibus,
3271 4049 3634 4106 reservatur
3723 4063 3725 4066 ’

786 4148 989 4210 simile
1035 4146 1396 4229 beneficium
1444 4146 1894 4229 conferendum
1940 4169 1981 4210 α
2028 4150 2311 4233 capitulo
2361 4149 2426 4213 S.
2474 4149 2832 4212 Salvator-is
2883 4147 3064 4230 Traj.
3101 4183 3183 4195 —
3217 4147 3633 4232 Deputantur

784 4261 1162 4336 executore-9,
1210 4255 1377 4318 inter
1425 4275 1579 4339 quos
1626 4253 1993 4318 Everardus
2039 4254 2199 4320 Foec
2243 4258 2574 4320 canonicus
2630 4254 2814 4339 Traj.

792 4437 1179 4502 Honestatis
1227 4443 1293 4502 et
1342 4437 1632 4502 scientie.
1664 4484 1678 4499 .
1710 4485 1725 4500 .
1756 4484 1772 4500 .
1823 4436 1976 4501 Dat.
2024 4437 2394 4520 Avinione,
2445 4437 2585 4501 IIII
2621 4437 2732 4503 Kl.
2767 4437 3143 4519 Februarii,
3192 4456 3364 4501 anno
3397 4437 3626 4522 prime.

980 4572 1104 4634 Rea.
1142 4574 1238 4623 Αυ.
1284 4574 1337 4622 Τ.
1371 4571 1427 4628 9,
1454 4574 1515 4636 s.
1551 4570 1665 4622 189.

561 4992 741 5063 1977.
1522 4997 1733 5078 1371,
1781 4997 2095 5060 Januarii
2139 4998 2259 5078 31,
2306 4997 2669 5060 AvenioniS.

876 5147 1014 5212 Pro
1078 5149 1338 5212 ecclesia
1389 5148 1761 5232 parochiali
1824 5149 1891 5214 S.
1950 5149 2209 5214 Mariae
2253 5153 2324 5215 in
2369 5151 2674 5215 Biervliet
2720 5150 2808 5215 ad
2850 5149 3001 5213 XX
3041 5169 3240 5214 annos
3284 5151 3631 5216 nonnullae

795 5255 1224 5340 indulqentiae
1272 5254 1713 5337 conceduntur,
1762 5259 1948 5320 certis
1994 5257 2372 5342 quibusdam
2419 5257 2633 5322 diebus
2678 5257 2921 5340 festivis
2972 5255 3332 5320 lucrandae.

792 5440 1131 5506 Universis
1179 5440 1421 5506 Christi
1467 5439 1773 5505 fidelibus
1819 5446 2162 5527 presentes
2212 5442 2467 5506 litteras
2511 5440 2904 5526 inspecturis
2953 5439 3232 5503 salutem
3279 5447 3388 5503 etc.

791 5548 982 5612 Licet
1011 5548 1098 5629 is,
1133 5546 1215 5612 de
1250 5548 1458 5631 cujus.
1478 5595 1493 5610 .
1516 5594 1530 5609 .
1556 5594 1571 5611 .
1616 5546 1973 5632 Cupientes
2005 5548 2261 5634 itaque,
2298 5553 2372 5611 ut
2404 5546 2680 5612 ecclesia
2711 5544 3130 5631 parrochialis
3165 5552 3388 5610 sancte
3419 5544 3627 5610 Marie

564 5652 640 5717 in
702 5652 1033 5718 Biervlied
1097 5654 1247 5737 (sic)
1311 5651 1754 5737 Trajectensis
1820 5652 2133 5736 diocesis,
2196 5653 2267 5717 in
2328 5674 2493 5739 qua,
2558 5652 2726 5716 siout
2772 5650 3114 5732 asseritur,
3170 5651 3238 5715 in
3285 5649 3452 5715 festo
3501 5650 3627 5715 As-
