4450 6684
905 508 1040 572 220
2160 498 2565 566 Gnsoonws
2610 499 2732 565 XI.

907 729 1099 796 2075.
1948 727 2171 809 1372,
2219 725 2396 790 Julii
2441 727 2522 807 4,
2568 727 2933 790 Avenionia

1220 885 1677 969 Infrascriptis
1723 884 2155 965 committitur,
2202 888 2277 945 ut
2322 881 2662 946 secundum
2708 882 3048 946 sententias
3093 881 3280 945 semel
3324 888 3516 965 atque
3563 881 3796 943 iterum
3825 900 3981 965 pro·

1128 995 1466 1058 nunciatus
1527 998 1749 1056 eontra
1813 989 2175 1054 Johannem
2231 988 2339 1072 (de
2385 990 2627 1074 Arkel)
2673 997 2731 1053 et
2777 988 3138 1054 Jolmnnem
3184 988 3293 1071 (de
3352 986 3780 1072 Virneburch)
3831 995 3977 1051 tunc

1128 1102 1445 1186 episcopos
1517 1097 1697 1181 Traj.
1750 1117 1987 1161 necnon
2035 1095 2393 1161 Swederum
2440 1095 2517 1160 de
2577 1096 2806 1161 Voorst
2849 1096 3148 1179 militem,
3197 1097 3313 1180 qui
3357 1103 3563 1160 curtes
3608 1115 3977 1180 mansosque

1128 1207 1494 1272 monasterii
1516 1204 1922 1269 Assindensis
1956 1203 2220 1267 indebite
2253 1211 2746 1288 occupaverunt,
2778 1205 2965 1267 etiam
2989 1202 3340 1288 procedant
3370 1211 3592 1267 contra
3615 1201 3978 1267 Amadum

1128 1314 1236 1396 (de
1283 1313 1542 1396 Hoorn)
1589 1313 1943 1397 episcopum
2000 1309 2182 1394 Traj.

1126 1475 1509 1544 Venerabili
1572 1474 1757 1538 fratri
1823 1522 1837 1537 .
1868 1522 1884 1538 .
1948 1474 2254 1560 episcopo
2319 1474 2826 1542 Monasteriensi
2887 1481 2955 1540 et
3002 1474 3258 1540 dilectis
3306 1475 3456 1541 filiis
3504 1475 3968 1542 Avinionensis

906 1594 974 1653 et
1022 1586 1227 1651 sancti
1280 1584 1598 1650 Gereonis
1646 1581 2057 1645 Coloniensis
2107 1583 2528 1648 ecclesiarum
2577 1582 2924 1668 prepositis
2972 1583 3252 1647 salutem
3300 1591 3413 1647 etc.

1126 1691 1443 1758 Exhibite
1492 1689 1680 1754 nobis
1730 1710 1846 1773 pro
1895 1694 2080 1773 parte
2115 1688 2501 1756 dilectarum
2534 1691 2605 1755 in
2637 1689 2897 1755 Christo
2929 1689 3209 1755 filiarum
3244 1690 3574 1756 abbatisse
3608 1694 3676 1754 et
3708 1688 3975 1776 capituli

903 1800 1212 1867 secularis
1260 1796 1533 1862 ecclesie
1584 1793 2004 1859 Assindensis
2053 1793 2463 1859 Coloniensis
2511 1794 2788 1859 diocesis
2836 1796 3067 1880 petitio
3117 1797 3536 1878 continebat,
3595 1795 3772 1883 quod
3819 1796 3973 1859 licet

905 1908 1190 1975 Archem
1215 1907 1263 1988 ¹)
1301 1911 1368 1969 et
1399 1903 1619 1968 Urche
1635 1903 1691 1984 2)
1723 1923 1798 1965 ac
1831 1899 1977 1965 Olst
2009 1907 2226 1966 curtes
2264 1909 2331 1966 et
2363 1902 2627 1989 quidam
2671 1904 2880 1969 mansi
2912 1902 2996 1968 ad
3029 1903 3293 1968 eosdem
3325 1910 3548 1969 curtes
3579 1903 3985 1991 pertinentes

901 2036 1049 2080 cum
1098 2011 1400 2078 omnibus
1450 2007 1821 2094 mancipiis,
1870 2007 2073 2071 servis
2121 2015 2189 2072 et
2222 2008 2365 2073 aliis
2389 2009 2651 2093 juribus
2684 2015 2753 2075 et
2785 2010 3208 2096 pertinenciis
3241 2009 3597 2076 earundem
3630 2010 3702 2074 in
3734 2008 3975 2074 diocesi

901 2119 1310 2206 Tr‘ajectensi
1356 2116 1788 2181 consistentes
1835 2113 1917 2178 ad
1964 2115 2172 2200 ipsam
2206 2115 2546 2181 ecclesiam
2579 2116 3049 2182 Assindensem
3080 2118 3262 2202 justo
3295 2117 3490 2181 titulo
3521 2117 3931 2203 pertinerent
3952 2164 3970 2198 ,

906 2231 1179 2317 ipseque
1242 2224 1573 2290 abbatissa
1635 2227 1704 2287 et
1765 2222 2125 2306 capitulum
2188 2222 2260 2286 in
2320 2222 2591 2307 pacifica
2652 2224 3064 2310 possessione
3112 2224 3393 2289 curtium
3443 2229 3510 2288 et
3557 2244 3970 2305 mansorum,

904 2334 1377 2419 mancipiorum
1441 2335 1507 2393 et
1571 2348 1907 2393 servorum
1944 2328 2325 2413 juriumque
2374 2335 2442 2392 et
2489 2330 3039 2414 pertinenciarum
3088 2329 3529 2416 predictorum
3578 2330 3974 2412 existerent,

905 2448 1126 2507 tamen
1174 2435 1567 2502 venerabilis
1615 2434 1815 2498 frater
1846 2440 2068 2498 noster
2103 2433 2145 2498 J
2150 2435 2442 2499 ohannes
2475 2435 2890 2518 Leodiensis,
2931 2442 3088 2501 tunc
3121 2438 3562 2521 Trajectensis
3595 2437 3976 2522 episcopus,

905 2555 972 2615 et
1020 2545 1347 2634 quondam
1398 2541 1743 2607 Swederus
1791 2538 1874 2604 de
1921 2540 2123 2605 Vorst
2156 2540 2342 2605 miles
2373 2540 2547 2607 dicte
2582 2543 3022 2627 Trajectensis
3057 2544 3362 2626 diocesis,
3402 2544 3565 2608 falso
3599 2550 3967 2610 asserentes

908 2655 1173 2723 eosdem
1238 2658 1453 2717 curtes
1516 2655 1583 2714 et
1646 2670 1904 2712 mansos
1953 2669 2099 2712 cum
2148 2649 2523 2734 mancipiis,
2572 2651 2812 2734 servis,
2854 2652 3116 2736 juribus
3162 2658 3232 2717 et
3277 2651 3703 2738 pertinenciis
3751 2672 3973 2737 supra·

910 2763 1100 2828 dictis
1147 2760 1229 2826 ad
1279 2781 1347 2824 se
1397 2756 1479 2822 de
1517 2758 1669 2841 jure
1719 2761 2039 2842 spectare,
2086 2754 2350 2821 easdem
2384 2757 2781 2823 abbatissam
2816 2765 2884 2823 et
2917 2759 3275 2845 capitulum
3307 2759 3620 2845 predictis
3651 2758 3976 2841 curtibus,

910 2868 1188 2949 mansis,
1264 2863 1639 2949 mancipiis,
1704 2861 1942 2944 servis,
1999 2862 2259 2946 juribus
2321 2868 2389 2928 et
2451 2864 2873 2949 pertinenciis
2936 2871 3166 2931 contra
3217 2866 3553 2950 justiciam
3617 2865 3981 2953 spoliarunt

910 2993 1111 3060 seque
1160 2972 1227 3035 in
1276 2969 1467 3033 dictis
1515 2968 1810 3033 curtibus
1857 2973 1925 3032 et
1975 2968 2216 3032 mansis
2265 2968 2673 3033 intruserunt
2710 2970 2982 3056 ipsaque
3018 2977 3264 3053 curtes,
3298 2992 3588 3051 mansos,
3624 2970 3978 3056 mancipia,

914 3100 1169 3160 servos,
1225 3079 1378 3160 jura
1440 3081 1508 3139 et
1572 3074 2009 3160 pertinencias
2072 3082 2560 3163 occupaverunt
2623 3083 2692 3141 et
2739 3076 3203 3160 detinuerunt,
3265 3079 3517 3143 fructus
3563 3076 3981 3164 percipiendo

909 3209 997 3253 ex
1063 3185 1191 3266 eis,
1259 3187 1528 3267 ortaque
1577 3189 1925 3267 propterea
1972 3181 2145 3245 inter
2192 3181 2590 3246 abbatissam
2639 3189 2705 3248 et
2753 3186 3110 3270 capitulum
3159 3206 3246 3250 ex
3291 3206 3425 3248 una
3470 3193 3656 3271 parte
3706 3190 3776 3249 et
3823 3184 3986 3269 epis·

916 3313 1153 3378 copum
1203 3297 1270 3353 et
1321 3288 1699 3353 Swederum
1746 3286 2073 3373 predictos
2122 3309 2318 3375 super
2363 3290 2687 3375 curtibus,
2726 3292 2997 3372 mansis,
3042 3291 3410 3377 mancipiis,
3451 3291 3688 3373 servis,
3722 3290 3979 3374 juribus

916 3405 986 3464 et
1049 3396 1471 3483 pertinenciis
1536 3392 1924 3480 supradictis
1973 3396 2408 3459 communiter
2453 3396 2559 3460 vel
2608 3396 2866 3462 divisim
2914 3419 3000 3462 ex
3048 3397 3256 3462 altera
3299 3397 3575 3462 materia
3622 3395 3982 3482 questionis

924 3509 991 3568 et
1038 3522 1235 3566 causa
1281 3498 1657 3584 hujusmodi
1705 3499 1878 3584 apud
1926 3499 2148 3564 sedem
2197 3502 2623 3586 apostolicam
2670 3504 2962 3589 legitime
3002 3502 3406 3584 introducta,
3455 3502 3749 3590 predicte
3794 3501 3986 3566 abba-

924 3610 1084 3674 tissa
1131 3615 1199 3673 et
1247 3606 1604 3693 capitulum
1638 3613 1770 3670 tres
1804 3606 1870 3669 in
1903 3607 2302 3692 possessorio
2338 3614 2404 3672 et
2437 3630 2633 3673 unam
2666 3609 2735 3673 in
2768 3610 3108 3695 petitoriO,
3155 3631 3281 3695 que
3316 3610 3496 3674 nulla
3526 3608 3990 3696 provocacione

921 3736 1237 3803 suspensa
1297 3715 1367 3778 in
1430 3734 1565 3778 rem
1629 3712 1930 3778 transivit
1968 3712 2367 3797 judicatam,
2417 3721 2550 3779 tam
2600 3723 2829 3780 contra
2873 3717 3051 3803 ipsos
3099 3716 3471 3781 Johannem
3519 3715 3990 3795 Leodiensem,

917 3831 1073 3888 tunc
1156 3822 1646 3905 Trajectensem
1721 3820 2096 3905 episcopum
2167 3842 2242 3885 ac
2313 3822 2588 3886 militem
2659 3844 2854 3908 quam
2926 3831 3155 3888 contra
3222 3823 3551 3908 quondam
3620 3823 3992 3889 Johannem

920 3931 1298 4017 episcopum
1360 3928 1891 4012 Trajectensem,
1951 3926 2248 4010 ejusdem
2297 3928 2620 3993 Johannis
2669 3951 3147 4013 successorem,
3197 3929 3576 3994 diffinitivas
3623 3928 3991 3994 sentencias

923 4038 990 4102 in
1056 4036 1307 4122 palacio
1369 4033 1730 4120 apostolico
1797 4038 2215 4118 reportarunt
2279 4040 2346 4097 et
2404 4057 2602 4121 super
2648 4037 3048 4102 execucione
3093 4035 3471 4120 hujusmodi
3517 4035 3996 4100 sentenciarum

922 4146 990 4208 in
1038 4141 1470 4228 possessori0,
1521 4145 1597 4204 ut
1642 4139 2077 4225 premittitur,
2126 4139 2405 4203 latarum
2457 4141 2664 4205 felicis
2711 4142 3187 4206 recordacionis
3233 4142 3486 4207 Urbani
3533 4163 3702 4229 pape
3749 4141 3818 4206 V
3856 4160 3993 4226 pre-

927 4249 1288 4313 decessoris
1352 4247 1555 4311 nostri
1620 4246 1701 4310 ad
1768 4267 1882 4310 vos
1945 4246 2065 4309 sub
2127 4252 2308 4311 certa
2354 4246 2562 4311 forma
2606 4248 2861 4313 litteras
2907 4248 3377 4334 impetrarunt,
3428 4254 3665 4334 tuque,
3714 4248 3810 4312 fili
3857 4267 3994 4333 pre-

924 4358 1136 4444 posite
1186 4356 1458 4420 ecclesie
1505 4353 2006 4434 Avinionensis,
2060 4354 2238 4417 salvo
2286 4354 2354 4417 in
2403 4354 2778 4438 huJusmodi
2826 4355 3244 4420 execucionis
3291 4354 3652 4441 procedens
3690 4354 3990 4440 negocio,

922 4469 1121 4552 prout
1186 4484 1271 4527 ex
1334 4462 1653 4525 dictarum
1702 4461 1909 4524 forma
1954 4467 2216 4546 poteras
2263 4461 2668 4544 litterarum,
2716 4467 2945 4526 contra
2989 4463 3203 4548 ipsum
3249 4461 3580 4548 quondam
3626 4461 3993 4527 Johannem

926 4571 1306 4656 episcopum
1368 4568 1894 4651 Trajectensem,
1961 4568 2071 4652 qui
2139 4573 2395 4648 curtes,
2454 4587 2749 4650 mansos,
2797 4569 3157 4654 mancipia,
3206 4589 3429 4633 servos
3476 4574 3543 4631 et
3591 4564 3992 4653 pertinencia

929 4676 1228 4763 predicta
1276 4674 1616 4737 detinebat
1664 4672 1956 4737 indebite
2006 4678 2325 4759 occupata
2372 4673 2612 4759 quique
2662 4673 2907 4738 eisdem
2950 4675 3302 4738 sentenciis
3340 4673 3410 4737 in
3448 4672 3881 4760 possessorio,
3926 4675 3998 4735 ut

933 4782 1367 4869 premittitur,
1416 4781 1567 4844 latis
1614 4800 1842 4866 parere
1891 4781 2364 4844 contumaciter
2405 4780 2779 4862 recusabat,
2829 4780 3179 4845 nonnullos
3221 4781 3460 4866 prim0,
3511 4785 3579 4844 et
3617 4779 3859 4844 deinde
3896 4785 3993 4860 tu,

928 4889 1021 4952 fili
1088 4887 1419 4974 preposite
1486 4886 1761 4950 ecclesie
1827 4886 2034 4949 sancti
2099 4886 2459 4968 Gereonis,
2523 4887 2871 4950 nonnullos
2920 4886 3081 4950 alios
3128 4907 3503 4973 processus,
3551 4891 3749 4973 prout
3794 4886 3997 4950 eciam

927 5002 1224 5082 poteras,
1274 4994 1563 5057 diversas
1612 4994 2344 5077 excommunicacionis,
2395 4994 2840 5080 suspensionis
2888 5000 2956 5058 et
3000 4993 3334 5058 interdicti
3382 4993 3749 5058 sentencias
3797 4991 3998 5057 conti·

926 5107 1161 5166 nentes
1230 5100 1475 5164 fecistis
1549 5100 1616 5162 in
1691 5098 1931 5162 talibus
2000 5099 2142 5162 fieri
2212 5105 2597 5181 consuetos,
2671 5100 2783 5185 qui
2846 5098 3111 5185 quidem
3173 5120 3515 5186 processus
3576 5099 3646 5162 in
3705 5098 3996 5184 partibus

925 5210 1222 5295 legitime
1290 5207 1606 5294 publicati
1671 5207 1967 5288 fuerant,
2018 5204 2323 5291 quodque
2372 5206 2787 5293 postmodum
2835 5207 3127 5294 prefatus
3173 5204 3594 5293 predecessor
3639 5204 3996 5271 venerabili

928 5316 1114 5381 fratri
1164 5320 1386 5379 nostro
1438 5313 1671 5400 Egidio
1721 5314 2027 5399 episcopo
2077 5313 2484 5395 Tusculan0,
2536 5319 2690 5377 tunc
2739 5314 2916 5378 tituli
2965 5313 3188 5378 Sancti
3235 5312 3502 5378 Martini
3547 5312 3618 5376 in
3663 5312 3995 5377 Montibus

930 5423 1315 5510 presbytero
1366 5420 1729 5503 Cardinali,
1779 5420 2039 5483 oraculo
2088 5420 2236 5484 vive
2285 5420 2462 5484 vocis
2511 5419 2860 5502 commisit,
2913 5425 2987 5483 ut
3035 5419 3243 5484 donec
3290 5419 3643 5484 sentenciis
3689 5418 3994 5504 predictis

930 5529 1222 5615 plenarie
1269 5532 1639 5613 pareretur,
1689 5525 1864 5591 idem
1903 5524 2177 5611 Egidius
2223 5546 2566 5610 processus
2613 5525 2942 5611 predictos
2988 5546 3106 5611 per
3154 5546 3223 5589 se
3271 5526 3377 5589 vel
3424 5526 3624 5590 alium
3672 5545 3790 5589 seu
3839 5525 3994 5589 alios

930 5640 1254 5720 aggnaret
1285 5635 1436 5719 (sic)
1462 5635 1548 5717 3),
1594 5633 1896 5697 invocato
1946 5632 2029 5696 ad
2060 5632 2214 5714 hoc,
2252 5632 2305 5695 si
2337 5652 2502 5717 opus
2534 5632 2730 5716 foret,
2765 5632 3008 5697 auxilio
3042 5632 3290 5697 brachii
3321 5632 3658 5715 secularis,
3692 5632 3992 5718 quodque
