4450 6684
1837 579 2059 643 Iunnx
2106 579 2468 645 Locomm.
3563 573 3693 639 351

705 797 893 873 2030,
951 798 1135 873 2074,
1191 797 1379 874 2124,
1422 796 1608 871 2166,
1652 796 1836 872 2223,
1881 797 2065 874 2224,

704 907 891 983 2234,
935 907 1092 966 2247
1140 907 1342 982 (166),
1374 908 1494 966 Int.
1524 906 1721 983 LVII,
1750 906 2037 965 LXXVII
2048 926 2066 982 ,

701 1014 1034 1092 capitulum
1098 1016 1242 1092 606,
1305 1017 1454 1091 661,
1513 1017 1658 1093 689,
1716 1016 1862 1092 696,
1922 1018 2065 1094 782,

700 1124 846 1201 994,
914 1126 1096 1201 1216,
1158 1126 1340 1198 1272,
1402 1126 1584 1201 1373,
1650 1125 1834 1201 1385,
1880 1126 2064 1201 1387,

703 1235 887 1310 1419,
949 1234 1133 1310 1453,
1189 1235 1368 1311 1726,
1418 1236 1600 1310 1907,
1647 1234 1830 1310 1919,
1877 1234 2063 1310 1940,

704 1342 887 1418 1965,
961 1342 1149 1417 2045,
1213 1342 1333 1401 Int.
1398 1342 1575 1419 LIV,
1636 1344 1840 1402 LXXI
1903 1363 2062 1422 seq.;

698 1449 1096 1508 scholasticus
1153 1450 1298 1526 372,
1346 1450 1530 1525 1207,
1577 1450 1761 1526 1909,
1817 1450 2062 1511 thesau-

696 1556 892 1616 rarius
937 1559 1121 1634 1062,
1170 1559 1352 1636 1290,
1400 1560 1581 1633 1669,
1625 1559 1841 1619 viearii
1875 1561 2059 1638 1368,

703 1667 884 1742 1909,
928 1668 1114 1744 2074,
1157 1669 1345 1745 2140,
1389 1669 1574 1745 2193,
1619 1669 1804 1746 2207,
1861 1672 2060 1732 arohi-

696 1774 1050 1835 diaeonatus
1092 1777 1229 1853 257,
1273 1778 1418 1854 292,
1463 1779 1611 1853 940,
1658 1779 1840 1854 1172,
1876 1783 2059 1859 1423,

698 1885 881 1960 1669,
936 1886 1226 1945 eeclesiae
1280 1886 1567 1964 parochia
1609 1889 1754 1964 277,
1804 1891 2060 1951 eeclesia

692 1994 1058 2071 paroehialis
1099 1995 1157 2055 b.
1196 1996 1424 2055 Mariae
1468 1997 1654 2073 2166;
1699 1998 1956 2058 eeclesia
1996 2006 2058 2059 et

692 2107 1026 2162 conventus
1056 2102 1114 2162 S.
1144 2104 1197 2163 N
1205 2105 1385 2164 ioolai
1414 2105 1478 2163 in
1505 2105 1710 2166 Monte
1738 2108 1883 2185 363,
1913 2109 2056 2185 872,

692 2212 1121 2271 monasterium
1163 2212 1291 2273 ord.
1334 2214 1586 2276 cistere.
1631 2214 1753 2275 lut.
1795 2216 1966 2277 LXI.

608 2320 815 2379 Delft
885 2320 1082 2397 (Delf)
1151 2321 1405 2382 00010οἱ8
1474 2324 1839 2401 parochialis
1907 2328 2055 2404 655,

693 2429 875 2505 1964,
938 2429 1243 2507 hospitale
1311 2452 1646 2510 pauperum
1704 2436 1763 2494 b.
1827 2436 2055 2496 Mariae

690 2540 835 2614 713,
868 2538 1077 2598 domus
1104 2540 1556 2602 Carthasiensis
1590 2544 1775 2619 1550,
1802 2564 1860 2604 v.
1889 2544 2054 2604 Hen-

684 2647 849 2706 rieus
904 2647 1156 2708 Henrici
1212 2650 1458 2728 Dapper
1513 2652 1611 2729 de,
1671 2652 2054 2714 Hermannus

687 2756 790 2831 de,
832 2756 1130 2817 Martinus
1171 2758 1419 2818 Martini
1462 2759 1564 2837 de,
1606 2761 1919 2822 walterus
1948 2763 2054 2823 Jo-

683 2864 901 2923 hannis
944 2865 1036 2924 de.

604 2972 1026 3051 Delhugato
1068 2994 1124 3034 v.
1169 2974 1241 3035 G.
1286 2977 1377 3035 de.

605 3080 1075 3159 Depeldoren
1117 3105 1174 3143 v.
1218 3086 1582 3163 Apeldoorn.

603 3190 1123 3267 Depenbroohe
1166 3213 1223 3254 v.
1267 3195 1706 3273 Diepenbroek.

603 3299 838 3359 Darne
880 3321 937 3359 v.
984 3300 1207 3379 Sophia
1247 3304 1339 3363 de.

602 3407 858 3467 Didam
899 3411 1261 3487 paroehialis
1304 3415 1561 3474 ecelesia
1603 3417 1747 3493 660,
1795 3419 1967 3478 1846.

602 3516 1107 3594 Diopenbroek
1148 3542 1206 3581 v.
1249 3521 1627 3601 Wiggherus
1669 3526 1762 3586 de.

602 3626 1083 3704 Diepenheim
1112 3635 1377 3691 castrum
1399 3635 1544 3711 883,
1570 3636 1868 3712 884,1nt.
1894 3636 2049 3714 XX3

680 3755 738 3795 v.
781 3735 1081 3797 Henrieus
1124 3738 1225 3816 de,
1268 3740 1515 3801 Ulrious
1556 3742 1887 3804 Gisolberti
1929 3745 2020 3806 de.

603 3844 817 3904 Diest
857 3866 916 3905 v.
959 3830 1269 3907 Johaunes
1309 3850 1402 3909 de.

606 3954 981 4033 Dikningo
1003 3960 1430 4019 monasterium
1447 3959 1699 4021 cisterc.
1724 3946 1850 4023 oid.
1874 3964 2048 4042 1751,

685 4068 858 4126 1815.

602 4173 919 4234 Dilbeke
960 4197 1018 4235 v.
1061 4176 1372 4237 walterus
1414 4180 1507 4239 de.

604 4283 993 4344 Dodewert
1052 4285 1512 4363 (Dodenwerke)
1579 4309 1636 4349 v.
1694 4289 2049 4369 Rodolphus

682 4392 775 4452 de.

598 4501 803 4560 Diltz
846 4501 1132 4579 parochia
1173 4505 1308 4564 242.

599 4610 766 4670 Dist
807 4611 1083 4672 dominus
1125 4612 1200 4671 de
1242 4614 1379 4675 219.

600 4720 916 4780 Doernio
958 4720 1265 4797 (Doerino)
1310 4742 1366 4782 v.
1411 4722 1704 4784 Gal-lacus
1747 4725 1838 4785 de.

599 4827 982 4907 Doesburg
1028 4831 1171 4906 130,
1214 4832 1469 4892 0001θεί8
1510 4836 1694 4910 1368,
1741 4854 1794 4894 v.
1824 4835 2050 4896 Frede-

679 4939 843 4997 rieus
900 4937 1142 5000 Gerlaei
1195 4941 1295 5016 (10,
1341 4940 1646 5002 Germ-dus
1690 4943 2049 5023 Thenkippe

679 5046 781 5123 de,
826 5047 1136 5107 «Iohannes
1174 5047 1417 5109 Gerlaoi
1459 5051 1561 5127 de,
1606 5051 1916 5112 Johannes
1945 5053 2047 5131 (10,

679 5155 720 5214 J
723 5155 989 5215 ohannes
1034 5156 1247 5217 Trioht
1289 5159 1394 5235 de,
1437 5158 1584 5219 Otto
1626 5159 1870 5220 Ottonis
1912 5162 2006 5222 (10.

596 5264 1071 5325 Doetinehem
1127 5267 1581 5345 (Doetinghem)
1636 5269 1893 5328 00010018
1941 5289 2045 5347 pa-

676 5375 963 5434 rochialis
998 5376 1183 5451 1868;
1223 5396 1278 5436 v.
1307 5376 1616 5438 Arnoldus
1646 5378 2045 5438 Fermentarii

675 5485 779 5560 de,
807 5484 1112 5544 Arnoldus
1139 5485 1382 5545 Alberti
1409 5486 1634 5546 Gruter
1663 5485 1764 5562 de,
1796 5486 2044 5547 (31008111-

672 5611 788 5653 nus
818 5593 921 5671 do,
944 5593 1329 5654 Hei-mannus
1350 5593 1578 5655 Gruter
1607 5596 1708 5673 de,
1732 5595 1773 5654 J
1777 5596 2042 5656 ohannes

673 5701 884 5761 wilde
925 5701 1024 5769 do,
1070 5701 1422 5781 Rodolphus
1463 5704 1867 5764 Fermentarii
1909 5704 2001 5764 de.

2247 796 2577 857 Dokkum
2618 796 2807 871 2269,
2833 794 3264 855 monasterium
3292 793 3697 853 Praemonstr.

2330 903 2457 964 ord.
2504 904 2648 981 107,
2694 905 2837 981 108,
2882 904 3018 964 353.

2247 1010 2471 1070 Dolro
2513 1030 2569 1070 v.
2614 1008 2921 1070 Get-ardus
2963 1009 3056 1070 do.

2247 1119 2648 1197 Dombiayo
2690 1139 2746 1179 v.
2790 1118 3110 1195 Remigius
3155 1118 3482 1178 Thurionis
3523 1117 3616 1178 de.

2246 1228 2660 1289 Domburoh
2704 1247 2760 1288 v.
2806 1228 3026 1287 Petrus
3069 1227 3161 1288 do.

2245 1338 2514 1397 Domen
2554 1357 2612 1397 v.
2656 1335 2961 1396 Germ-dus
3003 1336 3095 1396 (10.

2242 1447 2440 1505 Dono
2483 1466 2540 1504 v.
2584 1445 2938 1505 Herbernus
2981 1444 3084 1522 de,
3135 1443 3445 1503 «Iohannes
3488 1443 3580 1504 (10.

2230 1554 2825 1615 Donokersvoort
2855 1554 3116 1614 eeclesia
3136 1553 3503 1631 parochialis
3520 1553 3699 1613 2124.

2241 1662 2882 1741 Dongheworighe
2923 1683 2981 1723 v.
3022 1663 3326 1722 Robertus
3367 1662 3461 1722 de.

2244 1774 2484 1832 Doorn
2540 1771 2903 1849 paroehialis
2961 1771 3217 1831 ecclesia
3263 1772 3448 1848 1803,
3490 1769 3695 1848 hospi·

2327 1881 2451 1940 tale
2492 1899 2827 1958 pauperum
2874 1882 3045 1940 1803.

2243 1991 2781 2067 Doornenburg
2821 2011 2879 2049 v.
2926 1990 3236 2051 «Iohannes
3278 1990 3369 2050 de.

2240 2098 2566 2159 Doornik
2608 2100 2705 2158 56.

2240 2208 2690 2268 Dordracum
2732 2209 2836 2283 83,
2885 2209 3068 2284 1533,
3116 2208 3301 2283 1548,
3349 2208 3532 2283 1663,
3569 2206 3693 2266 Int.

2321 2316 2531 2392 LXX3
2574 2317 2831 2376 eeclesia
2872 2316 3239 2394 paroehialis
3288 2317 3470 2392 1058,
3507 2316 3693 2393 1533,

2324 2426 2504 2501 1548,
2554 2425 2734 2502 1769,
2772 2426 2893 2484 Int.
2930 2424 3241 2500 XLVIII;
3285 2424 3542 2484 0001θεί8
3569 2423 3695 2484 001·

2320 2535 2549 2612 legiata
2580 2535 2766 2611 2225;
2796 2540 3128 2596 conventus
3159 2534 3234 2594 fr.
3264 2533 3692 2611 Eromytarum

2321 2645 2382 2705 S.
2425 2645 2760 2723 Augustini
2809 2647 2991 2721 1776,
3037 2665 3096 2705 v.
3139 2644 3375 2704 Franco
3416 2643 3516 2719 do,
3560 2643 3692 2702 Hu-

2320 2756 2529 2814 bertus
2561 2755 2665 2832 do,
2710 2755 3019 2814 «Iohannes
3048 2754 3149 2833 de,
3181 2754 3473 2816 nicolaus
3501 2754 3691 2816 Stuno

2317 2864 2427 2940 de,
2479 2863 2846 2923 wilhelmus
2904 2864 3004 2940 de,
3070 2864 3436 2925 wilhelmus
3490 2866 3694 2929 dietus

2314 2973 2472 3051 Wyc
2515 2972 2607 3032 de.

2235 3082 2710 3143 Dorenboroh
2751 3103 2808 3141 v.
2857 3083 3317 3161 Doornonburg.

2234 3194 2614 3269 Doronspij
2627 3191 2671 3249 k
2714 3191 2969 3251 ecelesia
3012 3192 3378 3269 paroehialis
3420 3192 3480 3253 S.
3524 3194 3689 3253 Lud-

2314 3301 2447 3378 geri
2492 3301 2906 3361 1542-1544.

2233 3409 2612 3487 Dortogho
2655 3408 2895 3469 domina
2934 3409 3009 3469 de
3051 3412 3228 3470 2169.

2233 3520 2424 3579 Dosa
2465 3537 2522 3578 v.
2564 3517 3080 3579 Huis-'l'er-DoOS.

2231 3627 2612 3688 Dosboroh
2663 3627 3063 3705 (Doseboroh,
3106 3627 3449 3705 Doceborg,
3493 3628 3687 3688 Dozo·

2310 3737 2489 3813 borg)
2529 3755 2585 3794 v.
2629 3736 2964 3813 Doesburg.

2231 3846 2536 3921 Drompt
2578 3845 2715 3903 277.

2228 3954 2552 4014 Drentia
2592 3954 2727 4012 845.

2230 4061 2686 4120 Driohuizen
2727 4081 2785 4120 v.
2830 4059 3160 4121 Gobelinus
3203 4061 3303 4138 de,
3356 4060 3684 4121 Rainerius

2308 4189 2445 4231 van.

2228 4278 2729 4338 Drosterland
2770 4278 2906 4337 588.

2230 4388 2572 4447 Droumel
2602 4387 2856 4446 ecclesia
2882 4387 3247 4464 paroehialis
3263 4387 3471 4449 Gelon.
3493 4387 3678 4448 dioec.

2316 4498 2488 4557 1260.

2230 4606 2437 4666 Driel
2494 4605 2749 4665 eeclesia
2804 4605 3169 4682 parochialis
3221 4607 3405 4681 1476,
3462 4626 3517 4666 v.
3560 4606 3679 4664 Ar·

2310 4716 2526 4775 noldus
2568 4714 2670 4791 de,
2714 4714 3024 4774 «Iohannes
3067 4714 3159 4774 do.

2231 4825 2703 4885 Drienhusen
2745 4844 2803 4884 v.
2846 4824 3231 4884 Driehuizen.

2230 4936 2506 4994 Drinen
2547 4955 2605 4994 v.
2646 4933 2980 4993 Reinaldus
3021 4934 3112 4993 (10.

2228 5044 2504 5105 Driven
2545 5044 2785 5104 domina
2813 5044 2887 5102 (10
2933 5043 3116 5118 1354,
3136 5062 3199 5104 v.
3231 5040 3552 5102 Gelmarus
3580 5040 3674 5101 de.

2228 5154 2704 5231 Dronghelen
2745 5173 2804 5212 v.
2847 5153 3149 5213 Robertus
3191 5151 3283 5212 de.

2226 5266 2565 5341 Dronrijp
2608 5262 2863 5322 eeclesia
2905 5263 3080 5320 2276.

2224 5373 2456 5452 Dryel
2497 5392 2555 5430 v.
2598 5371 2789 5430 Driel.
2857 5448 2864 5453 “

2225 5482 2620 5560 Dryhuson
2661 5500 2717 5540 v.
2762 5479 3148 5538 Driohuizon.

2223 5591 2420 5651 Duae
2432 5590 2629 5649 ensis
2672 5589 2927 5649 00010818
2969 5587 3029 5647 S.
3066 5587 3281 5646 Amaci
3314 5586 3670 5646 Atrebatem

2310 5701 2501 5760 dioec.
2547 5699 2728 5774 1595,
2772 5698 2831 5757 S.
2873 5697 3103 5756 Mariae
3144 5697 3281 5756 387.

3353 5818 3429 5878 47
