4450 6684
827 529 956 593 102
2051 531 2513 597 Innocens-ms
2555 532 2677 598 VI.

819 746 1049 811 mortis
1096 747 1373 814 articulo
1419 747 1684 836 plenam
1731 749 2182 816 remissionem
2228 751 2418 817 vobis
2460 752 2534 817 in
2580 752 2962 818 sinceritate
3008 750 3165 817 fidei
3206 798 3224 817 .
3244 797 3301 819 ..
3320 798 3339 818 .
3378 752 3889 839 persistentibus

820 853 1213 920 auctoritate
1260 855 1623 943 apostolica
1659 855 2024 923 concedere
2060 859 2311 942 valeat,
2353 858 2689 925 devotioni
2720 864 2941 925 vestre
2973 864 3204 925 tenore
3234 860 3641 948 presentium
3670 859 3888 926 indul-

820 983 1070 1049 gemus.
1096 1010 1113 1027 .
1139 1010 1158 1027 .
1187 1010 1204 1028 .
1251 963 1687 1029 Presentibus
1733 970 1884 1050 post
1925 964 2166 1031 festum
2199 967 2628 1033 Ascensionis
2658 966 2928 1048 Domini
2957 967 3257 1054 proxime
3288 966 3583 1033 futurum
3616 968 3882 1033 minime

818 1069 1137 1135 valituris.
1166 1116 1183 1133 .
1212 1117 1228 1135 .
1257 1116 1272 1134 .
1322 1069 1477 1135 Dat.
1525 1070 1892 1155 Avinione,
1939 1071 2084 1137 ΙΠῙ
2128 1073 2301 1138 Non.
2349 1073 2779 1158 Novembris,
2827 1093 3002 1140 anno
3050 1072 3353 1160 septimo.

1236 1204 1362 1268 Ray.
1395 1205 1495 1255 Αυ.
1538 1206 1592 1255 T.
1629 1203 1721 1268 20,
1750 1207 1810 1270 s.
1846 1205 1963 1257 384.

812 1671 1003 1757 1682.
1765 1680 1975 1762 1359,
2025 1679 2398 1745 Novembris
2443 1683 2518 1764 5,
2566 1680 2932 1746 Avenionis.

1125 1825 1584 1913 Infrascriptis
1647 1832 2027 1916 mandatur,
2088 1841 2163 1897 ut
2222 1854 2483 1897 causam
2542 1833 2817 1898 audiant
2861 1840 2921 1897 et
2963 1832 3092 1913 fine
3135 1831 3338 1897 debito
3388 1833 3720 1897 terminent
3752 1850 3882 1916 pro

1038 1932 1336 1998 Jokanne
1410 1935 1577 2000 Wite
1644 1941 1940 2002 canonico
2018 1938 2198 2022 Traj.
2222 1989 2239 2022 ,
2312 1942 2428 2025 qui
2494 1939 2916 2023 (Johannem)
2986 1941 3375 2024 episcopum,
3446 1937 3751 2003 &canum
3819 1944 3882 2001 et

1034 2042 1423 2125 capitulum,
1470 2064 1548 2107 ne
1594 2052 1954 2129 computum
2000 2045 2077 2109 de
2120 2046 2376 2127 fabrica
2425 2048 2712 2111 ecclcsiae
2766 2045 2950 2128 Traj.
2996 2052 3313 2131 acceptent
3358 2028 3540 2111 et‘dc
3574 2046 3882 2130 pecuniae

1034 2168 1280 2211 summa
1325 2149 1766 2231 satisfaciant,
1814 2151 1935 2215 sibi
1979 2173 2274 2217 recusare
2318 2161 2691 2239 conquestus
2737 2161 2847 2218 cst.

1034 2328 1309 2395 Dilectis
1372 2330 1524 2396 filiis
1582 2379 1598 2395 .
1626 2379 1643 2396 .
1702 2333 1912 2398 sancti
1958 2334 2310 2400 Laurencii
2356 2341 2548 2403 extra
2592 2356 2813 2401 muros
2860 2334 3384 2421 Trajectensium
3431 2338 3504 2399 et
3550 2378 3570 2399 .
3596 2380 3615 2399 .
3663 2332 3873 2399 sancti

807 2434 1000 2500 Pauli
1062 2437 1607 2503 monasteriorum
1668 2438 2021 2505 abbatibus
2083 2461 2159 2506 ac
2224 2489 2242 2506 .
2273 2488 2291 2507 .
2360 2440 2608 2508 decano
2656 2441 2932 2508 ecclesie
2979 2441 3191 2507 sancti
3236 2439 3283 2508 J
3285 2439 3565 2507 ohannis
3611 2439 3874 2525 Trajeo·

807 2543 1013 2607 tensis
1061 2543 1341 2609 salutem
1390 2552 1502 2609 etc.
3204 2568 3212 2577 ·

1028 2646 1284 2712 Peticio
1346 2668 1463 2734 pro
1525 2654 1714 2735 parte
1777 2648 2001 2716 dilecti
2063 2651 2182 2715 filii
2237 2652 2563 2719 Johannis
2609 2653 2797 2718 Wite
2843 2653 3142 2718 canonici
3188 2650 3631 2738 Trajectensis
3676 2650 3867 2716 nobis

805 2751 1105 2817 exhibita
1165 2753 1583 2837 continebat,
1648 2755 1824 2841 quod
1888 2757 2046 2822 licet
2090 2759 2267 2844 ipse,
2317 2760 2429 2846 qui
2477 2761 2631 2824 olim
2679 2781 2766 2824 ex
2812 2760 3270 2825 commissione
3316 2765 3387 2825 et
3432 2757 3869 2845 deputacione

803 2859 1198 2924 venerabilis
1245 2860 1465 2925 fratris
1503 2862 1712 2926 nostri
1755 2909 1771 2927 .
1802 2909 1818 2926 .
1860 2864 2149 2950 episcopi
2193 2867 2635 2950 Trajectensis
2676 2874 2746 2932 et
2785 2866 3172 2932 dilectorum
3214 2865 3499 2931 filiorum
3541 2913 3557 2930 .
3587 2914 3603 2930 .
3646 2863 3878 2930 decani

801 2972 872 3031 et
932 2966 1204 3053 capituli
1258 2968 1533 3033 ecclesie
1571 2969 2058 3055 TraJ’ectensis,
2108 2979 2305 3058 prout
2352 2972 2434 3037 ad
2482 2994 2595 3039 eos
2644 2973 3020 3060 spectabat,
3071 2972 3355 3039 officium
3400 2972 3646 3038 fabrice
3693 2970 3867 3036 dicte

803 3073 1079 3139 ecclesie
1148 3078 1217 3139 et
1286 3075 1430 3159 ejus
1499 3074 1675 3140 bona
1744 3082 1813 3141 et
1870 3079 2027 3162 jura
2086 3079 2489 3165 aliquamdiu
2536 3080 2741 3166 gessit
2789 3085 2858 3145 et
2903 3079 3424 3163 administravit,
3490 3075 3869 3164 hujusmodi

801 3180 1436 3247 administrationem
1497 3182 1668 3249 bene
1725 3190 1795 3249 et
1840 3184 2115 3251 solerter
2162 3189 2534 3253 exercuerit
2579 3209 2655 3253 ac
2703 3187 2941 3253 deinde
2990 3186 3072 3253 de
3119 3185 3497 3273 hujusmodi
3544 3186 3748 3272 gestis
3798 3191 3867 3250 et

801 3286 1273 3353 administratis
1333 3309 1452 3373 per
1515 3311 1665 3355 eum
1726 3291 1973 3357 eisdem
2032 3294 2376 3379 episcopo,
2442 3294 2692 3360 decano
2741 3301 2810 3361 et
2856 3296 3144 3382 capitulo
3191 3294 3456 3361 fidelem
3502 3301 3573 3359 et
3619 3294 3868 3359 bonum

800 3402 1173 3482 compotum
1221 3396 1370 3479 (sic)
1417 3401 1487 3461 et
1534 3398 1855 3463 rationem
1887 3398 2278 3482 reddiderit,
2328 3399 2620 3489 dictique
2652 3402 3027 3489 episcopus,
3078 3401 3370 3468 decanus
3403 3406 3471 3466 et
3507 3399 3869 3487 capitulum

801 3501 1015 3567 eidem
1064 3500 1108 3567 J
1112 3501 1354 3567 ohanni
1402 3504 1655 3568 ratione
1704 3503 2081 3590 hujusmodi
2127 3505 2716 3573 administrationis
2756 3507 3118 3575 secundum
3156 3507 3596 3573 redditionem
3635 3506 3860 3592 hujus-

799 3609 978 3674 modi
1046 3609 1337 3694 computi
1403 3609 1475 3673 in
1543 3630 1783 3696 magna
1851 3632 2106 3678 summa
2171 3615 2454 3701 pecunie
2515 3616 2951 3681 remanserint
3013 3614 3326 3700 obligati,
3389 3620 3612 3679 tamen
3656 3611 3858 3677 iidem

799 3716 1171 3802 episcopus,
1221 3714 1508 3781 decanus
1555 3722 1624 3782 et
1669 3718 2030 3803 capitulum
2077 3725 2456 3808 compotum
2504 3726 2573 3787 et
2617 3722 2942 3787 rationem
2990 3719 3368 3808 huiusmodi
3414 3725 3758 3808 acceptare
3799 3723 3871 3784 et

798 3822 1012 3888 eidem
1075 3822 1119 3889 J
1124 3822 1366 3888 ohanni
1430 3822 1514 3889 de
1578 3823 1754 3889 dicta
1813 3826 2091 3911 pecunie
2157 3847 2413 3892 summa
2466 3828 2844 3894 satisfacere
2891 3834 2961 3895 et
3008 3829 3444 3916 quitationem
3491 3833 3561 3894 et
3611 3820 3871 3893 absolu·

796 3932 1044 3997 tionem
1092 3929 1174 3996 de
1221 3930 1598 4017 huJ'usmodi
1644 3933 1847 4018 gestis
1896 3939 1965 3997 et
2012 3932 2484 3999 administratis
2530 3935 2746 4000 facere
2794 3941 3023 4001 contra
3060 3935 3398 4021 justiciam
3444 3937 3862 4015 recusantes,

794 4039 1009 4125 ipsum
1073 4037 1154 4104 de
1216 4038 1390 4104 mala
1434 4038 2001 4105 administratione
2050 4039 2246 4105 officii
2293 4039 2671 4126 hujusmodi
2719 4041 3172 4129 multipliciter
3217 4039 3554 4106 diffamare
3601 4045 3671 4105 et
3716 4059 3867 4104 eum

796 4146 1049 4212 ratione
1097 4145 1272 4211 illius
1320 4145 1620 4232 dampnis
1668 4151 1737 4211 et
1782 4146 2040 4231 injuriis
2087 4146 2585 4233 quampluribus
2628 4147 2892 4215 ‘afficere
2938 4168 3073 4213 non
3119 4153 3457 4231 verentur,
3505 4167 3703 4232 super
3740 4164 3868 4232 quo

795 4253 972 4320 idem
1045 4253 1090 4319 J
1094 4253 1385 4319 ohannes
1456 4253 1816 4339 apostolice
1887 4254 2061 4319 sedis
2121 4253 2487 4321 remedium
2550 4255 2887 4321 humiliter
2948 4255 3345 4343 imploravit.
3439 4253 3578 4320 Nos
3637 4253 3871 4339 igitur,

800 4358 1099 4447 ejusdem
1145 4359 1190 4425 J
1192 4359 1469 4424 ohannis
1515 4361 1585 4425 in
1632 4360 1755 4425 hac
1803 4366 1989 4448 parte
2037 4361 2627 4449 supplicationibus
2671 4361 2969 4428 inclinati
2989 4411 3007 4446 ,
3057 4361 3442 4427 discrecioni
3486 4366 3706 4427 vestre
3751 4378 3870 4445 per
3935 4410 3951 4418 -

799 4467 1161 4556 apostolica
1221 4468 1465 4553 scripta
1530 4467 1916 4532 mandamus
1936 4517 1954 4552 ,
2004 4469 2353 4555 quatinus,
2400 4469 2652 4535 vocatis
2700 4469 2814 4555 qui
2859 4469 3107 4534 fuerint
3152 4466 3469 4534 evocandi
3516 4471 3587 4532 et
3630 4464 3873 4531 auditis

797 4573 1109 4639 hincinde
1149 4573 1531 4660 propositis,
1568 4571 1744 4659 quod
1775 4575 2035 4659 justum
2065 4575 2296 4659 fuerit,
2331 4573 2773 4661 appellatione
2804 4579 3088 4658 remota,
3123 4572 3520 4656 decernatis,
3553 4570 3869 4637 facientes

800 4677 977 4767 quod
1024 4679 1444 4745 decreveritis
1491 4681 1883 4745 auctoritate
1932 4686 2159 4745 nostra
2203 4681 2481 4746 firmiter
2529 4681 2893 4765 observari3
2936 4686 3141 4746 testes
3182 4685 3435 4762 autem,
3475 4679 3589 4765 qui
3628 4677 3872 4743 fuerint

802 4787 1150 4869 nominati,
1200 4787 1255 4850 si
1302 4807 1373 4851 se
1420 4786 1663 4871 gratia,
1707 4786 1857 4851 odio
1892 4787 1999 4851 vel
2033 4788 2265 4852 timore
2301 4787 2780 4872 subtraxerint,
2815 4808 2933 4875 per
2963 4805 3306 4852 censuram
3339 4784 3865 4867 ecclesiasticam,

800 4893 1244 5015 appellatione
1291 4897 1617 4975 cessante,
1668 4893 2075 4980 compellatis
2123 4894 2385 4959 veritati
2434 4894 2882 4959 testimonium
2930 4892 3308 4980 perhibere3
3356 4912 3492 4957 non
3530 4891 3866 4972 obstante,

805 5000 860 5065 si
920 4998 1249 5086 aliquibus
1314 4999 1751 5063 communiter
1811 4999 1918 5065 vel
1980 4998 2240 5064 divisim
2289 5021 2328 5064 a
2373 4999 2530 5065 sede
2577 5000 2939 5087 apostolica
2982 4996 3321 5063 indultum
3367 4996 3649 5080 existat,
3697 4994 3872 5097 quod

801 5106 1141 5189 interdici,
1207 5103 1520 5192 suspendi
1582 5105 1690 5170 vel
1750 5105 2307 5171 excommunicari
2352 5126 2488 5170 non
2534 5106 2789 5193 possint
2833 5126 2951 5193 per
2994 5085 3254 5169 litteras
3299 5103 3692 5191 apostolicas
3739 5123 3875 5168 non

802 5213 1120 5279 facientes
1179 5211 1443 5299 plenam
1506 5217 1574 5277 et
1635 5232 2016 5297 expressam
2078 5231 2154 5276 ac
2220 5210 2303 5276 de
2359 5212 2563 5277 verbo
2610 5211 2696 5278 ad
2741 5211 3018 5277 verbum
3064 5209 3146 5276 de
3192 5209 3453 5275 indulto
3499 5207 3877 5295 hujusmodi

802 5321 1227 5387 mentionem.
1278 5318 1469 5394 Quod
1519 5317 1575 5382 si
1620 5337 1756 5382 non
1790 5338 2018 5382 omnes
2048 5316 2180 5381 hiis
2212 5318 2621 5404 exequendis
2653 5317 3003 5405 potueritis
3030 5317 3385 5400 interesse,
3420 5314 3551 5381 duo
3582 5320 3875 5382 vestrum

802 5448 883 5492 ea
927 5425 1391 5492 nichilominus
1436 5429 1878 5510 exequantur.
1975 5422 2131 5488 Dat.
2178 5422 2546 5508 Avinione,
2594 5423 2769 5491 Non.
2818 5422 3241 5505 Novembris,
3281 5441 3465 5521 'anno
3512 5421 3813 5508 septimo.

1223 5561 1348 5623 Bag.
1382 5560 1484 5609 Ao.
1524 5559 1580 5609 T.
1613 5556 1704 5621 20,
1730 5558 1792 5622 s.
1826 5556 1965 5608 0890.
