4450 6684
1858 577 2079 642 INDEX
2124 579 2485 644 Locorum.
3584 589 3715 650 365

648 788 969 848 Rienner
1011 810 1067 849 v.
1110 790 1418 852 Johannes
1459 793 1550 852 de.

649 897 977 958 Riethem
1019 901 1272 959 ecclesia
1300 904 1664 979 parochialis
1696 906 1879 981 1785,
1914 907 2085 965 1852.

648 1006 1244 1086 Rinisbnrgense
1292 1014 1719 1072 monasterium
1761 1014 1817 1074 b.
1860 1015 2089 1074 Mariae

728 1117 855 1176 ord.
899 1117 958 1177 8.
999 1118 1311 1179 Benedicti
1356 1123 1457 1196 17,
1500 1123 1606 1198 36,
1650 1123 1757 1198 54,
1804 1125 1907 1200 77,
1954 1125 2087 1199 127,

732 1228 873 1304 163,
931 1229 1076 1304 204,
1135 1230 1283 1304 226,
1341 1232 1485 1305 241,
1544 1233 1691 1308 278,
1744 1233 1889 1309 288,
1940 1232 2088 1309 328,

729 1337 877 1412 347,
934 1338 1079 1412 373,
1136 1338 1283 1413 457,
1343 1340 1489 1414 492,
1546 1341 1692 1416 493,
1750 1341 1897 1418 502,
1939 1342 2087 1418 509,

730 1445 877 1521 512,
935 1447 1082 1522 521,
1134 1447 1277 1519 522,
1322 1449 1668 1524 537-539,
1711 1451 1857 1524 579,
1905 1451 2087 1526 1280,

732 1554 915 1629 1459,
964 1556 1139 1631 1927,
1179 1557 1300 1615 Int.
1342 1557 1529 1631 XIX,
1566 1559 1912 1634 XXXVII,
1944 1560 2087 1637 XL,

729 1663 1001 1740 XLVII,
1044 1663 1254 1739 LXII,
1300 1666 1541 1743 LXXI,
1584 1667 1880 1727 LXXIX.

648 1770 879 1849 Ripen
920 1792 977 1831 v.
1019 1773 1384 1833 Wilhelmus
1426 1774 1516 1833 de.

648 1880 870 1940 Risen
913 1901 969 1941 v.
1012 1880 1263 1957 Rijssen.

648 1991 992 2049 Rivensis
1034 1989 1349 2069 episcopus
1395 1993 1580 2071 1486,
1624 1995 1797 2054 1490.

648 2100 925 2159 Rodelo
964 2102 1393 2161 monasterium
1434 2103 1686 2164 cisterc.
1731 2105 1855 2165 ord.
1899 2107 2075 2168 2055.

648 2209 979 2268 Rodense
1020 2229 1078 2269 v.
1124 2210 1340 2270 Daniel
1382 2212 1474 2271 de.

649 2318 1015 2379 Roistelle
1057 2339 1113 2378 v.
1155 2319 1393 2398 Aleyda
1432 2320 1524 2381 de.

647 2427 965 2488 Rolland
1007 2450 1065 2488 v.
1112 2430 1471 2490 wilhelmus
1513 2432 1606 2491 de.

648 2535 966 2596 Romana
1022 2538 1278 2597 ecclesia
1333 2538 1392 2598 8.
1447 2540 1758 2601 Michaelis
1814 2544 1879 2621 2,
1923 2546 1983 2621 6;
2031 2546 2089 2605 b.

731 2645 902 2704 Petri
958 2648 1022 2721 6;
1082 2646 1140 2705 S.
1199 2648 1425 2708 Mariae
1466 2649 1712 2727 Majoris
1756 2654 1897 2728 484,
1943 2655 2089 2731 485;

732 2752 792 2812 8.
850 2753 1182 2814 salvatoris
1240 2759 1303 2832 63
1359 2759 1565 2818 schola
1613 2760 1983 2822 Francorum
2025 2765 2091 2840 6;

732 2862 1052 2923 Frisonum
1094 2867 1158 2941 2,
1203 2867 1258 2925 6.

651 2972 1042 3031 Romanum
1084 2976 1514 3035 monasterium
1559 2977 1618 3036 8.
1661 2979 1909 3038 Martini
1952 2982 2007 3039 2.

650 3066 995 3139 Romeste
1036 3101 1096 3140 v.
1141 3081 1448 3143 «Iohannes
1491 3076 1582 3145 de.

651 3187 1134 3248 Rooderwold
1177 3191 1433 3251 ecclesia
1475 3195 1608 3254 302.

650 3297 752 3357 Ro
768 3297 1122 3357 senberch
1176 3299 1629 3379 (Rosemberch)
1687 3304 1961 3365 dominns
2017 3306 2092 3367 de

734 3407 917 3482 12493
986 3427 1044 3466 v.
1114 3407 1422 3468 «Iohannes
1484 3412 1585 3488 de,
1650 3413 1919 3474 Judocus
1982 3415 2088 3493 de,

731 3515 953 3575 Petrus
994 3517 1099 3591 de,
1142 3516 1389 3578 Ulricus
1431 3519 1523 3579 de.

650 3623 1164 3683 Roskildensis
1208 3627 1525 3705 episcopus
1568 3631 1705 3690 459.

651 3731 832 3791 Rost
874 3751 929 3791 v.
974 3732 1358 3793 Hermannus
1401 3736 1492 3795 de.

651 3838 838 3899 Rota
879 3860 938 3899 v.
980 3841 1291 3901 Conradus
1334 3844 1426 3902 de.

650 3947 983 4008 Rotariis
1025 3969 1081 4008 v.
1126 3949 1425 4029 Georgius
1468 3952 1558 4011 de.

566 4088 591 4111 0
650 4057 1216 4118 Rotherawalda
1253 4079 1313 4118 v.
1354 4060 1730 4121 Roderwold.

649 4163 1198 4226 Rothnacensis
1239 4169 1495 4229 ecclesia
1538 4169 1596 4229 8.
1641 4172 1810 4231 Petri
1856 4175 2032 4234 1258.

652 4273 1082 4338 Rotterdam
1152 4278 1409 4336 ecclesia
1471 4279 1835 4355 parochialis
1905 4284 2093 4362 2161,

734 4384 920 4459 2162;
970 4405 1028 4445 v.
1073 4385 1378 4445 Gerardus
1417 4393 1598 4447 natus
1638 4389 1951 4468 Vopponis
1992 4393 2092 4471 de,

734 4492 1080 4552 Petronella
1120 4494 1210 4553 de.

650 4602 1008 4661 Rotthum
1047 4604 1473 4664 monasterium
1517 4606 1642 4665 ord.
1689 4606 1748 4667 8.
1777 4607 2093 4670 Benedicti

734 4709 1053 4769 Monaster.
1097 4711 1284 4771 dioec.
1328 4713 1472 4789 967,
1520 4716 1693 4774 1146.

655 4818 917 4878 Ruella
958 4838 1015 4878 v.
1058 4819 1292 4879 Franco
1334 4820 1429 4879 de.

654 4927 1055 4987 Ruenhove
1098 4947 1154 4986 v.
1197 4927 1605 4990 Ruwenhove.

651 5035 944 5095 Rniana
986 5035 1353 5112 (Rumenai')
1396 5037 1598 5098 insula
1639 5042 1736 5099 26.

654 5143 1172 5221 Ruigehuizen
1212 5147 1390 5205 2277.

655 5251 938 5311 Ruinen
976 5253 1403 5313 monasterium
1448 5257 1621 5315 1827.

656 5360 1020 5439 Rumigny
1063 5382 1120 5420 V.
1165 5361 1473 5424 Johannes
1515 5365 1605 5424 de.

656 5469 927 5548 Rumpi:
970 5470 1298 5549 (Rumpde)
1342 5474 1478 5532 285.

656 5579 917 5658 Rnppe
950 5579 1176 5660 (Rupe)
1206 5600 1261 5639 v.
1294 5582 1630 5642 Ademarus
1659 5583 1763 5658 de,
1794 5582 2100 5643 Gerardus

738 5688 829 5748 de.

2271 798 2731 858 Ruremunda
2785 820 2842 859 v.
2901 799 3207 861 Gerardus
3259 803 3578 881 Mumekey
3620 804 3714 864 de.

2269 906 2796 967 Rutheniensis
2857 902 3114 969 ecclesia
3169 910 3360 970 dioec.
3418 911 3716 972 Constan-

2350 1016 2564 1075 tiensis
2596 1018 2735 1093 184;
2769 1019 3117 1078 monasterii
3146 1020 3272 1079 ord.
3303 1021 3715 1080 Praemonstr.

2351 1142 2676 1185 conversus
2717 1127 2896 1184 2132.

2271 1232 2413 1291 Rut
2426 1233 2566 1291 hne
2608 1234 2882 1309 (Rottum
2900 1235 2952 1309 P)
2995 1237 3170 1294 2276.

2271 1340 2493 1401 Rnwe
2506 1342 2742 1401 nhove
2792 1363 2840 1401 v.
2889 1343 3254 1403 Bertholdus
3298 1344 3391 1404 de.

2270 1448 2326 1507 R
2340 1468 2379 1507 u
2390 1469 2428 1526 y
2441 1467 2482 1507 n
2522 1468 2584 1509 v.
2629 1449 2670 1509 J
2672 1451 2937 1510 ohannes
2980 1452 3073 1511 de.

2270 1558 2326 1616 R
2337 1578 2377 1636 y
2389 1576 2431 1616 n
2443 1577 2470 1616 s
2482 1560 2521 1618 b
2536 1579 2578 1617 u
2590 1579 2620 1617 r
2631 1579 2673 1637 g
2734 1560 3149 1639 (Rynsborgh)
3192 1580 3248 1620 v.
3293 1562 3716 1640 Reynsburch.

2270 1666 2326 1725 R
2339 1669 2375 1744 ij
2392 1686 2420 1726 s
2435 1687 2463 1725 s
2474 1685 2559 1727 en
2604 1670 2774 1728 1637.

2271 1776 2327 1834 R
2340 1778 2377 1853 ij
2394 1795 2422 1835 s
2436 1779 2535 1854 wij
2551 1778 2593 1835 k
2649 1780 2753 1853 20;
2810 1778 3066 1838 ecclesia
3113 1781 3479 1857 parochialis
3525 1782 3679 1840 1260
3695 1825 3712 1859 ,

2356 1886 2538 1961 1427;
2582 1905 2637 1945 v.
2680 1887 2915 1947 Franco
2956 1887 3214 1948 Gerardi
3255 1890 3347 1949 de.

2273 2100 2582 2164 Sabello
2621 2124 2681 2164 v.
2725 2104 2990 2164 «Iacobus
3034 2106 3125 2165 de.

2274 2209 2699 2272 Sabinensis
2730 2216 3048 2293 episcopus
3077 2216 3183 2291 20,
3216 2217 3356 2290 162,
3388 2217 3537 2291 294,
3566 2217 3712 2294 391,

2355 2321 2501 2397 902,
2556 2323 2739 2398 1859,
2801 2325 2983 2401 1862,
3043 2326 3227 2399 1863,
3288 2325 3470 2399 1883,
3532 2326 3714 2402 1886,

2354 2431 2529 2489 2248.

2275 2536 2813 2600 Sacchiniense
2852 2543 3281 2602 monasterium
3328 2544 3420 2601 12.

2275 2645 2496 2724 Sagio
2537 2668 2594 2707 v.
2640 2649 2842 2710 Simon
2883 2651 2977 2710 de.

2276 2754 2494 2815 Salda
2534 2777 2591 2816 v.
2637 2758 2912 2818 Schalda.

2276 2863 2724 2926 Salimbenis
2770 2887 2823 2927 v.
2865 2868 3165 2928 Antonius
3206 2869 3297 2928 de.

2275 2972 2661 3035 Sallandia
2719 2977 2862 3051 160,
2924 2978 3064 3052 162,
3124 2978 3268 3052 381,
3326 2977 3473 3053 845,
3532 2978 3714 3053 1637,

2351 3083 2473 3142 Int.
2515 3083 2668 3158 XX,
2711 3084 2882 3142 LXI.

2274 3189 2890 3269 salzeburgensis
2922 3192 3230 3270 provincia
3259 3193 3363 3269 85,
3393 3193 3538 3268 474,
3569 3194 3717 3269 583,

2353 3300 2538 3376 2076;
2581 3301 3068 3379 archiepiscopus
3112 3303 3221 3378 95,
3253 3303 3359 3377 96,
3393 3302 3538 3377 125,
3568 3304 3712 3379 474,

2356 3411 2499 3485 716,
2542 3410 2687 3485 963,
2732 3411 2919 3486 2270,
2961 3410 3147 3486 2290,
3193 3411 3314 3469 Int.
3358 3410 3569 3469 XVII.

2275 3517 2732 3578 Sambiensis
2792 3519 3110 3597 episcopus
3173 3521 3318 3596 246,
3384 3520 3529 3595 253,
3593 3520 3718 3579 Int.

2353 3626 2547 3685 XLV.

2276 3734 2546 3794 Sancta
2586 3735 2932 3812 Margareta
2974 3756 3031 3795 v.
3074 3736 3439 3794 Wilhelmus
3482 3736 3572 3794 de.

2276 3841 2542 3902 Sancto
2583 3843 2974 3902 Ambrosio
3016 3863 3073 3902 v.
3118 3843 3188 3901 P.
3220 3843 3322 3917 de,
3366 3842 3585 3905 Petrus
3623 3842 3714 3903 de.

2276 3950 2538 4010 Sancto
2581 3951 2994 4010 Laurentio
3033 3970 3090 4009 v.
3135 3950 3444 4009 «Iohannes
3486 3950 3577 4009 de.

2276 4058 2547 4118 Sancto
2587 4059 2901 4118 Maximo
2942 4077 3002 4118 v.
3046 4058 3406 4117 Franciscus
3449 4059 3539 4119 de.

2277 4168 2545 4228 Sancto
2585 4167 2954 4228 Michaele
2995 4187 3052 4227 v.
3094 4168 3313 4227 Petrus
3354 4168 3446 4227 de.
3503 4172 3507 4176 *

2217 4272 2223 4279 ’
2276 4275 2539 4337 Sancto
2580 4276 2894 4337 Nicolao
2936 4275 3188 4335 ecclesia
3221 4275 3583 4354 parochialis
3611 4276 3714 4352 de,

2355 4384 2414 4444 8.
2456 4385 2696 4445 Nicolai
2741 4386 2914 4445 1699.

2276 4493 2538 4554 Sancto
2578 4494 2802 4555 Petro
2844 4495 3102 4554 Veteri
3144 4513 3204 4554 v.
3245 4492 3543 4552 Martinus
3584 4492 3675 4551 de.

2275 4601 2543 4663 Sancto
2587 4603 2956 4680 Stephano
2999 4623 3056 4662 v.
3098 4602 3464 4661 Wilhelmus
3503 4602 3594 4660 de.

2276 4711 2513 4773 Sande
2556 4732 2613 4771 V.
2656 4710 2823 4770 Elias
2864 4711 2969 4787 de,
3014 4710 3322 4770 Johannes
3365 4710 3457 4768 de.

2278 4822 2494 4881 Sarco
2537 4841 2593 4880 v.
2639 4820 2905 4880 Jacobus
2948 4819 3052 4897 de,
3095 4818 3404 4878 «Iohannes
3446 4817 3540 4877 de.

2278 4929 2743 4989 Sassenheim
2797 4929 3054 4990 ecclesia
3108 4927 3473 5006 parochialis
3535 4925 3717 5002 1680,

2358 5040 2535 5098 2026.

2279 5146 2642 5207 Saxoniae
2683 5146 2809 5205 dux
2852 5146 3038 5221 2202,
3082 5145 3258 5204 2203.

2280 5254 2575 5316 Scaldia
2615 5275 2673 5314 v.
2715 5254 2899 5331 Hugo
2941 5254 3033 5314 de.

2280 5363 2594 5425 Schalda
2636 5365 2733 5423 30.

2281 5472 2723 5532 Schakerslo
2768 5473 2901 5532 158.

2282 5580 2716 5658 Schalkwijk
2776 5584 3133 5659 personatus
3195 5580 3340 5655 9423
3405 5598 3463 5640 v.
3516 5577 3722 5653 'Gisel-

2359 5690 2569 5749 bertus
2610 5690 2701 5749 de.
