<?xml version="1.0" encoding="UTF-8"?>
<!DOCTYPE html PUBLIC "-//W3C//DTD XHTML 1.0 Transitional//EN"
    "http://www.w3.org/TR/xhtml1/DTD/xhtml1-transitional.dtd">
<html xmlns="http://www.w3.org/1999/xhtml" xml:lang="en" lang="en">
 <head>
  <title>
</title>
<meta http-equiv="Content-Type" content="text/html;charset=utf-8" />
  <meta name='ocr-system' content='tesseract 3.04.00' />
  <meta name='ocr-capabilities' content='ocr_page ocr_carea ocr_par ocr_line ocrx_word'/>
</head>
<body>
  <div class='ocr_page' id='page_1' title='image "./bullariumtrajec00nethgoog_0039.png"; bbox 0 0 4450 6684; ppageno 0'>
   <div class='ocr_carea' id='block_1_1' title="bbox 1910 538 3682 603">
    <p class='ocr_par' dir='ltr' id='par_1_1' title="bbox 1910 538 3682 603">
     <span class='ocr_line' id='line_1_1' title="bbox 1910 538 3682 603; baseline -0.002 -2"><span class='ocrx_word' id='word_1_1' title='bbox 1910 538 2396 603; x_wconf 69' lang='lat' dir='ltr'><strong>Iurnonuc&#39;mo.</strong></span> <span class='ocrx_word' id='word_1_2' title='bbox 3503 551 3682 599; x_wconf 76' lang='lat' dir='ltr'><strong>xxlx</strong></span> 
     </span>
    </p>
   </div>
   <div class='ocr_carea' id='block_1_2' title="bbox 630 751 3683 1863">
    <p class='ocr_par' dir='ltr' id='par_1_2' title="bbox 630 751 3683 1863">
     <span class='ocr_line' id='line_1_2' title="bbox 857 751 3680 841; baseline -0.002 -20"><span class='ocrx_word' id='word_1_3' title='bbox 857 755 1164 822; x_wconf 84' lang='lat' dir='ltr'><strong>Exeunte</strong></span> <span class='ocrx_word' id='word_1_4' title='bbox 1229 778 1334 821; x_wconf 90' lang='lat' dir='ltr'><strong>an.</strong></span> <span class='ocrx_word' id='word_1_5' title='bbox 1405 757 1576 821; x_wconf 87' lang='grc'>1334</span> <span class='ocrx_word' id='word_1_6' title='bbox 1640 755 2043 822; x_wconf 78' lang='lat' dir='ltr'><strong>Benedictus</strong></span> <span class='ocrx_word' id='word_1_7' title='bbox 2106 776 2278 841; x_wconf 90' lang='lat' dir='ltr'><strong>papa</strong></span> <span class='ocrx_word' id='word_1_8' title='bbox 2328 754 2470 819; x_wconf 89' lang='lat' dir='ltr'><strong>XII</strong></span> <span class='ocrx_word' id='word_1_9' title='bbox 2514 754 2746 820; x_wconf 89' lang='lat' dir='ltr'><strong>tiaram</strong></span> <span class='ocrx_word' id='word_1_10' title='bbox 2794 753 3074 840; x_wconf 89' lang='lat' dir='ltr'><strong>adeptus</strong></span> <span class='ocrx_word' id='word_1_11' title='bbox 3119 756 3251 836; x_wconf 88' lang='lat' dir='ltr'><strong>est,</strong></span> <span class='ocrx_word' id='word_1_12' title='bbox 3299 751 3405 816; x_wconf 91' lang='lat' dir='ltr'><strong>cui</strong></span> <span class='ocrx_word' id='word_1_13' title='bbox 3452 771 3680 816; x_wconf 91' lang='lat' dir='ltr'><strong>mense</strong></span> 
     </span>
     <span class='ocr_line' id='line_1_3' title="bbox 630 855 3679 945; baseline -0.001 -23"><span class='ocrx_word' id='word_1_14' title='bbox 630 857 809 944; x_wconf 78' lang='lat' dir='ltr'><strong>MaJo</strong></span> <span class='ocrx_word' id='word_1_15' title='bbox 857 880 963 924; x_wconf 90' lang='lat' dir='ltr'><strong>an.</strong></span> <span class='ocrx_word' id='word_1_16' title='bbox 1019 862 1191 925; x_wconf 85' lang='lat'>1342</span> <span class='ocrx_word' id='word_1_17' title='bbox 1239 859 1542 926; x_wconf 88' lang='lat' dir='ltr'><strong>Clemens</strong></span> <span class='ocrx_word' id='word_1_18' title='bbox 1588 860 1687 926; x_wconf 87' lang='lat' dir='ltr'><strong>VI</strong></span> <span class='ocrx_word' id='word_1_19' title='bbox 1734 861 2066 925; x_wconf 83' lang='lat' dir='ltr'><strong>successit.</strong></span> <span class='ocrx_word' id='word_1_20' title='bbox 2128 858 2426 945; x_wconf 79' lang='lat' dir='ltr'>Uterque</span> <span class='ocrx_word' id='word_1_21' title='bbox 2474 857 2781 923; x_wconf 85' lang='lat' dir='ltr'><strong>Summus</strong></span> <span class='ocrx_word' id='word_1_22' title='bbox 2826 857 3171 940; x_wconf 79' lang='lat' dir='ltr'><strong>Pontifex,</strong></span> <span class='ocrx_word' id='word_1_23' title='bbox 3220 856 3450 943; x_wconf 90' lang='lat' dir='ltr'><strong>quovis</strong></span> <span class='ocrx_word' id='word_1_24' title='bbox 3496 855 3679 942; x_wconf 90' lang='lat' dir='ltr'><strong>pacis</strong></span> 
     </span>
     <span class='ocr_line' id='line_1_4' title="bbox 632 961 3675 1046; baseline -0.001 -20"><span class='ocrx_word' id='word_1_25' title='bbox 632 962 1101 1029; x_wconf 78' lang='lat' dir='ltr'><strong>restaurandae</strong></span> <span class='ocrx_word' id='word_1_26' title='bbox 1147 966 1490 1030; x_wconf 88' lang='lat' dir='ltr'><strong>conamine</strong></span> <span class='ocrx_word' id='word_1_27' title='bbox 1538 965 1622 1030; x_wconf 90' lang='lat' dir='ltr'><strong>ad</strong></span> <span class='ocrx_word' id='word_1_28' title='bbox 1668 964 1923 1029; x_wconf 89' lang='lat' dir='ltr'><strong>irritum</strong></span> <span class='ocrx_word' id='word_1_29' title='bbox 1972 962 2286 1046; x_wconf 89' lang='lat' dir='ltr'><strong>cadente,</strong></span> <span class='ocrx_word' id='word_1_30' title='bbox 2336 984 2598 1029; x_wconf 88' lang='lat' dir='ltr'><strong>severas</strong></span> <span class='ocrx_word' id='word_1_31' title='bbox 2643 967 2871 1028; x_wconf 87' lang='lat' dir='ltr'><strong>contra</strong></span> <span class='ocrx_word' id='word_1_32' title='bbox 2908 961 3317 1027; x_wconf 88' lang='lat' dir='ltr'><strong>Ludovicum</strong></span> <span class='ocrx_word' id='word_1_33' title='bbox 3348 961 3675 1025; x_wconf 90' lang='lat' dir='ltr'><strong>Bavarum</strong></span> 
     </span>
     <span class='ocr_line' id='line_1_5' title="bbox 633 1063 3683 1156; baseline -0.001 -26"><span class='ocrx_word' id='word_1_34' title='bbox 633 1065 843 1131; x_wconf 84' lang='lat' dir='ltr'><strong>bullas</strong></span> <span class='ocrx_word' id='word_1_35' title='bbox 913 1066 1120 1132; x_wconf 84' lang='lat' dir='ltr'><strong>edidit</strong></span> <span class='ocrx_word' id='word_1_36' title='bbox 1189 1069 1627 1156; x_wconf 89' lang='lat' dir='ltr'><strong>pristinasque</strong></span> <span class='ocrx_word' id='word_1_37' title='bbox 1701 1089 2007 1134; x_wconf 89' lang='lat' dir='ltr'><strong>censuras</strong></span> <span class='ocrx_word' id='word_1_38' title='bbox 2076 1068 2434 1133; x_wconf 79' lang='lat' dir='ltr'><strong>innovavit.</strong></span> <span class='ocrx_word' id='word_1_39' title='bbox 2528 1064 2929 1152; x_wconf 88' lang='lat' dir='ltr'><strong>Hujusmodi</strong></span> <span class='ocrx_word' id='word_1_40' title='bbox 3002 1065 3360 1151; x_wconf 84' lang='lat' dir='ltr'><strong>diplomata</strong></span> <span class='ocrx_word' id='word_1_41' title='bbox 3420 1063 3683 1150; x_wconf 89' lang='lat' dir='ltr'><strong>papalia</strong></span> 
     </span>
     <span class='ocr_line' id='line_1_6' title="bbox 634 1168 3677 1258; baseline -0 -26"><span class='ocrx_word' id='word_1_42' title='bbox 634 1170 873 1234; x_wconf 90' lang='lat' dir='ltr'><strong>nostris</strong></span> <span class='ocrx_word' id='word_1_43' title='bbox 939 1190 1198 1257; x_wconf 89' lang='lat' dir='ltr'><strong>quoque</strong></span> <span class='ocrx_word' id='word_1_44' title='bbox 1258 1173 1328 1236; x_wconf 92' lang='lat' dir='ltr'><strong>in</strong></span> <span class='ocrx_word' id='word_1_45' title='bbox 1384 1173 1680 1258; x_wconf 89' lang='lat' dir='ltr'><strong>partibus</strong></span> <span class='ocrx_word' id='word_1_46' title='bbox 1726 1171 2065 1257; x_wconf 84' lang='lat' dir='ltr'><strong>divulgata</strong></span> <span class='ocrx_word' id='word_1_47' title='bbox 2108 1171 2422 1257; x_wconf 85' lang='lat' dir='ltr'><strong>leguntur</strong></span> <span class='ocrx_word' id='word_1_48' title='bbox 2467 1172 2738 1254; x_wconf 88' lang='lat' dir='ltr'><strong>(numm.</strong></span> <span class='ocrx_word' id='word_1_49' title='bbox 2790 1171 2951 1251; x_wconf 84' lang='lat'>963,</span> <span class='ocrx_word' id='word_1_50' title='bbox 3003 1170 3164 1250; x_wconf 87' lang='grc'><strong>965,</strong></span> <span class='ocrx_word' id='word_1_51' title='bbox 3221 1169 3421 1250; x_wconf 89' lang='grc'>1095,</span> <span class='ocrx_word' id='word_1_52' title='bbox 3475 1168 3677 1250; x_wconf 88' lang='lat'>1150,</span> 
     </span>
     <span class='ocr_line' id='line_1_7' title="bbox 638 1272 3680 1363; baseline 0 -27"><span class='ocrx_word' id='word_1_53' title='bbox 638 1274 840 1354; x_wconf 88' lang='lat'>1151,</span> <span class='ocrx_word' id='word_1_54' title='bbox 896 1276 1097 1357; x_wconf 87' lang='lat'>1158,</span> <span class='ocrx_word' id='word_1_55' title='bbox 1155 1277 1374 1360; x_wconf 85' lang='lat'><strong>1163).</strong></span> <span class='ocrx_word' id='word_1_56' title='bbox 1445 1275 1751 1363; x_wconf 90' lang='lat' dir='ltr'><strong>Denique</strong></span> <span class='ocrx_word' id='word_1_57' title='bbox 1800 1276 2104 1342; x_wconf 79' lang='lat' dir='ltr'><strong>Clemens</strong></span> <span class='ocrx_word' id='word_1_58' title='bbox 2151 1296 2324 1361; x_wconf 90' lang='lat' dir='ltr'><strong>papa</strong></span> <span class='ocrx_word' id='word_1_59' title='bbox 2367 1275 2468 1339; x_wconf 90' lang='lat' dir='ltr'><strong>VI</strong></span> <span class='ocrx_word' id='word_1_60' title='bbox 2514 1295 2740 1339; x_wconf 90' lang='lat' dir='ltr'><strong>mense</strong></span> <span class='ocrx_word' id='word_1_61' title='bbox 2787 1274 3002 1361; x_wconf 87' lang='lat' dir='ltr'><strong>Aprili</strong></span> <span class='ocrx_word' id='word_1_62' title='bbox 3049 1295 3152 1338; x_wconf 91' lang='lat' dir='ltr'><strong>an.</strong></span> <span class='ocrx_word' id='word_1_63' title='bbox 3209 1273 3377 1336; x_wconf 86' lang='lat'>1346</span> <span class='ocrx_word' id='word_1_64' title='bbox 3411 1272 3680 1357; x_wconf 87' lang='lat' dir='ltr'><strong>Imperii</strong></span> 
     </span>
     <span class='ocr_line' id='line_1_8' title="bbox 632 1374 3681 1466; baseline 0 -26"><span class='ocrx_word' id='word_1_65' title='bbox 632 1374 1001 1457; x_wconf 83' lang='lat' dir='ltr'><strong>Electores,</strong></span> <span class='ocrx_word' id='word_1_66' title='bbox 1063 1385 1139 1443; x_wconf 93' lang='lat' dir='ltr'><strong>ut</strong></span> <span class='ocrx_word' id='word_1_67' title='bbox 1201 1401 1443 1445; x_wconf 90' lang='lat' dir='ltr'><strong>novum</strong></span> <span class='ocrx_word' id='word_1_68' title='bbox 1505 1381 1827 1466; x_wconf 86' lang='lat' dir='ltr'><strong>eligerent</strong></span> <span class='ocrx_word' id='word_1_69' title='bbox 1872 1400 2124 1465; x_wconf 88' lang='lat' dir='ltr'><strong>regem,</strong></span> <span class='ocrx_word' id='word_1_70' title='bbox 2177 1379 2539 1443; x_wconf 89' lang='lat' dir='ltr'><strong>stimulavit</strong></span> <span class='ocrx_word' id='word_1_71' title='bbox 2586 1385 2786 1465; x_wconf 90' lang='lat' dir='ltr'><strong>atque</strong></span> <span class='ocrx_word' id='word_1_72' title='bbox 2833 1384 2906 1443; x_wconf 92' lang='lat' dir='ltr'><strong>ut</strong></span> <span class='ocrx_word' id='word_1_73' title='bbox 2953 1378 3229 1444; x_wconf 88' lang='lat' dir='ltr'><strong>caeteris</strong></span> <span class='ocrx_word' id='word_1_74' title='bbox 3276 1375 3681 1463; x_wconf 90' lang='lat' dir='ltr'><strong>principibus</strong></span> 
     </span>
     <span class='ocr_line' id='line_1_9' title="bbox 633 1480 3677 1570; baseline -0.001 -25"><span class='ocrx_word' id='word_1_75' title='bbox 633 1485 705 1545; x_wconf 90' lang='lat' dir='ltr'><strong>et</strong></span> <span class='ocrx_word' id='word_1_76' title='bbox 750 1483 1192 1568; x_wconf 89' lang='lat' dir='ltr'><strong>praesulibus,</strong></span> <span class='ocrx_word' id='word_1_77' title='bbox 1241 1485 1337 1548; x_wconf 89' lang='lat' dir='ltr'><strong>ita</strong></span> <span class='ocrx_word' id='word_1_78' title='bbox 1382 1486 1673 1551; x_wconf 88' lang='lat' dir='ltr'><strong>Johanni</strong></span> <span class='ocrx_word' id='word_1_79' title='bbox 1720 1485 2024 1570; x_wconf 92' lang='lat' dir='ltr'><strong>episcopo</strong></span> <span class='ocrx_word' id='word_1_80' title='bbox 2072 1484 2480 1567; x_wconf 85' lang='lat' dir='ltr'><strong>Trajectensi</strong></span> <span class='ocrx_word' id='word_1_81' title='bbox 2525 1489 2593 1547; x_wconf 91' lang='lat' dir='ltr'><strong>et</strong></span> <span class='ocrx_word' id='word_1_82' title='bbox 2640 1482 2988 1568; x_wconf 83' lang='lat' dir='ltr'><strong>Reynaldo</strong></span> <span class='ocrx_word' id='word_1_83' title='bbox 3023 1482 3244 1547; x_wconf 91' lang='lat' dir='ltr'><strong>comiti</strong></span> <span class='ocrx_word' id='word_1_84' title='bbox 3276 1480 3383 1545; x_wconf 93' lang='lat' dir='ltr'><strong>III</strong></span> <span class='ocrx_word' id='word_1_85' title='bbox 3415 1480 3677 1545; x_wconf 89' lang='lat' dir='ltr'><strong>Gelriae</strong></span> 
     </span>
     <span class='ocr_line' id='line_1_10' title="bbox 634 1582 3678 1675; baseline 0 -29"><span class='ocrx_word' id='word_1_86' title='bbox 634 1582 935 1650; x_wconf 88' lang='lat' dir='ltr'><strong>sedulum</strong></span> <span class='ocrx_word' id='word_1_87' title='bbox 996 1588 1066 1651; x_wconf 92' lang='lat' dir='ltr'><strong>in</strong></span> <span class='ocrx_word' id='word_1_88' title='bbox 1126 1588 1251 1654; x_wconf 92' lang='lat' dir='ltr'><strong>hoc</strong></span> <span class='ocrx_word' id='word_1_89' title='bbox 1297 1591 1563 1674; x_wconf 86' lang='lat' dir='ltr'><strong>negotio</strong></span> <span class='ocrx_word' id='word_1_90' title='bbox 1611 1590 1927 1654; x_wconf 81' lang='lat' dir='ltr'><strong>auxilium</strong></span> <span class='ocrx_word' id='word_1_91' title='bbox 1977 1586 2445 1675; x_wconf 85' lang='lat' dir='ltr'><strong>praestandum</strong></span> <span class='ocrx_word' id='word_1_92' title='bbox 2491 1585 2828 1651; x_wconf 89' lang='lat' dir='ltr'><strong>mandavit</strong></span> <span class='ocrx_word' id='word_1_93' title='bbox 2873 1588 3145 1669; x_wconf 90' lang='lat' dir='ltr'><strong>(numm.</strong></span> <span class='ocrx_word' id='word_1_94' title='bbox 3201 1587 3402 1668; x_wconf 83' lang='lat'>1165,</span> <span class='ocrx_word' id='word_1_95' title='bbox 3457 1586 3678 1668; x_wconf 88' lang='grc'>1166).</span> 
     </span>
     <span class='ocr_line' id='line_1_11' title="bbox 631 1678 3681 1777; baseline -0 -25"><span class='ocrx_word' id='word_1_96' title='bbox 631 1686 865 1753; x_wconf 81' lang='lat' dir='ltr'><strong>Paullo</strong></span> <span class='ocrx_word' id='word_1_97' title='bbox 939 1697 1092 1777; x_wconf 90' lang='lat' dir='ltr'><strong>post</strong></span> <span class='ocrx_word' id='word_1_98' title='bbox 1160 1691 1431 1758; x_wconf 82' lang='lat' dir='ltr'><strong>Carolus</strong></span> <span class='ocrx_word' id='word_1_99' title='bbox 1500 1694 1600 1759; x_wconf 89' lang='lat' dir='ltr'><strong>IV</strong></span> <span class='ocrx_word' id='word_1_100' title='bbox 1667 1714 1788 1757; x_wconf 85' lang='lat' dir='ltr'><strong>rex</strong></span> <span class='ocrx_word' id='word_1_101' title='bbox 1857 1693 2106 1757; x_wconf 90' lang='lat' dir='ltr'><strong>electus</strong></span> <span class='ocrx_word' id='word_1_102' title='bbox 2170 1699 2306 1775; x_wconf 85' lang='lat' dir='ltr'><strong>est,</strong></span> <span class='ocrx_word' id='word_1_103' title='bbox 2379 1696 2448 1755; x_wconf 94' lang='lat' dir='ltr'><strong>et</strong></span> <span class='ocrx_word' id='word_1_104' title='bbox 2510 1712 2734 1757; x_wconf 92' lang='lat' dir='ltr'><strong>mense</strong></span> <span class='ocrx_word' id='word_1_105' title='bbox 2793 1691 3062 1756; x_wconf 82' lang='lat' dir='ltr'><strong>Octobri</strong></span> <span class='ocrx_word' id='word_1_106' title='bbox 3127 1678 3463 1777; x_wconf 87' lang='lat' dir='ltr'><strong>sequentis</strong></span> <span class='ocrx_word' id='word_1_107' title='bbox 3525 1688 3681 1752; x_wconf 91' lang='lat' dir='ltr'><strong>anni</strong></span> 
     </span>
     <span class='ocr_line' id='line_1_12' title="bbox 634 1791 2103 1863; baseline 0.003 -7"><span class='ocrx_word' id='word_1_108' title='bbox 634 1791 1008 1858; x_wconf 91' lang='lat' dir='ltr'><strong>Ludovicus</strong></span> <span class='ocrx_word' id='word_1_109' title='bbox 1055 1797 1349 1862; x_wconf 89' lang='lat' dir='ltr'><strong>Bavarus</strong></span> <span class='ocrx_word' id='word_1_110' title='bbox 1396 1798 1617 1863; x_wconf 87' lang='lat' dir='ltr'><strong>subita</strong></span> <span class='ocrx_word' id='word_1_111' title='bbox 1661 1804 1872 1863; x_wconf 88' lang='lat' dir='ltr'><strong>morte</strong></span> <span class='ocrx_word' id='word_1_112' title='bbox 1920 1796 2103 1862; x_wconf 92' lang='lat' dir='ltr'><strong>obiit.</strong></span> 
     </span>
    </p>
   </div>
   <div class='ocr_carea' id='block_1_3' title="bbox 857 1896 4020 1988">
    <p class='ocr_par' dir='ltr' id='par_1_3' title="bbox 857 1896 4020 1988">
     <span class='ocr_line' id='line_1_13' title="bbox 857 1896 4020 1988; baseline 0 -26"><span class='ocrx_word' id='word_1_113' title='bbox 857 1898 1297 1965; x_wconf 87' lang='lat' dir='ltr'><strong>Nihilominus</strong></span> <span class='ocrx_word' id='word_1_114' title='bbox 1350 1902 1420 1966; x_wconf 93' lang='lat' dir='ltr'><strong>in</strong></span> <span class='ocrx_word' id='word_1_115' title='bbox 1467 1902 1763 1988; x_wconf 89' lang='lat' dir='ltr'><strong>partibus</strong></span> <span class='ocrx_word' id='word_1_116' title='bbox 1810 1902 2048 1966; x_wconf 88' lang='lat' dir='ltr'><strong>nostris</strong></span> <span class='ocrx_word' id='word_1_117' title='bbox 2095 1900 2504 1966; x_wconf 89' lang='lat' dir='ltr'><strong>Ludovicum</strong></span> <span class='ocrx_word' id='word_1_118' title='bbox 2551 1899 2918 1985; x_wconf 84' lang='lat' dir='ltr'><strong>legitimum</strong></span> <span class='ocrx_word' id='word_1_119' title='bbox 2965 1921 3188 1985; x_wconf 86' lang='lat' dir='ltr'><strong>regem</strong></span> <span class='ocrx_word' id='word_1_120' title='bbox 3236 1900 3432 1986; x_wconf 86' lang='lat' dir='ltr'><strong>vulgo</strong></span> <span class='ocrx_word' id='word_1_121' title='bbox 3482 1922 3682 1986; x_wconf 88' lang='lat' dir='ltr'><strong>agno·</strong></span> <span class='ocrx_word' id='word_1_122' title='bbox 3747 1896 4020 1948; x_wconf 64' lang='lat' dir='ltr'><strong>Ludovicus</strong></span> 
     </span>
    </p>
   </div>
   <div class='ocr_carea' id='block_1_4' title="bbox 3731 1966 4044 2015">
    <p class='ocr_par' dir='ltr' id='par_1_4' title="bbox 3731 1966 4044 2015">
     <span class='ocr_line' id='line_1_14' title="bbox 3731 1966 4044 2015; baseline 0.006 -2"><span class='ocrx_word' id='word_1_123' title='bbox 3731 1966 3947 2015; x_wconf 77' lang='lat' dir='ltr'><strong>Bavarus</strong></span> <span class='ocrx_word' id='word_1_124' title='bbox 3981 1966 4044 2015; x_wconf 82' lang='lat' dir='ltr'><strong>ad</strong></span> 
     </span>
    </p>
   </div>
   <div class='ocr_carea' id='block_1_5' title="bbox 633 2003 4066 2195">
    <p class='ocr_par' dir='ltr' id='par_1_5' title="bbox 633 2003 4066 2195">
     <span class='ocr_line' id='line_1_15' title="bbox 637 2003 4057 2098; baseline 0.001 -36"><span class='ocrx_word' id='word_1_125' title='bbox 637 2019 816 2066; x_wconf 88' lang='lat' dir='ltr'><strong>scere</strong></span> <span class='ocrx_word' id='word_1_126' title='bbox 880 2011 1348 2089; x_wconf 84' lang='lat' dir='ltr'><strong>perrexerunt,</strong></span> <span class='ocrx_word' id='word_1_127' title='bbox 1404 2008 1503 2070; x_wconf 84' lang='lat' dir='ltr'><strong>uti</strong></span> <span class='ocrx_word' id='word_1_128' title='bbox 1550 2006 1747 2091; x_wconf 89' lang='lat' dir='ltr'><strong>hujus</strong></span> <span class='ocrx_word' id='word_1_129' title='bbox 1795 2007 2106 2091; x_wconf 88' lang='lat' dir='ltr'><strong>temporis</strong></span> <span class='ocrx_word' id='word_1_130' title='bbox 2155 2004 2515 2091; x_wconf 86' lang='lat' dir='ltr'><strong>diplomata</strong></span> <span class='ocrx_word' id='word_1_131' title='bbox 2561 2005 2734 2069; x_wconf 90' lang='lat' dir='ltr'><strong>clare</strong></span> <span class='ocrx_word' id='word_1_132' title='bbox 2782 2003 3159 2069; x_wconf 89' lang='lat' dir='ltr'><strong>ostendunt.</strong></span> <span class='ocrx_word' id='word_1_133' title='bbox 3254 2004 3450 2068; x_wconf 87' lang='lat' dir='ltr'><strong>Anno</strong></span> <span class='ocrx_word' id='word_1_134' title='bbox 3507 2006 3676 2070; x_wconf 85' lang='grc'>1337</span> <span class='ocrx_word' id='word_1_135' title='bbox 3726 2033 3872 2081; x_wconf 76' lang='lat' dir='ltr'><strong>finem</strong></span> <span class='ocrx_word' id='word_1_136' title='bbox 3906 2049 4057 2098; x_wconf 72' lang='lat' dir='ltr'><strong>usquo</strong></span> 
     </span>
     <span class='ocr_line' id='line_1_16' title="bbox 633 2100 4066 2195; baseline -0.002 -27"><span class='ocrx_word' id='word_1_137' title='bbox 633 2102 1031 2171; x_wconf 88' lang='lat' dir='ltr'><strong>Wilhelmus</strong></span> <span class='ocrx_word' id='word_1_138' title='bbox 1094 2129 1310 2173; x_wconf 89' lang='lat' dir='ltr'><strong>comes</strong></span> <span class='ocrx_word' id='word_1_139' title='bbox 1371 2110 1502 2193; x_wconf 91' lang='lat' dir='ltr'><strong>IV,</strong></span> <span class='ocrx_word' id='word_1_140' title='bbox 1564 2110 1795 2195; x_wconf 80' lang='lat' dir='ltr'><strong>inclyti</strong></span> <span class='ocrx_word' id='word_1_141' title='bbox 1850 2112 1951 2175; x_wconf 93' lang='lat' dir='ltr'><strong>sui</strong></span> <span class='ocrx_word' id='word_1_142' title='bbox 1996 2109 2199 2195; x_wconf 88' lang='lat' dir='ltr'><strong>patris</strong></span> <span class='ocrx_word' id='word_1_143' title='bbox 2249 2108 2554 2194; x_wconf 83' lang='lat' dir='ltr'><strong>exempla</strong></span> <span class='ocrx_word' id='word_1_144' title='bbox 2596 2109 2922 2191; x_wconf 89' lang='lat' dir='ltr'><strong>imitatus,</strong></span> <span class='ocrx_word' id='word_1_145' title='bbox 2971 2129 3119 2173; x_wconf 91' lang='lat' dir='ltr'><strong>cum</strong></span> <span class='ocrx_word' id='word_1_146' title='bbox 3165 2106 3474 2172; x_wconf 86' lang='lat' dir='ltr'><strong>Eduardo</strong></span> <span class='ocrx_word' id='word_1_147' title='bbox 3520 2128 3677 2193; x_wconf 86' lang='lat' dir='ltr'><strong>rege</strong></span> <span class='ocrx_word' id='word_1_148' title='bbox 3702 2100 3950 2164; x_wconf 68' lang='lat' dir='ltr'><strong>logitimus</strong></span> <span class='ocrx_word' id='word_1_149' title='bbox 3983 2116 4066 2149; x_wconf 67' lang='grc' dir='ltr'><strong>τοι</strong></span> 
     </span>
    </p>
   </div>
   <div class='ocr_carea' id='block_1_6' title="bbox 612 2204 3680 5112">
    <p class='ocr_par' dir='ltr' id='par_1_6' title="bbox 612 2204 3680 5112">
     <span class='ocr_line' id='line_1_17' title="bbox 634 2204 3679 2299; baseline 0.002 -29"><span class='ocrx_word' id='word_1_150' title='bbox 634 2204 741 2271; x_wconf 96' lang='lat' dir='ltr'><strong>III</strong></span> <span class='ocrx_word' id='word_1_151' title='bbox 802 2208 1085 2296; x_wconf 83' lang='lat' dir='ltr'><strong>Angliae</strong></span> <span class='ocrx_word' id='word_1_152' title='bbox 1156 2211 1386 2277; x_wconf 87' lang='lat' dir='ltr'><strong>foedus</strong></span> <span class='ocrx_word' id='word_1_153' title='bbox 1456 2214 1605 2278; x_wconf 91' lang='lat' dir='ltr'><strong>iniit</strong></span> <span class='ocrx_word' id='word_1_154' title='bbox 1673 2220 1872 2299; x_wconf 89' lang='lat' dir='ltr'><strong>atque</strong></span> <span class='ocrx_word' id='word_1_155' title='bbox 1943 2212 2262 2277; x_wconf 79' lang='lat' dir='ltr'><strong>auxilium</strong></span> <span class='ocrx_word' id='word_1_156' title='bbox 2330 2211 2669 2278; x_wconf 90' lang='lat' dir='ltr'><strong>Ludovico</strong></span> <span class='ocrx_word' id='word_1_157' title='bbox 2738 2212 3127 2297; x_wconf 87' lang='lat' dir='ltr'><strong>Imperatori</strong></span> <span class='ocrx_word' id='word_1_158' title='bbox 3195 2212 3265 2275; x_wconf 93' lang='lat' dir='ltr'><strong>in</strong></span> <span class='ocrx_word' id='word_1_159' title='bbox 3329 2213 3679 2277; x_wconf 87' lang='lat' dir='ltr'><strong>Germania</strong></span> 
     </span>
     <span class='ocr_line' id='line_1_18' title="bbox 634 2310 3678 2404; baseline 0.002 -30"><span class='ocrx_word' id='word_1_160' title='bbox 634 2310 975 2378; x_wconf 82' lang='lat' dir='ltr'><strong>ferendum</strong></span> <span class='ocrx_word' id='word_1_161' title='bbox 1016 2316 1332 2402; x_wconf 88' lang='lat' dir='ltr'><strong>promisit.</strong></span> <span class='ocrx_word' id='word_1_162' title='bbox 1360 2319 1412 2402; x_wconf 86' lang='grc'><strong>1)</strong></span> <span class='ocrx_word' id='word_1_163' title='bbox 1458 2318 1565 2383; x_wconf 87' lang='lat' dir='ltr'><strong>Ad</strong></span> <span class='ocrx_word' id='word_1_164' title='bbox 1609 2318 1783 2404; x_wconf 88' lang='lat' dir='ltr'><strong>quod</strong></span> <span class='ocrx_word' id='word_1_165' title='bbox 1823 2318 2030 2382; x_wconf 91' lang='lat' dir='ltr'><strong>literis</strong></span> <span class='ocrx_word' id='word_1_166' title='bbox 2070 2318 2311 2404; x_wconf 86' lang='lat' dir='ltr'><strong>passim</strong></span> <span class='ocrx_word' id='word_1_167' title='bbox 2351 2315 2632 2380; x_wconf 89' lang='lat' dir='ltr'><strong>dimissis</strong></span> <span class='ocrx_word' id='word_1_168' title='bbox 2664 2314 3062 2382; x_wconf 89' lang='lat' dir='ltr'><strong>Hollandiae</strong></span> <span class='ocrx_word' id='word_1_169' title='bbox 3105 2313 3465 2401; x_wconf 88' lang='lat' dir='ltr'><strong>oppidanos</strong></span> <span class='ocrx_word' id='word_1_170' title='bbox 3505 2336 3678 2380; x_wconf 91' lang='lat' dir='ltr'><strong>anno</strong></span> 
     </span>
     <span class='ocr_line' id='line_1_19' title="bbox 635 2419 3680 2508; baseline 0.002 -30"><span class='ocrx_word' id='word_1_171' title='bbox 635 2419 936 2501; x_wconf 89' lang='lat' dir='ltr'><strong>sequenti</strong></span> <span class='ocrx_word' id='word_1_172' title='bbox 981 2420 1408 2487; x_wconf 87' lang='lat' dir='ltr'><strong>vehementer</strong></span> <span class='ocrx_word' id='word_1_173' title='bbox 1452 2422 1594 2508; x_wconf 92' lang='lat' dir='ltr'><strong>ipse</strong></span> <span class='ocrx_word' id='word_1_174' title='bbox 1640 2421 2016 2487; x_wconf 88' lang='lat' dir='ltr'><strong>Ludovicus</strong></span> <span class='ocrx_word' id='word_1_175' title='bbox 2064 2421 2383 2486; x_wconf 84' lang='lat' dir='ltr'><strong>incitavit.</strong></span> <span class='ocrx_word' id='word_1_176' title='bbox 2418 2422 2474 2504; x_wconf 72' lang='grc'><strong>2)</strong></span> <span class='ocrx_word' id='word_1_177' title='bbox 2543 2421 2623 2486; x_wconf 94' lang='lat' dir='ltr'><strong>In</strong></span> <span class='ocrx_word' id='word_1_178' title='bbox 2671 2441 3027 2507; x_wconf 84' lang='lat' dir='ltr'><strong>permagno</strong></span> <span class='ocrx_word' id='word_1_179' title='bbox 3073 2420 3201 2485; x_wconf 89' lang='lat' dir='ltr'><strong>isto</strong></span> <span class='ocrx_word' id='word_1_180' title='bbox 3248 2419 3680 2505; x_wconf 91' lang='lat' dir='ltr'><strong>complurium</strong></span> 
     </span>
     <span class='ocr_line' id='line_1_20' title="bbox 633 2524 3679 2612; baseline 0.002 -28"><span class='ocrx_word' id='word_1_181' title='bbox 633 2541 859 2605; x_wconf 83' lang='lat' dir='ltr'><strong>regum</strong></span> <span class='ocrx_word' id='word_1_182' title='bbox 907 2544 983 2587; x_wconf 89' lang='lat' dir='ltr'><strong>ac</strong></span> <span class='ocrx_word' id='word_1_183' title='bbox 1028 2525 1394 2610; x_wconf 85' lang='lat' dir='ltr'><strong>principum</strong></span> <span class='ocrx_word' id='word_1_184' title='bbox 1441 2532 1671 2590; x_wconf 89' lang='lat' dir='ltr'><strong>contra</strong></span> <span class='ocrx_word' id='word_1_185' title='bbox 1714 2525 2059 2590; x_wconf 85' lang='lat' dir='ltr'><strong>Franciam</strong></span> <span class='ocrx_word' id='word_1_186' title='bbox 2107 2524 2283 2592; x_wconf 90' lang='lat' dir='ltr'><strong>bello</strong></span> <span class='ocrx_word' id='word_1_187' title='bbox 2325 2531 2665 2590; x_wconf 88' lang='lat' dir='ltr'><strong>strenuum</strong></span> <span class='ocrx_word' id='word_1_188' title='bbox 2695 2545 2959 2612; x_wconf 89' lang='lat' dir='ltr'><strong>quoque</strong></span> <span class='ocrx_word' id='word_1_189' title='bbox 2992 2524 3239 2589; x_wconf 90' lang='lat' dir='ltr'><strong>socium</strong></span> <span class='ocrx_word' id='word_1_190' title='bbox 3271 2545 3341 2589; x_wconf 93' lang='lat' dir='ltr'><strong>se</strong></span> <span class='ocrx_word' id='word_1_191' title='bbox 3373 2525 3679 2591; x_wconf 81' lang='lat' dir='ltr'><strong>exhibuit</strong></span> 
     </span>
     <span class='ocr_line' id='line_1_21' title="bbox 631 2625 3677 2718; baseline 0.002 -29"><span class='ocrx_word' id='word_1_192' title='bbox 631 2625 1016 2712; x_wconf 78' lang='lat' dir='ltr'><strong>Reynaldus</strong></span> <span class='ocrx_word' id='word_1_193' title='bbox 1063 2649 1279 2693; x_wconf 89' lang='lat' dir='ltr'><strong>comes</strong></span> <span class='ocrx_word' id='word_1_194' title='bbox 1325 2628 1589 2695; x_wconf 84' lang='lat' dir='ltr'><strong>Gelriae</strong></span> <span class='ocrx_word' id='word_1_195' title='bbox 1637 2630 1738 2715; x_wconf 92' lang='grc' dir='ltr'><strong>ΙΙ,</strong></span> <span class='ocrx_word' id='word_1_196' title='bbox 1789 2652 1984 2717; x_wconf 91' lang='lat' dir='ltr'><strong>quem</strong></span> <span class='ocrx_word' id='word_1_197' title='bbox 2031 2630 2308 2718; x_wconf 89' lang='lat' dir='ltr'><strong>proinde</strong></span> <span class='ocrx_word' id='word_1_198' title='bbox 2355 2630 2731 2696; x_wconf 88' lang='lat' dir='ltr'><strong>Ludovicus</strong></span> <span class='ocrx_word' id='word_1_199' title='bbox 2779 2630 3145 2715; x_wconf 89' lang='lat' dir='ltr'><strong>Imperator</strong></span> <span class='ocrx_word' id='word_1_200' title='bbox 3181 2648 3407 2693; x_wconf 87' lang='lat' dir='ltr'><strong>mense</strong></span> <span class='ocrx_word' id='word_1_201' title='bbox 3436 2629 3677 2695; x_wconf 82' lang='lat' dir='ltr'><strong>Martio</strong></span> 
     </span>
     <span class='ocr_line' id='line_1_22' title="bbox 631 2731 3678 2818; baseline 0.002 -27"><span class='ocrx_word' id='word_1_202' title='bbox 631 2748 734 2792; x_wconf 91' lang='lat' dir='ltr'><strong>an.</strong></span> <span class='ocrx_word' id='word_1_203' title='bbox 805 2732 976 2796; x_wconf 88' lang='grc'>1339</span> <span class='ocrx_word' id='word_1_204' title='bbox 1040 2731 1273 2798; x_wconf 87' lang='lat' dir='ltr'><strong>ducem</strong></span> <span class='ocrx_word' id='word_1_205' title='bbox 1336 2735 1600 2799; x_wconf 84' lang='lat' dir='ltr'><strong>creavit.</strong></span> <span class='ocrx_word' id='word_1_206' title='bbox 1627 2736 1682 2818; x_wconf 81' lang='grc'><strong>3)</strong></span> <span class='ocrx_word' id='word_1_207' title='bbox 1774 2735 1992 2810; x_wconf 85' lang='lat' dir='ltr'><strong>Quum</strong></span> <span class='ocrx_word' id='word_1_208' title='bbox 2051 2756 2157 2801; x_wconf 90' lang='lat' dir='ltr'><strong>an.</strong></span> <span class='ocrx_word' id='word_1_209' title='bbox 2224 2737 2397 2800; x_wconf 90' lang='grc'>1340</span> <span class='ocrx_word' id='word_1_210' title='bbox 2442 2735 2512 2798; x_wconf 93' lang='lat' dir='ltr'><strong>in</strong></span> <span class='ocrx_word' id='word_1_211' title='bbox 2560 2733 2890 2798; x_wconf 88' lang='lat' dir='ltr'><strong>territorio</strong></span> <span class='ocrx_word' id='word_1_212' title='bbox 2937 2732 3394 2798; x_wconf 87' lang='lat' dir='ltr'><strong>Cameracensi</strong></span> <span class='ocrx_word' id='word_1_213' title='bbox 3441 2733 3678 2797; x_wconf 89' lang='lat' dir='ltr'><strong>acriter</strong></span> 
     </span>
     <span class='ocr_line' id='line_1_23' title="bbox 629 2830 3676 2925; baseline 0.002 -30"><span class='ocrx_word' id='word_1_214' title='bbox 629 2830 1082 2920; x_wconf 87' lang='lat' dir='ltr'><strong>dimicaretur,</strong></span> <span class='ocrx_word' id='word_1_215' title='bbox 1144 2838 1334 2923; x_wconf 91' lang='lat' dir='ltr'><strong>primi</strong></span> <span class='ocrx_word' id='word_1_216' title='bbox 1394 2839 1464 2903; x_wconf 91' lang='lat' dir='ltr'><strong>in</strong></span> <span class='ocrx_word' id='word_1_217' title='bbox 1524 2841 1664 2904; x_wconf 92' lang='lat' dir='ltr'><strong>acie</strong></span> <span class='ocrx_word' id='word_1_218' title='bbox 1726 2845 1914 2904; x_wconf 90' lang='lat' dir='ltr'><strong>erant</strong></span> <span class='ocrx_word' id='word_1_219' title='bbox 1977 2846 2119 2904; x_wconf 84' lang='lat' dir='ltr'><strong>tum</strong></span> <span class='ocrx_word' id='word_1_220' title='bbox 2181 2838 2568 2925; x_wconf 78' lang='lat' dir='ltr'><strong>Reynaldus</strong></span> <span class='ocrx_word' id='word_1_221' title='bbox 2634 2837 2771 2902; x_wconf 82' lang='lat' dir='ltr'><strong>dux</strong></span> <span class='ocrx_word' id='word_1_222' title='bbox 2818 2858 2967 2902; x_wconf 93' lang='lat' dir='ltr'><strong>cum</strong></span> <span class='ocrx_word' id='word_1_223' title='bbox 3015 2837 3412 2903; x_wconf 89' lang='lat' dir='ltr'><strong>Wilhelmus</strong></span> <span class='ocrx_word' id='word_1_224' title='bbox 3458 2857 3676 2902; x_wconf 87' lang='lat' dir='ltr'><strong>comes</strong></span> 
     </span>
     <span class='ocr_line' id='line_1_24' title="bbox 626 2935 3673 3029; baseline 0.001 -27"><span class='ocrx_word' id='word_1_225' title='bbox 626 2935 755 3021; x_wconf 86' lang='lat' dir='ltr'><strong>IV,</strong></span> <span class='ocrx_word' id='word_1_226' title='bbox 805 2940 1043 3025; x_wconf 89' lang='lat' dir='ltr'><strong>quibus</strong></span> <span class='ocrx_word' id='word_1_227' title='bbox 1089 2961 1222 3005; x_wconf 91' lang='lat' dir='ltr'><strong>una</strong></span> <span class='ocrx_word' id='word_1_228' title='bbox 1267 2962 1415 3006; x_wconf 92' lang='lat' dir='ltr'><strong>cum</strong></span> <span class='ocrx_word' id='word_1_229' title='bbox 1463 2942 1605 3007; x_wconf 90' lang='lat' dir='ltr'><strong>aliis</strong></span> <span class='ocrx_word' id='word_1_230' title='bbox 1650 2943 1917 3029; x_wconf 89' lang='lat' dir='ltr'><strong>Imperii</strong></span> <span class='ocrx_word' id='word_1_231' title='bbox 1956 2943 2375 3028; x_wconf 87' lang='lat' dir='ltr'><strong>magnatibus</strong></span> <span class='ocrx_word' id='word_1_232' title='bbox 2407 2942 2782 3010; x_wconf 90' lang='lat' dir='ltr'><strong>Ludovicus</strong></span> <span class='ocrx_word' id='word_1_233' title='bbox 2813 2942 3139 3023; x_wconf 90' lang='lat' dir='ltr'><strong>Bavarus,</strong></span> <span class='ocrx_word' id='word_1_234' title='bbox 3190 2946 3265 3005; x_wconf 92' lang='lat' dir='ltr'><strong>ut</strong></span> <span class='ocrx_word' id='word_1_235' title='bbox 3297 2941 3673 3028; x_wconf 90' lang='lat' dir='ltr'><strong>episcopum</strong></span> 
     </span>
     <span class='ocr_line' id='line_1_25' title="bbox 627 3040 3677 3134; baseline 0.001 -29"><span class='ocrx_word' id='word_1_236' title='bbox 627 3046 697 3105; x_wconf 92' lang='lat' dir='ltr'><strong>et</strong></span> <span class='ocrx_word' id='word_1_237' title='bbox 741 3040 1093 3108; x_wconf 87' lang='lat' dir='ltr'><strong>dioecesim</strong></span> <span class='ocrx_word' id='word_1_238' title='bbox 1138 3043 1641 3111; x_wconf 87' lang='lat' dir='ltr'><strong>Cameracenses</strong></span> <span class='ocrx_word' id='word_1_239' title='bbox 1689 3053 2022 3133; x_wconf 91' lang='lat' dir='ltr'><strong>tamquam</strong></span> <span class='ocrx_word' id='word_1_240' title='bbox 2068 3048 2349 3113; x_wconf 89' lang='lat' dir='ltr'><strong>rebelles</strong></span> <span class='ocrx_word' id='word_1_241' title='bbox 2397 3052 2594 3134; x_wconf 90' lang='lat' dir='ltr'><strong>atque</strong></span> <span class='ocrx_word' id='word_1_242' title='bbox 2641 3045 2960 3110; x_wconf 86' lang='lat' dir='ltr'><strong>Franciae</strong></span> <span class='ocrx_word' id='word_1_243' title='bbox 3005 3045 3215 3109; x_wconf 89' lang='lat' dir='ltr'><strong>socios</strong></span> <span class='ocrx_word' id='word_1_244' title='bbox 3246 3045 3421 3111; x_wconf 87' lang='lat' dir='ltr'><strong>bello</strong></span> <span class='ocrx_word' id='word_1_245' title='bbox 3457 3065 3677 3130; x_wconf 88' lang='lat' dir='ltr'><strong>perse-</strong></span> 
     </span>
     <span class='ocr_line' id='line_1_26' title="bbox 622 3148 3676 3238; baseline 0.001 -28"><span class='ocrx_word' id='word_1_246' title='bbox 622 3154 1011 3230; x_wconf 86' lang='lat' dir='ltr'><strong>querentur,</strong></span> <span class='ocrx_word' id='word_1_247' title='bbox 1059 3148 1337 3233; x_wconf 88' lang='lat' dir='ltr'><strong>publicis</strong></span> <span class='ocrx_word' id='word_1_248' title='bbox 1383 3150 1590 3214; x_wconf 91' lang='lat' dir='ltr'><strong>literis</strong></span> <span class='ocrx_word' id='word_1_249' title='bbox 1637 3154 2083 3237; x_wconf 88' lang='lat' dir='ltr'><strong>praeceperat.</strong></span> <span class='ocrx_word' id='word_1_250' title='bbox 2109 3151 2166 3235; x_wconf 78' lang='lat'><strong>4)</strong></span> <span class='ocrx_word' id='word_1_251' title='bbox 2237 3151 2651 3238; x_wconf 84' lang='lat' dir='ltr'><strong>Quapropter</strong></span> <span class='ocrx_word' id='word_1_252' title='bbox 2696 3149 3130 3214; x_wconf 91' lang='lat' dir='ltr'><strong>Wilhelmum</strong></span> <span class='ocrx_word' id='word_1_253' title='bbox 3177 3151 3482 3215; x_wconf 91' lang='lat' dir='ltr'><strong>comitem</strong></span> <span class='ocrx_word' id='word_1_254' title='bbox 3529 3171 3676 3235; x_wconf 86' lang='lat' dir='ltr'><strong>gra-</strong></span> 
     </span>
     <span class='ocr_line' id='line_1_27' title="bbox 623 3250 3667 3342; baseline 0.002 -29"><span class='ocrx_word' id='word_1_255' title='bbox 623 3250 902 3316; x_wconf 89' lang='lat' dir='ltr'><strong>vissimis</strong></span> <span class='ocrx_word' id='word_1_256' title='bbox 971 3252 1358 3317; x_wconf 90' lang='lat' dir='ltr'><strong>innodatum</strong></span> <span class='ocrx_word' id='word_1_257' title='bbox 1428 3256 1740 3320; x_wconf 73' lang='lat' dir='ltr'><strong>censuris⁸</strong></span> <span class='ocrx_word' id='word_1_258' title='bbox 1788 3275 1986 3341; x_wconf 90' lang='lat' dir='ltr'><strong>supra</strong></span> <span class='ocrx_word' id='word_1_259' title='bbox 2054 3277 2116 3342; x_wconf 92' lang='lat' dir='ltr'><strong>p.</strong></span> <span class='ocrx_word' id='word_1_260' title='bbox 2191 3256 2327 3322; x_wconf 87' lang='lat' dir='ltr'><strong>XX</strong></span> <span class='ocrx_word' id='word_1_261' title='bbox 2395 3254 2697 3319; x_wconf 86' lang='lat' dir='ltr'><strong>vidimus.</strong></span> <span class='ocrx_word' id='word_1_262' title='bbox 2792 3253 2958 3319; x_wconf 91' lang='lat' dir='ltr'><strong>Cum</strong></span> <span class='ocrx_word' id='word_1_263' title='bbox 3028 3258 3250 3318; x_wconf 90' lang='lat' dir='ltr'><strong>autem</strong></span> <span class='ocrx_word' id='word_1_264' title='bbox 3320 3274 3426 3317; x_wconf 92' lang='lat' dir='ltr'><strong>an.</strong></span> <span class='ocrx_word' id='word_1_265' title='bbox 3501 3257 3667 3320; x_wconf 87' lang='grc'>1341</span> 
     </span>
     <span class='ocr_line' id='line_1_28' title="bbox 624 3355 3676 3445; baseline 0.001 -26"><span class='ocrx_word' id='word_1_266' title='bbox 624 3361 773 3442; x_wconf 89' lang='lat' dir='ltr'><strong>post</strong></span> <span class='ocrx_word' id='word_1_267' title='bbox 816 3355 1113 3421; x_wconf 89' lang='lat' dir='ltr'><strong>inducias</strong></span> <span class='ocrx_word' id='word_1_268' title='bbox 1161 3357 1380 3423; x_wconf 90' lang='lat' dir='ltr'><strong>finitas</strong></span> <span class='ocrx_word' id='word_1_269' title='bbox 1428 3360 1824 3425; x_wconf 90' lang='lat' dir='ltr'><strong>rebellarent</strong></span> <span class='ocrx_word' id='word_1_270' title='bbox 1872 3360 2126 3425; x_wconf 84' lang='lat' dir='ltr'><strong>Galliae</strong></span> <span class='ocrx_word' id='word_1_271' title='bbox 2174 3366 2243 3425; x_wconf 90' lang='lat' dir='ltr'><strong>et</strong></span> <span class='ocrx_word' id='word_1_272' title='bbox 2283 3359 2566 3445; x_wconf 86' lang='lat' dir='ltr'><strong>Angliae</strong></span> <span class='ocrx_word' id='word_1_273' title='bbox 2607 3379 2824 3444; x_wconf 85' lang='lat' dir='ltr'><strong>reges,</strong></span> <span class='ocrx_word' id='word_1_274' title='bbox 2865 3358 3064 3441; x_wconf 87' lang='lat' dir='ltr'><strong>hujus</strong></span> <span class='ocrx_word' id='word_1_275' title='bbox 3110 3358 3486 3423; x_wconf 84' lang='lat' dir='ltr'><strong>certaminis</strong></span> <span class='ocrx_word' id='word_1_276' title='bbox 3528 3379 3676 3444; x_wconf 90' lang='lat' dir='ltr'><strong>par·</strong></span> 
     </span>
     <span class='ocr_line' id='line_1_29' title="bbox 624 3459 3671 3549; baseline 0.001 -26"><span class='ocrx_word' id='word_1_277' title='bbox 624 3459 830 3546; x_wconf 90' lang='lat' dir='ltr'><strong>ticeps</strong></span> <span class='ocrx_word' id='word_1_278' title='bbox 890 3461 1030 3545; x_wconf 88' lang='lat' dir='ltr'><strong>jam</strong></span> <span class='ocrx_word' id='word_1_279' title='bbox 1103 3481 1237 3526; x_wconf 92' lang='lat' dir='ltr'><strong>non</strong></span> <span class='ocrx_word' id='word_1_280' title='bbox 1305 3461 1507 3528; x_wconf 87' lang='lat' dir='ltr'><strong>fuisse</strong></span> <span class='ocrx_word' id='word_1_281' title='bbox 1566 3463 1951 3549; x_wconf 81' lang='lat' dir='ltr'><strong>Reynaldus</strong></span> <span class='ocrx_word' id='word_1_282' title='bbox 2021 3465 2158 3529; x_wconf 82' lang='lat' dir='ltr'><strong>dux</strong></span> <span class='ocrx_word' id='word_1_283' title='bbox 2224 3463 2561 3530; x_wconf 85' lang='lat' dir='ltr'><strong>Gelrensis</strong></span> <span class='ocrx_word' id='word_1_284' title='bbox 2627 3464 2958 3527; x_wconf 89' lang='lat' dir='ltr'><strong>asseritur.</strong></span> <span class='ocrx_word' id='word_1_285' title='bbox 2984 3462 3039 3545; x_wconf 78' lang='lat'><strong>⁶)</strong></span> <span class='ocrx_word' id='word_1_286' title='bbox 3132 3460 3448 3527; x_wconf 83' lang='lat' dir='ltr'><strong>Similiter</strong></span> <span class='ocrx_word' id='word_1_287' title='bbox 3501 3461 3671 3528; x_wconf 85' lang='lat' dir='ltr'><strong>Wil-</strong></span> 
     </span>
     <span class='ocr_line' id='line_1_30' title="bbox 621 3564 3672 3652; baseline 0.001 -25"><span class='ocrx_word' id='word_1_288' title='bbox 621 3564 877 3629; x_wconf 90' lang='lat' dir='ltr'><strong>helmus</strong></span> <span class='ocrx_word' id='word_1_289' title='bbox 939 3585 1154 3631; x_wconf 92' lang='lat' dir='ltr'><strong>comes</strong></span> <span class='ocrx_word' id='word_1_290' title='bbox 1217 3566 1318 3633; x_wconf 91' lang='lat' dir='ltr'><strong>IV</strong></span> <span class='ocrx_word' id='word_1_291' title='bbox 1372 3588 1598 3633; x_wconf 91' lang='lat' dir='ltr'><strong>mense</strong></span> <span class='ocrx_word' id='word_1_292' title='bbox 1643 3568 2002 3634; x_wconf 85' lang='lat' dir='ltr'><strong>Novembri</strong></span> <span class='ocrx_word' id='word_1_293' title='bbox 2047 3590 2152 3634; x_wconf 92' lang='lat' dir='ltr'><strong>an.</strong></span> <span class='ocrx_word' id='word_1_294' title='bbox 2208 3570 2375 3634; x_wconf 82' lang='lat'><strong>1341</strong></span> <span class='ocrx_word' id='word_1_295' title='bbox 2429 3568 2563 3632; x_wconf 89' lang='lat' dir='ltr'><strong>suis</strong></span> <span class='ocrx_word' id='word_1_296' title='bbox 2611 3588 2760 3632; x_wconf 92' lang='lat' dir='ltr'><strong>cum</strong></span> <span class='ocrx_word' id='word_1_297' title='bbox 2807 3566 3197 3632; x_wconf 89' lang='lat' dir='ltr'><strong>adversariis</strong></span> <span class='ocrx_word' id='word_1_298' title='bbox 3242 3587 3471 3652; x_wconf 89' lang='lat' dir='ltr'><strong>pacem</strong></span> <span class='ocrx_word' id='word_1_299' title='bbox 3518 3587 3672 3631; x_wconf 93' lang='lat' dir='ltr'><strong>con-</strong></span> 
     </span>
     <span class='ocr_line' id='line_1_31' title="bbox 621 3668 3667 3758; baseline 0.001 -26"><span class='ocrx_word' id='word_1_300' title='bbox 621 3668 776 3734; x_wconf 83' lang='lat' dir='ltr'><strong>fecit</strong></span> <span class='ocrx_word' id='word_1_301' title='bbox 843 3672 1049 3753; x_wconf 91' lang='lat' dir='ltr'><strong>(num.</strong></span> <span class='ocrx_word' id='word_1_302' title='bbox 1121 3672 1279 3754; x_wconf 88' lang='grc'>984)</span> <span class='ocrx_word' id='word_1_303' title='bbox 1349 3676 1418 3736; x_wconf 92' lang='lat' dir='ltr'><strong>et</strong></span> <span class='ocrx_word' id='word_1_304' title='bbox 1486 3674 1772 3738; x_wconf 85' lang='lat' dir='ltr'><strong>maxima</strong></span> <span class='ocrx_word' id='word_1_305' title='bbox 1840 3673 2078 3739; x_wconf 89' lang='lat' dir='ltr'><strong>abhinc</strong></span> <span class='ocrx_word' id='word_1_306' title='bbox 2149 3673 2340 3740; x_wconf 85' lang='lat' dir='ltr'><strong>Sedis</strong></span> <span class='ocrx_word' id='word_1_307' title='bbox 2409 3672 2832 3758; x_wconf 83' lang='lat' dir='ltr'><strong>Apostolicae</strong></span> <span class='ocrx_word' id='word_1_308' title='bbox 2895 3670 3362 3736; x_wconf 88' lang='lat' dir='ltr'><strong>benevolentia</strong></span> <span class='ocrx_word' id='word_1_309' title='bbox 3404 3669 3667 3736; x_wconf 90' lang='lat' dir='ltr'><strong>assidue</strong></span> 
     </span>
     <span class='ocr_line' id='line_1_32' title="bbox 621 3773 3669 3864; baseline 0.001 -29"><span class='ocrx_word' id='word_1_310' title='bbox 621 3773 883 3856; x_wconf 83' lang='lat' dir='ltr'><strong>gavisus</strong></span> <span class='ocrx_word' id='word_1_311' title='bbox 944 3779 1066 3838; x_wconf 89' lang='lat' dir='ltr'><strong>est.</strong></span> <span class='ocrx_word' id='word_1_312' title='bbox 1157 3776 1425 3841; x_wconf 86' lang='lat' dir='ltr'><strong>Ultimis</strong></span> <span class='ocrx_word' id='word_1_313' title='bbox 1485 3775 1770 3864; x_wconf 87' lang='lat' dir='ltr'><strong>denique</strong></span> <span class='ocrx_word' id='word_1_314' title='bbox 1832 3779 2007 3843; x_wconf 90' lang='lat' dir='ltr'><strong>vitae</strong></span> <span class='ocrx_word' id='word_1_315' title='bbox 2069 3797 2225 3843; x_wconf 87' lang='lat' dir='ltr'><strong>suae</strong></span> <span class='ocrx_word' id='word_1_316' title='bbox 2293 3777 2482 3842; x_wconf 91' lang='lat' dir='ltr'><strong>annis</strong></span> <span class='ocrx_word' id='word_1_317' title='bbox 2546 3774 2953 3862; x_wconf 89' lang='lat' dir='ltr'><strong>pedetentim</strong></span> <span class='ocrx_word' id='word_1_318' title='bbox 3017 3796 3057 3839; x_wconf 91' lang='lat' dir='ltr'><strong>a</strong></span> <span class='ocrx_word' id='word_1_319' title='bbox 3112 3780 3299 3861; x_wconf 88' lang='lat' dir='ltr'><strong>parte</strong></span> <span class='ocrx_word' id='word_1_320' title='bbox 3344 3774 3669 3841; x_wconf 91' lang='lat' dir='ltr'><strong>Ludovici</strong></span> 
     </span>
     <span class='ocr_line' id='line_1_33' title="bbox 620 3875 3670 3967; baseline 0.002 -29"><span class='ocrx_word' id='word_1_321' title='bbox 620 3875 831 3940; x_wconf 88' lang='lat' dir='ltr'><strong>affinis</strong></span> <span class='ocrx_word' id='word_1_322' title='bbox 879 3878 978 3941; x_wconf 92' lang='lat' dir='ltr'><strong>sui</strong></span> <span class='ocrx_word' id='word_1_323' title='bbox 1026 3883 1501 3964; x_wconf 87' lang='lat' dir='ltr'><strong>transgressus,</strong></span> <span class='ocrx_word' id='word_1_324' title='bbox 1554 3881 1822 3946; x_wconf 83' lang='lat' dir='ltr'><strong>Summo</strong></span> <span class='ocrx_word' id='word_1_325' title='bbox 1868 3881 2176 3946; x_wconf 83' lang='lat' dir='ltr'><strong>Pontifici</strong></span> <span class='ocrx_word' id='word_1_326' title='bbox 2224 3886 2423 3966; x_wconf 89' lang='lat' dir='ltr'><strong>atque</strong></span> <span class='ocrx_word' id='word_1_327' title='bbox 2471 3880 2905 3967; x_wconf 91' lang='lat' dir='ltr'><strong>principibus,</strong></span> <span class='ocrx_word' id='word_1_328' title='bbox 2954 3880 3066 3965; x_wconf 91' lang='lat' dir='ltr'><strong>qui</strong></span> <span class='ocrx_word' id='word_1_329' title='bbox 3114 3899 3286 3944; x_wconf 94' lang='lat' dir='ltr'><strong>novo</strong></span> <span class='ocrx_word' id='word_1_330' title='bbox 3333 3880 3474 3965; x_wconf 86' lang='lat' dir='ltr'><strong>regi</strong></span> <span class='ocrx_word' id='word_1_331' title='bbox 3515 3879 3670 3943; x_wconf 92' lang='lat' dir='ltr'><strong>sub-</strong></span> 
     </span>
     <span class='ocr_line' id='line_1_34' title="bbox 621 3978 3400 4069; baseline 0.004 -27"><span class='ocrx_word' id='word_1_332' title='bbox 621 3978 955 4044; x_wconf 87' lang='lat' dir='ltr'><strong>stituendo</strong></span> <span class='ocrx_word' id='word_1_333' title='bbox 1001 3980 1423 4065; x_wconf 85' lang='lat' dir='ltr'><strong>institerunt,</strong></span> <span class='ocrx_word' id='word_1_334' title='bbox 1472 3984 1735 4049; x_wconf 93' lang='lat' dir='ltr'><strong>omnino</strong></span> <span class='ocrx_word' id='word_1_335' title='bbox 1784 3983 2157 4051; x_wconf 88' lang='lat' dir='ltr'><strong>adhaesisse</strong></span> <span class='ocrx_word' id='word_1_336' title='bbox 2205 3985 2485 4051; x_wconf 88' lang='lat' dir='ltr'><strong>videtur.</strong></span> <span class='ocrx_word' id='word_1_337' title='bbox 2512 3987 2568 4069; x_wconf 76' lang='grc'><strong>6)</strong></span> <span class='ocrx_word' id='word_1_338' title='bbox 3399 3994 3400 3997; x_wconf 74' lang='grc'>’</span> 
     </span>
     <span class='ocr_line' id='line_1_35' title="bbox 844 4082 3670 4173; baseline 0.001 -26"><span class='ocrx_word' id='word_1_339' title='bbox 844 4082 1277 4149; x_wconf 87' lang='lat' dir='ltr'><strong>Comitatibus</strong></span> <span class='ocrx_word' id='word_1_340' title='bbox 1341 4091 1490 4173; x_wconf 91' lang='lat' dir='ltr'><strong>post</strong></span> <span class='ocrx_word' id='word_1_341' title='bbox 1553 4086 1803 4152; x_wconf 91' lang='lat' dir='ltr'><strong>obitum</strong></span> <span class='ocrx_word' id='word_1_342' title='bbox 1866 4088 2209 4154; x_wconf 90' lang='lat' dir='ltr'><strong>Wilhelmi</strong></span> <span class='ocrx_word' id='word_1_343' title='bbox 2270 4090 2370 4155; x_wconf 92' lang='lat' dir='ltr'><strong>IV</strong></span> <span class='ocrx_word' id='word_1_344' title='bbox 2431 4088 2819 4154; x_wconf 88' lang='lat' dir='ltr'><strong>vacantibus</strong></span> <span class='ocrx_word' id='word_1_345' title='bbox 2881 4087 3257 4153; x_wconf 88' lang='lat' dir='ltr'><strong>Ludovicus</strong></span> <span class='ocrx_word' id='word_1_346' title='bbox 3304 4086 3670 4172; x_wconf 88' lang='lat' dir='ltr'><strong>Imperator</strong></span> 
     </span>
     <span class='ocr_line' id='line_1_36' title="bbox 625 4185 3666 4278; baseline 0.001 -28"><span class='ocrx_word' id='word_1_347' title='bbox 625 4185 730 4251; x_wconf 91' lang='lat' dir='ltr'><strong>die</strong></span> <span class='ocrx_word' id='word_1_348' title='bbox 796 4188 878 4250; x_wconf 90' lang='lat'><strong>15</strong></span> <span class='ocrx_word' id='word_1_349' title='bbox 943 4187 1241 4255; x_wconf 87' lang='lat' dir='ltr'><strong>Januarii</strong></span> <span class='ocrx_word' id='word_1_350' title='bbox 1304 4210 1409 4255; x_wconf 91' lang='lat' dir='ltr'><strong>an.</strong></span> <span class='ocrx_word' id='word_1_351' title='bbox 1481 4193 1650 4256; x_wconf 88' lang='grc'>1346</span> <span class='ocrx_word' id='word_1_352' title='bbox 1707 4194 2053 4278; x_wconf 86' lang='lat' dir='ltr'><strong>conjugem</strong></span> <span class='ocrx_word' id='word_1_353' title='bbox 2103 4214 2289 4259; x_wconf 91' lang='lat' dir='ltr'><strong>suam</strong></span> <span class='ocrx_word' id='word_1_354' title='bbox 2334 4193 2769 4278; x_wconf 80' lang='lat' dir='ltr'><strong>Margaretam</strong></span> <span class='ocrx_word' id='word_1_355' title='bbox 2815 4190 3215 4272; x_wconf 84' lang='lat' dir='ltr'><strong>infeudavit,</strong></span> <span class='ocrx_word' id='word_1_356' title='bbox 3265 4211 3467 4275; x_wconf 91' lang='lat' dir='ltr'><strong>quae,</strong></span> <span class='ocrx_word' id='word_1_357' title='bbox 3516 4211 3666 4254; x_wconf 92' lang='lat' dir='ltr'><strong>cum</strong></span> 
     </span>
     <span class='ocr_line' id='line_1_37' title="bbox 618 4292 3664 4380; baseline 0.002 -27"><span class='ocrx_word' id='word_1_358' title='bbox 618 4308 809 4355; x_wconf 92' lang='lat' dir='ltr'><strong>nemo</strong></span> <span class='ocrx_word' id='word_1_359' title='bbox 857 4292 1365 4377; x_wconf 88' lang='lat' dir='ltr'><strong>contradiceret,</strong></span> <span class='ocrx_word' id='word_1_360' title='bbox 1410 4294 1657 4360; x_wconf 89' lang='lat' dir='ltr'><strong>laetum</strong></span> <span class='ocrx_word' id='word_1_361' title='bbox 1696 4296 1766 4360; x_wconf 92' lang='lat' dir='ltr'><strong>in</strong></span> <span class='ocrx_word' id='word_1_362' title='bbox 1808 4294 2097 4361; x_wconf 90' lang='lat' dir='ltr'><strong>dominio</strong></span> <span class='ocrx_word' id='word_1_363' title='bbox 2140 4319 2261 4363; x_wconf 94' lang='lat' dir='ltr'><strong>suo</strong></span> <span class='ocrx_word' id='word_1_364' title='bbox 2299 4297 2534 4362; x_wconf 89' lang='lat' dir='ltr'><strong>habuit</strong></span> <span class='ocrx_word' id='word_1_365' title='bbox 2571 4296 2935 4361; x_wconf 84' lang='lat' dir='ltr'><strong>introitum.</strong></span> <span class='ocrx_word' id='word_1_366' title='bbox 2993 4296 3206 4361; x_wconf 88' lang='lat' dir='ltr'><strong>Tanto</strong></span> <span class='ocrx_word' id='word_1_367' title='bbox 3247 4295 3453 4379; x_wconf 87' lang='lat' dir='ltr'><strong>magis</strong></span> <span class='ocrx_word' id='word_1_368' title='bbox 3491 4315 3664 4380; x_wconf 89' lang='lat' dir='ltr'><strong>quae</strong></span> 
     </span>
     <span class='ocr_line' id='line_1_38' title="bbox 622 4395 3662 4489; baseline 0.002 -31"><span class='ocrx_word' id='word_1_369' title='bbox 622 4413 848 4459; x_wconf 91' lang='lat' dir='ltr'><strong>mense</strong></span> <span class='ocrx_word' id='word_1_370' title='bbox 918 4395 1292 4482; x_wconf 81' lang='lat' dir='ltr'><strong>Septembri</strong></span> <span class='ocrx_word' id='word_1_371' title='bbox 1363 4398 1534 4463; x_wconf 92' lang='lat' dir='ltr'><strong>circa</strong></span> <span class='ocrx_word' id='word_1_372' title='bbox 1600 4400 2029 4465; x_wconf 87' lang='lat' dir='ltr'><strong>comitatuum</strong></span> <span class='ocrx_word' id='word_1_373' title='bbox 2100 4402 2479 4489; x_wconf 85' lang='lat' dir='ltr'><strong>privilegia,</strong></span> <span class='ocrx_word' id='word_1_374' title='bbox 2542 4401 3056 4482; x_wconf 87' lang='lat' dir='ltr'><strong>successionem,</strong></span> <span class='ocrx_word' id='word_1_375' title='bbox 3119 4399 3662 4486; x_wconf 81' lang='lat' dir='ltr'><strong>gubernationem</strong></span> 
     </span>
     <span class='ocr_line' id='line_1_39' title="bbox 618 4496 3663 4591; baseline 0.002 -28"><span class='ocrx_word' id='word_1_376' title='bbox 618 4496 992 4565; x_wconf 86' lang='lat' dir='ltr'><strong>Ludovicus</strong></span> <span class='ocrx_word' id='word_1_377' title='bbox 1053 4500 1464 4567; x_wconf 89' lang='lat' dir='ltr'><strong>confirmavit</strong></span> <span class='ocrx_word' id='word_1_378' title='bbox 1527 4508 1595 4568; x_wconf 87' lang='lat' dir='ltr'><strong>et</strong></span> <span class='ocrx_word' id='word_1_379' title='bbox 1641 4504 1907 4586; x_wconf 86' lang='lat' dir='ltr'><strong>statuit,</strong></span> <span class='ocrx_word' id='word_1_380' title='bbox 1971 4504 2375 4590; x_wconf 89' lang='lat' dir='ltr'><strong>imperialem</strong></span> <span class='ocrx_word' id='word_1_381' title='bbox 2424 4506 2569 4590; x_wconf 87' lang='lat' dir='ltr'><strong>ejus</strong></span> <span class='ocrx_word' id='word_1_382' title='bbox 2615 4504 3072 4570; x_wconf 87' lang='lat' dir='ltr'><strong>auctoritatem</strong></span> <span class='ocrx_word' id='word_1_383' title='bbox 3118 4502 3358 4567; x_wconf 87' lang='lat' dir='ltr'><strong>nostris</strong></span> <span class='ocrx_word' id='word_1_384' title='bbox 3401 4503 3474 4567; x_wconf 93' lang='lat' dir='ltr'><strong>in</strong></span> <span class='ocrx_word' id='word_1_385' title='bbox 3518 4524 3663 4591; x_wconf 89' lang='lat' dir='ltr'><strong>par-</strong></span> 
     </span>
     <span class='ocr_line' id='line_1_40' title="bbox 618 4601 3660 4697; baseline 0.002 -31"><span class='ocrx_word' id='word_1_386' title='bbox 618 4601 794 4666; x_wconf 89' lang='lat' dir='ltr'><strong>tibus</strong></span> <span class='ocrx_word' id='word_1_387' title='bbox 854 4607 1013 4668; x_wconf 89' lang='lat' dir='ltr'><strong>tunc</strong></span> <span class='ocrx_word' id='word_1_388' title='bbox 1072 4603 1326 4670; x_wconf 87' lang='lat' dir='ltr'><strong>firmam</strong></span> <span class='ocrx_word' id='word_1_389' title='bbox 1387 4606 1971 4693; x_wconf 88' lang='lat' dir='ltr'><strong>inconcussamque</strong></span> <span class='ocrx_word' id='word_1_390' title='bbox 2033 4609 2337 4697; x_wconf 91' lang='lat' dir='ltr'><strong>probant.</strong></span> <span class='ocrx_word' id='word_1_391' title='bbox 2431 4607 2728 4674; x_wconf 84' lang='lat' dir='ltr'><strong>Tandem</strong></span> <span class='ocrx_word' id='word_1_392' title='bbox 2789 4607 2897 4674; x_wconf 87' lang='lat' dir='ltr'><strong>die</strong></span> <span class='ocrx_word' id='word_1_393' title='bbox 2964 4609 3047 4671; x_wconf 88' lang='grc'>14</span> <span class='ocrx_word' id='word_1_394' title='bbox 3109 4606 3272 4673; x_wconf 82' lang='lat' dir='ltr'><strong>Julii</strong></span> <span class='ocrx_word' id='word_1_395' title='bbox 3328 4626 3436 4672; x_wconf 92' lang='lat' dir='ltr'><strong>an.</strong></span> <span class='ocrx_word' id='word_1_396' title='bbox 3489 4608 3660 4674; x_wconf 80' lang='lat'>1347</span> 
     </span>
     <span class='ocr_line' id='line_1_41' title="bbox 618 4707 3658 4799; baseline 0.002 -29"><span class='ocrx_word' id='word_1_397' title='bbox 618 4725 704 4770; x_wconf 84' lang='lat' dir='ltr'><strong>ex</strong></span> <span class='ocrx_word' id='word_1_398' title='bbox 748 4707 1104 4794; x_wconf 89' lang='lat' dir='ltr'><strong>imperialis</strong></span> <span class='ocrx_word' id='word_1_399' title='bbox 1149 4710 1496 4797; x_wconf 89' lang='lat' dir='ltr'><strong>potestatis</strong></span> <span class='ocrx_word' id='word_1_400' title='bbox 1543 4710 1957 4798; x_wconf 90' lang='lat' dir='ltr'><strong>plenitudine</strong></span> <span class='ocrx_word' id='word_1_401' title='bbox 2004 4713 2303 4799; x_wconf 82' lang='lat' dir='ltr'><strong>conjugis</strong></span> <span class='ocrx_word' id='word_1_402' title='bbox 2351 4734 2507 4779; x_wconf 91' lang='lat' dir='ltr'><strong>suae</strong></span> <span class='ocrx_word' id='word_1_403' title='bbox 2553 4714 2966 4798; x_wconf 79' lang='lat' dir='ltr'><strong>Margaretae</strong></span> <span class='ocrx_word' id='word_1_404' title='bbox 3014 4710 3096 4777; x_wconf 92' lang='lat' dir='ltr'><strong>de</strong></span> <span class='ocrx_word' id='word_1_405' title='bbox 3138 4732 3272 4776; x_wconf 92' lang='lat' dir='ltr'><strong>non</strong></span> <span class='ocrx_word' id='word_1_406' title='bbox 3304 4710 3658 4776; x_wconf 89' lang='lat' dir='ltr'><strong>dividendo</strong></span> 
     </span>
     <span class='ocr_line' id='line_1_42' title="bbox 616 4812 3660 4902; baseline 0.001 -27"><span class='ocrx_word' id='word_1_407' title='bbox 616 4812 962 4877; x_wconf 88' lang='lat' dir='ltr'><strong>comitatus</strong></span> <span class='ocrx_word' id='word_1_408' title='bbox 1007 4815 1396 4899; x_wconf 88' lang='lat' dir='ltr'><strong>promissum</strong></span> <span class='ocrx_word' id='word_1_409' title='bbox 1443 4815 1766 4901; x_wconf 89' lang='lat' dir='ltr'><strong>approbat</strong></span> <span class='ocrx_word' id='word_1_410' title='bbox 1790 4815 1877 4899; x_wconf 81' lang='lat'><strong>⁷),</strong></span> <span class='ocrx_word' id='word_1_411' title='bbox 1927 4817 2186 4882; x_wconf 89' lang='lat' dir='ltr'><strong>etiamsi</strong></span> <span class='ocrx_word' id='word_1_412' title='bbox 2222 4819 2525 4902; x_wconf 88' lang='lat' dir='ltr'><strong>jamtunc</strong></span> <span class='ocrx_word' id='word_1_413' title='bbox 2570 4837 2745 4882; x_wconf 87' lang='lat' dir='ltr'><strong>anno</strong></span> <span class='ocrx_word' id='word_1_414' title='bbox 2792 4815 3032 4881; x_wconf 92' lang='lat' dir='ltr'><strong>abhinc</strong></span> <span class='ocrx_word' id='word_1_415' title='bbox 3078 4815 3350 4881; x_wconf 84' lang='lat' dir='ltr'><strong>Carolus</strong></span> <span class='ocrx_word' id='word_1_416' title='bbox 3393 4814 3495 4880; x_wconf 81' lang='grc' dir='ltr'>Π</span> <span class='ocrx_word' id='word_1_417' title='bbox 3541 4836 3660 4880; x_wconf 81' lang='lat' dir='ltr'><strong>rex</strong></span> 
     </span>
     <span class='ocr_line' id='line_1_43' title="bbox 615 4915 3660 5009; baseline 0.001 -32"><span class='ocrx_word' id='word_1_418' title='bbox 615 4921 755 4979; x_wconf 88' lang='lat' dir='ltr'><strong>erat</strong></span> <span class='ocrx_word' id='word_1_419' title='bbox 817 4915 1086 4981; x_wconf 87' lang='lat' dir='ltr'><strong>electus.</strong></span> <span class='ocrx_word' id='word_1_420' title='bbox 1180 4917 1329 4983; x_wconf 89' lang='lat' dir='ltr'><strong>Hoc</strong></span> <span class='ocrx_word' id='word_1_421' title='bbox 1392 4924 1614 4983; x_wconf 90' lang='lat' dir='ltr'><strong>autem</strong></span> <span class='ocrx_word' id='word_1_422' title='bbox 1676 4919 1871 4984; x_wconf 90' lang='lat' dir='ltr'><strong>titulo</strong></span> <span class='ocrx_word' id='word_1_423' title='bbox 1930 4920 2039 4986; x_wconf 87' lang='lat' dir='ltr'><strong>vel</strong></span> <span class='ocrx_word' id='word_1_424' title='bbox 2101 4927 2453 5009; x_wconf 82' lang='lat' dir='ltr'><strong>praetextu</strong></span> <span class='ocrx_word' id='word_1_425' title='bbox 2515 4941 2730 5007; x_wconf 89' lang='lat' dir='ltr'><strong>neque</strong></span> <span class='ocrx_word' id='word_1_426' title='bbox 2775 4920 3186 5005; x_wconf 81' lang='lat' dir='ltr'><strong>Margaretae</strong></span> <span class='ocrx_word' id='word_1_427' title='bbox 3230 4937 3448 5002; x_wconf 87' lang='lat' dir='ltr'><strong>neque</strong></span> <span class='ocrx_word' id='word_1_428' title='bbox 3492 4917 3660 4983; x_wconf 88' lang='lat' dir='ltr'><strong>Wil-</strong></span> 
     </span>
     <span class='ocr_line' id='line_1_44' title="bbox 612 5017 3657 5112; baseline 0 -29"><span class='ocrx_word' id='word_1_429' title='bbox 612 5017 829 5085; x_wconf 90' lang='lat' dir='ltr'><strong>helmo</strong></span> <span class='ocrx_word' id='word_1_430' title='bbox 893 5019 958 5084; x_wconf 89' lang='lat' dir='ltr'><strong>V</strong></span> <span class='ocrx_word' id='word_1_431' title='bbox 1021 5018 1381 5086; x_wconf 90' lang='lat' dir='ltr'><strong>dominium</strong></span> <span class='ocrx_word' id='word_1_432' title='bbox 1427 5024 1711 5109; x_wconf 88' lang='lat' dir='ltr'><strong>partium</strong></span> <span class='ocrx_word' id='word_1_433' title='bbox 1760 5030 2132 5090; x_wconf 87' lang='lat' dir='ltr'><strong>nostrarum</strong></span> <span class='ocrx_word' id='word_1_434' title='bbox 2178 5046 2469 5112; x_wconf 91' lang='lat' dir='ltr'><strong>unquam</strong></span> <span class='ocrx_word' id='word_1_435' title='bbox 2516 5023 2964 5110; x_wconf 88' lang='lat' dir='ltr'><strong>abjudicatum</strong></span> <span class='ocrx_word' id='word_1_436' title='bbox 3010 5022 3211 5088; x_wconf 85' lang='lat' dir='ltr'><strong>fuisse</strong></span> <span class='ocrx_word' id='word_1_437' title='bbox 3257 5028 3486 5087; x_wconf 93' lang='lat' dir='ltr'><strong>notum</strong></span> <span class='ocrx_word' id='word_1_438' title='bbox 3535 5025 3657 5087; x_wconf 88' lang='lat' dir='ltr'><strong>est.</strong></span> 
     </span>
    </p>
   </div>
   <div class='ocr_carea' id='block_1_7' title="bbox 611 5224 1101 5237">
    <p class='ocr_par' dir='ltr' id='par_1_7' title="bbox 611 5224 1101 5237">
     <span class='ocr_line' id='line_1_45' title="bbox 611 5224 1101 5237; baseline 0 1447"><span class='ocrx_word' id='word_1_439' title='bbox 611 5224 1101 5237; x_wconf 95' lang='lat' dir='ltr'><strong> </strong></span> 
     </span>
    </p>
   </div>
   <div class='ocr_carea' id='block_1_8' title="bbox 611 5339 3658 5731">
    <p class='ocr_par' dir='ltr' id='par_1_8' title="bbox 772 5339 3309 5408">
     <span class='ocr_line' id='line_1_46' title="bbox 772 5339 3309 5408; baseline 0.001 -18"><span class='ocrx_word' id='word_1_440' title='bbox 772 5340 830 5405; x_wconf 81' lang='grc'>1)</span> <span class='ocrx_word' id='word_1_441' title='bbox 865 5339 970 5392; x_wconf 79' lang='lat' dir='ltr'><strong>Cfr.</strong></span> <span class='ocrx_word' id='word_1_442' title='bbox 1005 5355 1106 5391; x_wconf 82' lang='lat' dir='ltr'><strong>van</strong></span> <span class='ocrx_word' id='word_1_443' title='bbox 1143 5340 1323 5392; x_wconf 83' lang='lat' dir='ltr'><strong>Mieris</strong></span> <span class='ocrx_word' id='word_1_444' title='bbox 1362 5342 1700 5393; x_wconf 59' lang='lat' dir='ltr'><strong>Charton-book</strong></span> <span class='ocrx_word' id='word_1_445' title='bbox 1734 5344 1805 5394; x_wconf 90' lang='lat'><strong>11.</strong></span> <span class='ocrx_word' id='word_1_446' title='bbox 1837 5342 1952 5395; x_wconf 73' lang='lat'><strong>594.</strong></span> <span class='ocrx_word' id='word_1_447' title='bbox 2287 5343 2344 5408; x_wconf 80' lang='lat'><strong>2)</strong></span> <span class='ocrx_word' id='word_1_448' title='bbox 2380 5343 2580 5395; x_wconf 83' lang='lat' dir='ltr'><strong>Ibidem</strong></span> <span class='ocrx_word' id='word_1_449' title='bbox 2614 5343 2715 5394; x_wconf 89' lang='grc'><strong>613</strong></span> <span class='ocrx_word' id='word_1_450' title='bbox 2747 5348 2802 5394; x_wconf 86' lang='lat' dir='ltr'><strong>et</strong></span> <span class='ocrx_word' id='word_1_451' title='bbox 2835 5343 2880 5395; x_wconf 82' lang='lat' dir='ltr'><strong>J.</strong></span> <span class='ocrx_word' id='word_1_452' title='bbox 2916 5343 2982 5393; x_wconf 86' lang='lat' dir='ltr'><strong>de</strong></span> <span class='ocrx_word' id='word_1_453' title='bbox 3015 5342 3158 5393; x_wconf 73' lang='lat' dir='ltr'><strong>Baka</strong></span> <span class='ocrx_word' id='word_1_454' title='bbox 3193 5341 3309 5393; x_wconf 74' lang='lat'><strong>115.</strong></span> 
     </span>
    </p>

    <p class='ocr_par' dir='ltr' id='par_1_9' title="bbox 611 5420 3658 5651">
     <span class='ocr_line' id='line_1_47' title="bbox 773 5420 3658 5489; baseline -0 -18"><span class='ocrx_word' id='word_1_455' title='bbox 773 5420 831 5485; x_wconf 87' lang='grc'><strong>3)</strong></span> <span class='ocrx_word' id='word_1_456' title='bbox 872 5420 979 5473; x_wconf 84' lang='lat' dir='ltr'><strong>Van</strong></span> <span class='ocrx_word' id='word_1_457' title='bbox 1030 5420 1204 5485; x_wconf 84' lang='lat' dir='ltr'><strong>Spaen</strong></span> <span class='ocrx_word' id='word_1_458' title='bbox 1248 5421 1486 5474; x_wconf 67' lang='lat' dir='ltr'><strong>Historia</strong></span> <span class='ocrx_word' id='word_1_459' title='bbox 1526 5440 1626 5474; x_wconf 79' lang='lat' dir='ltr'><strong>van</strong></span> <span class='ocrx_word' id='word_1_460' title='bbox 1677 5424 1991 5476; x_wconf 60' lang='lat' dir='ltr'><strong>Gelda-land</strong></span> <span class='ocrx_word' id='word_1_461' title='bbox 2040 5425 2077 5476; x_wconf 94' lang='lat'><strong>1.</strong></span> <span class='ocrx_word' id='word_1_462' title='bbox 2123 5423 2226 5475; x_wconf 87' lang='grc'><strong>500</strong></span> <span class='ocrx_word' id='word_1_463' title='bbox 2271 5439 2405 5489; x_wconf 64' lang='lat' dir='ltr'><strong>seq„</strong></span> <span class='ocrx_word' id='word_1_464' title='bbox 2445 5424 2701 5489; x_wconf 62' lang='lat' dir='ltr'><strong>Inleidioey</strong></span> <span class='ocrx_word' id='word_1_465' title='bbox 2738 5424 2807 5474; x_wconf 89' lang='lat'><strong>11.</strong></span> <span class='ocrx_word' id='word_1_466' title='bbox 2841 5423 2955 5488; x_wconf 87' lang='grc'>(96)</span> <span class='ocrx_word' id='word_1_467' title='bbox 2966 5440 2981 5489; x_wconf 85' lang='lat'>;</span> <span class='ocrx_word' id='word_1_468' title='bbox 3016 5438 3065 5475; x_wconf 88' lang='lat' dir='ltr'><strong>v.</strong></span> <span class='ocrx_word' id='word_1_469' title='bbox 3101 5422 3280 5474; x_wconf 69' lang='lat' dir='ltr'><strong>Hier-is</strong></span> <span class='ocrx_word' id='word_1_470' title='bbox 3319 5420 3658 5472; x_wconf 65' lang='lat' dir='ltr'><strong>Charta-book</strong></span> 
     </span>
     <span class='ocr_line' id='line_1_48' title="bbox 611 5500 3481 5651; baseline 0 -18"><span class='ocrx_word' id='word_1_471' title='bbox 611 5500 677 5552; x_wconf 67' lang='lat' dir='ltr'><strong>IL</strong></span> <span class='ocrx_word' id='word_1_472' title='bbox 712 5501 830 5641; x_wconf 57' lang='grc' dir='ltr'><strong>61ῗῆ</strong></span> <span class='ocrx_word' id='word_1_473' title='bbox 864 5583 1068 5634; x_wconf 75' lang='lat' dir='ltr'><strong>Ibidem</strong></span> <span class='ocrx_word' id='word_1_474' title='bbox 1099 5583 1214 5635; x_wconf 73' lang='lat'><strong>632.</strong></span> <span class='ocrx_word' id='word_1_475' title='bbox 1480 5584 1539 5647; x_wconf 78' lang='grc'><strong>5)</strong></span> <span class='ocrx_word' id='word_1_476' title='bbox 1573 5585 1688 5638; x_wconf 80' lang='lat' dir='ltr'><strong>van</strong></span> <span class='ocrx_word' id='word_1_477' title='bbox 1727 5586 1901 5651; x_wconf 77' lang='lat' dir='ltr'><strong>spaen</strong></span> <span class='ocrx_word' id='word_1_478' title='bbox 1937 5585 2174 5637; x_wconf 59' lang='lat' dir='ltr'><strong>Haemo</strong></span> <span class='ocrx_word' id='word_1_479' title='bbox 2205 5585 2322 5638; x_wconf 74' lang='lat'><strong>524.</strong></span> <span class='ocrx_word' id='word_1_480' title='bbox 2589 5584 2646 5651; x_wconf 78' lang='lat' dir='ltr'><strong>c)</strong></span> <span class='ocrx_word' id='word_1_481' title='bbox 2680 5585 2788 5637; x_wconf 77' lang='lat' dir='ltr'><strong>cfr.</strong></span> <span class='ocrx_word' id='word_1_482' title='bbox 2820 5599 2983 5650; x_wconf 72' lang='lat' dir='ltr'><strong>supra</strong></span> <span class='ocrx_word' id='word_1_483' title='bbox 3018 5584 3216 5636; x_wconf 60' lang='lat' dir='ltr'><strong>huma</strong></span> <span class='ocrx_word' id='word_1_484' title='bbox 3252 5598 3304 5647; x_wconf 82' lang='lat' dir='ltr'><strong>p.</strong></span> <span class='ocrx_word' id='word_1_485' title='bbox 3337 5582 3481 5634; x_wconf 75' lang='lat' dir='ltr'><strong>xm.</strong></span> 
     </span>
    </p>

    <p class='ocr_par' dir='ltr' id='par_1_10' title="bbox 774 5662 2847 5731">
     <span class='ocr_line' id='line_1_49' title="bbox 774 5662 2847 5731; baseline 0.001 -18"><span class='ocrx_word' id='word_1_486' title='bbox 774 5662 830 5727; x_wconf 86' lang='lat'><strong>7)</strong></span> <span class='ocrx_word' id='word_1_487' title='bbox 864 5664 1162 5729; x_wconf 78' lang='lat' dir='ltr'><strong>Diplomata</strong></span> <span class='ocrx_word' id='word_1_488' title='bbox 1196 5666 1336 5729; x_wconf 82' lang='lat' dir='ltr'><strong>apud</strong></span> <span class='ocrx_word' id='word_1_489' title='bbox 1371 5680 1472 5717; x_wconf 81' lang='lat' dir='ltr'><strong>van</strong></span> <span class='ocrx_word' id='word_1_490' title='bbox 1510 5667 1690 5718; x_wconf 76' lang='lat' dir='ltr'><strong>Mieris</strong></span> <span class='ocrx_word' id='word_1_491' title='bbox 1731 5666 2067 5718; x_wconf 63' lang='lat' dir='ltr'><strong>Glorior-book</strong></span> <span class='ocrx_word' id='word_1_492' title='bbox 2104 5667 2172 5718; x_wconf 91' lang='lat'><strong>11.</strong></span> <span class='ocrx_word' id='word_1_493' title='bbox 2207 5665 2328 5731; x_wconf 73' lang='lat'>702,</span> <span class='ocrx_word' id='word_1_494' title='bbox 2366 5665 2468 5718; x_wconf 73' lang='lat'><strong>726</strong></span> <span class='ocrx_word' id='word_1_495' title='bbox 2500 5681 2609 5731; x_wconf 85' lang='lat' dir='ltr'><strong>seq.</strong></span> <span class='ocrx_word' id='word_1_496' title='bbox 2643 5671 2700 5716; x_wconf 84' lang='lat' dir='ltr'><strong>et</strong></span> <span class='ocrx_word' id='word_1_497' title='bbox 2733 5664 2847 5716; x_wconf 75' lang='lat'><strong>740.</strong></span> 
     </span>
    </p>
   </div>
   <div class='ocr_carea' id='block_1_9' title="bbox 3373 5773 3412 5832">
    <p class='ocr_par' dir='ltr' id='par_1_11' title="bbox 3373 5773 3412 5832">
     <span class='ocr_line' id='line_1_50' title="bbox 3373 5773 3412 5832; baseline 0 0"><span class='ocrx_word' id='word_1_498' title='bbox 3373 5773 3412 5832; x_wconf 89' lang='lat'>5</span> 
     </span>
    </p>
   </div>
   <div class='ocr_carea' id='block_1_10' title="bbox 3760 2168 4011 2285">
    <p class='ocr_par' dir='ltr' id='par_1_12' title="bbox 3760 2168 4011 2285">
     <span class='ocr_line' id='line_1_51' title="bbox 3760 2168 4011 2232; baseline 0.004 -16"><span class='ocrx_word' id='word_1_499' title='bbox 3760 2168 3889 2232; x_wconf 85' lang='lat' dir='ltr'><strong>apud</strong></span> <span class='ocrx_word' id='word_1_500' title='bbox 3923 2184 4011 2217; x_wconf 78' lang='lat' dir='ltr'><strong>nos</strong></span> 
     </span>
     <span class='ocr_line' id='line_1_52' title="bbox 3775 2235 3990 2285; baseline 0.005 -1"><span class='ocrx_word' id='word_1_501' title='bbox 3775 2235 3990 2285; x_wconf 77' lang='lat' dir='ltr'><strong>habitus.</strong></span> 
     </span>
    </p>
   </div>
  </div>
 </body>
</html>
