4450 6684
1863 542 2178 608 cums
2221 539 2343 607 VI.
3550 538 3632 603 1⁷

792 772 1192 838 Litterarum
1239 765 1535 833 scientia.
1564 813 1581 832 .
1610 813 1626 831 .
1655 814 1671 831 .
1719 765 1873 830 Dat.
1922 764 2254 830 Avinione
2273 812 2293 848 ‚
2339 762 2480 835 XII
2523 762 2635 829 Kl.
2680 761 2727 829 J
2731 761 2881 845 ulii,
2929 781 3102 827 anno
3151 765 3406 828 octavo.

986 902 1113 966 Ray.
1149 902 1247 951 Δο.
1291 902 1348 952 Τ.
1380 898 1474 965 55,
1499 901 1561 965 s.
1595 897 1737 951 353⁹.

571 1319 750 1388 1277.
1586 1318 1766 1382 1349
1784 1366 1804 1402 ‚
1850 1318 2045 1384 Junii
2087 1319 2208 1399 21,
2257 1317 2621 1382 Avenionis.

877 1470 1254 1557 Enqelberto
1316 1469 1482 1535 dicto
1542 1468 1702 1534 Elze
1765 1476 2090 1555 tamquam
2150 1471 2382 1534 rectori
2440 1468 2769 1551 confertur
2816 1469 3221 1554 parochialis
3266 1470 3518 1534 ecclesia
3562 1471 3634 1534 in

797 1578 995 1644 Hiero
1018 1578 1072 1661 1)
1126 1576 1309 1660 Traj.
1356 1577 1577 1658 dioec„
1624 1596 1857 1640 vacans
1890 1597 2016 1660 per
2066 1576 2327 1641 liberam
2358 1578 2842 1661 resignationem
2872 1575 3195 1642 Johannis
3225 1576 3302 1641 de
3330 1575 3509 1643 Elze.
3544 1608 3630 1625 —-

793 1684 1208 1770 Deputantur
1252 1690 1623 1748 executores.

791 1867 949 1933 Vite
995 1887 1071 1932 ac
1117 1886 1392 1932 morum.
1421 1913 1437 1930 .
1463 1913 1481 1931 .
1509 1913 1525 1930 .
1574 1865 1728 1931 Dat.
1776 1864 2164 1948 Avinione‚·
2199 1864 2304 1929 XI
2349 1862 2461 1929 Kl.
2510 1862 2709 1947 Julii,
2760 1884 2933 1929 anno
2979 1869 3235 1931 octavo.

986 1998 1113 2062 περ.
1147 1998 1247 2048 Au.
1290 2000 1341 2048 T.
1379 1996 1471 2060 52,
1497 1998 1561 2087 s.
1590 1996 1704 2048 155.

724 2126 776 2189 1)
811 2125 1044 2177 Hier-den
1081 2138 1243 2190 prope
1277 2123 1699 2175 Hardervicum‘?

572 2546 760 2616 1278.
1578 2547 1796 2629 1349,
1842 2545 2036 2609 Junii
2079 2545 2163 2608 21
2188 2593 2205 2627 ,
2254 2536 2621 2610 Avenionis.

884 2699 1154 2786 Huqoni
1227 2698 1550 2764 Willermi
1591 2697 1668 2762 de
1711 2697 1966 2782 Lapide
2011 2696 2087 2761 de
2132 2696 2614 2763 Ardembourch
2660 2699 2882 2764 clerico
2936 2698 3356 2766 Tornacensis
3404 2700 3595 2768 dioec.
3614 2750 3634 2786 ,

793 2805 1095 2891 maqistro
1139 2806 1211 2869 in
1256 2803 1503 2869 artibus
1522 2852 1539 2887 ,
1588 2802 2037 2886 conferendum
2083 2810 2447 2867 reservatur
2492 2802 2853 2886 beneficium
2896 2813 3188 2890 spectans
3232 2806 3320 2870 ad
3364 2806 3632 2893 disposi-

802 2911 1025 2976 tionem
1077 2908 1321 2975 abbatis
1366 2916 1426 2974 et
1470 2915 1802 2974 conventus
1851 2907 1907 2971 b.
1956 2907 2216 2974 Mariae
2259 2910 2330 2973 in
2374 2908 2784 2996 Middelbury
2811 2911 2865 2994 1)
2918 2909 3101 2995 Traj.
3151 2911 3340 2978 dioec.
3389 2920 3450 2978 et
3495 2932 3638 2978 cum

797 3035 954 3081 cura
997 3017 1087 3081 70
1102 3063 1120 3100 ,
1167 3017 1301 3081 sine
1331 3035 1489 3081 cura
1517 3035 1661 3080 vero
1693 3015 1782 3079 50
1819 3013 2133 3079 librarum
2173 3013 2637 3080 Turonensium
2656 3036 3015 3101 parvorum
3042 3018 3321 3084 valorem
3351 3038 3641 3085 annuum

790 3143 919 3188 non
960 3122 1269 3188 medens.
1320 3159 1403 3171 —
1449 3121 1864 3207 Deputantur
1908 3127 2277 3185 executores.

793 3303 1193 3369 Litterarum
1238 3301 1534 3368 scientia.
1564 3349 1581 3366 .
1609 3348 1626 3366 .
1653 3349 1670 3366 .
1729 3300 1886 3397 Παῤ.
1932 3300 2266 3368 Avinione
2287 3348 2305 3385 ,
2352 3302 2456 3368 XI
2501 3301 2612 3368 Kl.
2662 3301 2708 3369 J
2708 3303 2882 3387 unii,
2931 3324 3106 3370 anno
3153 3308 3406 3372 oetam.

989 3436 1116 3500 Bec-
1150 3436 1251 3487 An.
1296 3438 1350 3487 T.
1384 3434 1566 3500 53,s.
1599 3434 1717 3487 345.

725 3562 783 3627 1)
818 3560 990 3614 Codex
1023 3561 1213 3613 habet:
1253 3561 1632 3615 Mildebourch.

573 3981 763 4054 1279.
1586 3986 1797 4070 1349,
1844 3985 2039 4051 Junii
2082 3987 2165 4049 21
2190 4033 2208 4070 ,
2255 3986 2619 4051 Avenionis.

886 4137 1178 4206 Johanni
1219 4138 1517 4226 Heyqinq
1543 4140 1597 4223 1)
1642 4140 1866 4205 clerico
1919 4137 2103 4223 Traj.
2152 4138 2342 4204 dioec.
2392 4139 2839 4221 conferendum
2877 4147 3242 4206 reservatur
3274 4140 3636 4225 beneficium

797 4253 1080 4332 spectans
1124 4246 1212 4312 ad
1254 4246 1720 4332 dispositionem
1764 4247 2037 4333 episcopi
2079 4252 2139 4310 et
2182 4246 2461 4330 capituli
2506 4245 3000 4330 Trajectensium
3042 4254 3103 4312 et
3147 4266 3289 4311 cum
3317 4267 3477 4312 cura
3508 4249 3633 4331 25,

796 4353 926 4417 sine
983 4373 1142 4417 cura
1198 4353 1290 4418 18
1347 4373 1714 4418 marcarum
1774 4354 2029 4438 arqenti
2086 4351 2365 4417 valorem
2419 4371 2706 4416 annuum
2748 4373 2878 4417 non
2922 4352 3234 4418 excedens.
3288 4391 3370 4402 -
3416 4352 3639 4440 Depu-

802 4465 1022 4525 tantm·
1065 4466 1433 4525 executores.

800 4636 1161 4705 Laudabile
1207 4638 1674 4705 testimonium.
1704 4687 1720 4703 .
1748 4685 1764 4703 .
1793 4684 1810 4703 .
1859 4637 2012 4704 Dat.
2061 4639 2432 4725 Aviniono‚
2479 4640 2584 4708 XI
2628 4639 2738 4706 Kl.
2786 4639 2832 4707 J
2832 4641 2978 4725 ulii,
3026 4661 3200 4708 anno
3250 4646 3510 4709 octavo.

983 4758 1107 4822 περ.
1144 4758 1241 4810 Λα.
1283 4760 1342 4810 r.
1372 4757 1467 4821 54,
1493 4759 1554 4823 s.
1587 4756 1732 4809 429.‚

729 4884 786 4949 1)
816 4885 1120 4954 Legendum
1157 4885 1393 4938 videtur:
1433 4884 1657 4953 Heying.

583 5298 779 5370 1280.
1624 5307 1835 5389 1349,
1880 5306 2059 5371 Julii
2101 5305 2179 5388 1,
2225 5305 2591 5371 Avenionis.

889 5457 1260 5524 Abbatissae
1329 5466 1389 5524 et
1453 5431 1781 5524 conventui
1847 5463 2225 5525 monasterii
2292 5462 2362 5525 in
2423 5460 2842 5546 Reynsburyh
2905 5460 3368 5543 confirmantur
3426 5478 3638 5524 omnes

809 5562 1146 5648 libertates,
1206 5558 1666 5649 immunitates,
1730 5565 2203 5652 indulyentiae,
2270 5570 2682 5652 eaeemptiones
2701 5614 2719 5651 ,
2783 5586 2825 5631 α
2881 5566 3188 5632 Romanis
3223 5564 3635 5651 pontificibus

806 5671 897 5736 vel
939 5672 1090 5741 aliis
1134 5670 1604 5737 rationabiliter
1647 5672 1805 5757 ipsis
1851 5691 2188 5738 concessae.

803 5803 886 5867 11.
3375 5807 3413 5864 3
