4450 6684
840 509 926 574 62
2055 505 2515 571 Innocnn'rms
2575 504 2695 570 VI.

832 728 1031 796 1506.
1824 728 2037 809 1354,
2085 726 2345 810 Aprilis
2389 727 2508 809 17,
2556 726 2924 791 Avenionis.

1165 882 1497 947 Willermo
1566 881 1641 945 de
1712 880 1883 966 Zijl,
1957 882 2072 965 qui
2136 879 2380 943 dudum
2450 901 2491 943 a
2563 880 2871 945 Clemente
2929 903 3113 966 papa
3193 880 3295 944 VI
3348 883 3788 945 canonicatum
3850 888 3910 945 et

1045 989 1478 1075 praebendam
1538 989 1824 1053 ecclesiae
1894 987 2074 1069 Traj.
2140 994 2431 1051 vacantes
2484 1009 2610 1071 per
2674 987 2915 1053 obitum
2972 987 3231 1052 Roberti
3275 988 3352 1052 de
3401 988 3701 1052 Ghiessen
3744 1008 3910 1053 assc-

1056 1102 1236 1160 cutus
1268 1096 1352 1178 1),
1423 1097 1633 1180 viqore
1701 1095 2146 1158 reservationis
2217 1094 2597 1178 apostolicae
2666 1094 3171 1179 supplementum
3241 1097 3311 1158 in
3378 1093 3589 1157 eadem
3656 1094 3909 1158 ecclesia

1045 1224 1168 1288 per
1236 1202 1471 1266 obitum
1540 1201 1833 1287 Symonis
1901 1222 2026 1264 van
2090 1200 2203 1263 der
2257 1200 2480 1286 Hoqhe
2526 1221 2756 1265 vacans
2808 1203 3188 1287 acceptavit,
3248 1200 3362 1266 hoc
3405 1201 3907 1285 supplementum

1055 1308 1490 1390 confirmatur.

1055 1493 1414 1557 Probitatis
1464 1497 1597 1558 et..
1626 1540 1641 1556 .
1673 1542 1687 1556 .
1739 1493 1891 1557 Dat.
1941 1492 2312 1573 Avinione,
2363 1491 2494 1557 XV
2540 1491 2651 1557 Kl.
2702 1490 2897 1576 Maji,
2949 1511 3122 1557 anno
3172 1489 3481 1557 secundo.

1248 1628 1374 1691 περ.
1411 1630 1511 1677 Ao.
1556 1630 1608 1678 r.
1645 1627 1702 1687 7,
1726 1629 1784 1692 s.
1822 1626 1964 1678 5130.

976 1775 1033 1840 1)
1071 1774 1174 1826 Cir.
1212 1790 1374 1839 supra
1409 1790 1560 1826 num.
1595 1774 1744 1828 1318.

823 2296 1013 2365 1507.
1724 2296 1940 2377 1354,
1991 2295 2161 2375 Maji
2205 2298 2282 2376 5,
2333 2316 2439 2378 ap.
2502 2293 2994 2358 Villamnovam.

1142 2450 1336 2535 Huqo
1383 2449 1458 2513 cle
1504 2447 1860 2530 Assendelf
1887 2448 2272 2532 praeficitur
2317 2449 2386 2511 in
2434 2446 2718 2511 abbatem
2766 2449 3132 2511 monasterii
3176 2447 3667 2531 Eymundensis,
3715 2448 3894 2531 cujus

1049 2557 1303 2621 abbatia
1364 2556 1606 2619 dudum
1670 2555 2000 2619 donationi
2061 2556 2443 2639 apostolicae
2505 2562 2825 2618 reservata
2880 2553 3060 2618 modo
3114 2561 3294 2618 vacat
3327 2575 3452 2639 per
3498 2553 3733 2618 obitum
3778 2553 3896 2618 Jo-

1047 2665 1276 2729 hannis
1337 2663 1610 2746 (Oloud)
1673 2663 1888 2726 ultimi
1943 2662 2205 2727 abbatis.
2259 2699 2342 2709 —
2401 2661 2601 2743 Cujus
2648 2663 3098 2725 nominationis
3148 2668 3482 2726 conventus
3528 2668 3587 2725 et
3630 2660 3898 2725 vassalli

1048 2774 1338 2836 certiores
1383 2770 1763 2835 redduntur.

1053 2952 1312 3016 Dilecto
1360 2951 1494 3016 filio
1543 2951 1819 3036 Hugoni
1864 2950 1945 3014 de
1994 2949 2358 3015 Assendelf
2394 2949 2620 3016 abbati
2667 2950 3045 3016 monasterii
3093 2950 3579 3035 Egmundensis
3626 2950 3708 3016 ad
3756 2951 3890 3018 Ro-

826 3081 1084 3125 manam
1132 3058 1473 3123 ecclesiam
1521 3057 1702 3123 nullo
1755 3057 1969 3122 medio
2017 3057 2448 3144 pertinentia,
2497 3056 2744 3121 ordinis
2778 3057 2988 3120 sancti
3018 3055 3396 3139 Benedicti,
3445 3057 3887 3142 Trajectensis

827 3166 1136 3248 diocesis,
1185 3165 1462 3229 salutem
1511 3172 1620 3228 etc.

1047 3271 1157 3338 Ad
1206 3269 1667 3355 exequendum
1715 3270 2079 3357 pastoralis.
2102 3319 2116 3334 .
2140 3318 2155 3334 .
2178 3317 2194 3334 .
2245 3270 2401 3335 Dat.
2450 3269 2623 3355 apud
2655 3269 3141 3335 villamnovam
3173 3269 3641 3335 Avinionensis
3679 3270 3899 3336 dioce-

832 3381 954 3464 sis,
1003 3380 1108 3443 ΠΙ
1152 3379 1324 3443 Non.
1373 3377 1572 3461 maji,
1622 3398 1795 3441 anno
1848 3377 2156 3441 secundo.

1048 3486 1131 3550 In
1168 3507 1217 3549 e.
1251 3506 1331 3547 m.
1382 3484 1637 3548 dilectis
1686 3483 1836 3547 filiis
1886 3483 2242 3548 conventui
2289 3481 2668 3547 monasterii
2718 3480 3201 3567 Egmundensis
3253 3530 3268 3546 .
3298 3530 3314 3545 .
3344 3531 3360 3547 .
3390 3531 3406 3546 .
3457 3484 3734 3548 salutem
3778 3474 3889 3547 et'c.

1046 3593 1132 3656 In
1193 3615 1242 3655 e.
1315 3615 1393 3655 m.
1469 3591 1724 3655 dilectis
1790 3590 1939 3654 filiis
2003 3590 2327 3655 universis
2389 3589 2684 3654 vassallis
2749 3590 3126 3655 monasterii
3189 3588 3674 3676 Egmundensis
3742 3638 3757 3654 .
3787 3637 3803 3654 .
3830 3637 3846 3654 .
3874 3637 3891 3655 .

825 3701 1104 3765 salutem
1157 3706 1265 3762 etc.

1242 3818 1367 3880 Ray.
1402 3818 1500 3866 Av.
1545 3818 1600 3867 T.
1635 3815 1692 3878 6,
1719 3817 1782 3880 s.
1818 3814 1900 3867 59.

1851 3976 2095 4024 SEQUBNS
2132 3977 2379 4019 anLoua
2415 3977 2559 4016 SUUH
2599 3977 2693 4017 mc
2728 3978 2996 4017 mvtmm·
3031 3979 3231 4021 LOCUH·

2128 4081 2287 4147 1355,
2325 4084 2532 4157 Aprilis
2565 4084 2626 4148 4,
2661 4085 2952 4136 Aveniom's.

1240 4203 1515 4254 Universis
1562 4206 1836 4266 presentes
1885 4201 2094 4250 litteras
2141 4200 2465 4263 inspecturis
2514 4199 2823 4265 Stephanus
2867 4203 3210 4255 miseratione
3253 4204 3433 4255 divina
3478 4204 3905 4269 archiepiscopus

1172 4287 1527 4348 Tholosanus,
1564 4285 1766 4335 domini
1805 4285 1974 4334 nostri
2011 4298 2144 4348 pape
2179 4284 2530 4347 camerarius,
2567 4285 2800 4335 salutem
2834 4286 2891 4335 in
2928 4286 3170 4339 Domino.

1238 4371 1316 4420 Ad
1362 4370 1724 4420 universitatis
1773 4373 1945 4418 vestre
1991 4367 2247 4418 noticiam
2295 4367 2609 4433 deducimus
2657 4373 2843 4419 tenore
2888 4371 3252 4435 presencium,
3297 4372 3435 4436 quod
3469 4372 3717 4424 dominus
3751 4371 3902 4438 Hugo

1171 4457 1334 4508 abbas
1383 4457 1689 4506 monasterii
1737 4454 2114 4521 Egmontensis
2160 4454 2280 4517 (sic)
2328 4454 2529 4507 ordinis
2579 4454 2752 4505 sancti
2800 4454 3100 4521 Benedicti,
3141 4456 3495 4520 Traiectensis
3529 4459 3775 4524 diocesis,
3814 4472 3908 4523 pro

1173 4541 1320 4591 totali
1357 4555 1451 4590 suo
1487 4540 1759 4590 communi
1798 4539 2044 4601 servicio,
2087 4539 2142 4587 in
2174 4552 2281 4602 quo
2305 4543 2420 4599 erat
2443 4551 2654 4588 camere
2677 4538 2879 4588 domini
2905 4540 3075 4591 nostri
3100 4542 3297 4591 summi
3320 4540 3586 4606 pontificis
3610 4542 3903 4613 obligatus,

1170 4629 1388 4675 centum
1424 4629 1478 4673 et
1514 4623 1703 4687 viginti
1739 4623 1981 4687 quinque
2016 4621 2245 4671 florenos
2280 4621 2398 4671 auri
2429 4622 2630 4686 prefate
2655 4636 2864 4672 camere
2884 4637 3093 4674 necnon
3121 4629 3174 4675 et
3197 4639 3292 4690 pro
3316 4625 3568 4676 totalibus
3593 4627 3903 4677 monasterii

1171 4707 1408 4758 serviciis
1443 4706 1797 4756 familiaribus
1831 4710 1921 4756 etc.
1957 4705 2150 4770 viginti
2185 4705 2317 4755 duos
2352 4706 2579 4759 florenos
2614 4706 2732 4756 auri
2767 4710 2820 4756 et
2856 4707 3038 4758 decem
3072 4713 3272 4773 septem
3309 4708 3500 4760 solidos
3534 4715 3745 4761 monete
3779 4725 3903 4760 cur-

1170 4790 1341 4841 rentis
1378 4789 1764 4839 Avenionensis
1802 4789 2010 4839 clericis
2046 4802 2256 4838 camere
2294 4787 2597 4851 supradicte
2619 4803 2713 4853 per
2736 4804 2932 4840 manus
2955 4789 3215 4842 Anthonii
3242 4791 3529 4843 Lalabailla
3554 4797 3903 4845 mercatorem

1171 4873 1452 4922 Astensem
1501 4878 1553 4921 et
1588 4872 1905 4922 Theoderici
1939 4870 2176 4936 Nagehel
2212 4871 2463 4921 monachi
2499 4871 2627 4922 dicti
2662 4873 2974 4923 monasterii
3010 4878 3246 4939 tempore
3278 4873 3455 4925 debito
3491 4874 3621 4927 solvi
3654 4875 3801 4940 fecit,
3841 4876 3906 4926 de

1169 4954 1364 5018 quibus
1398 4957 1488 5004 etc.
1536 4954 1654 5005 Dat.
1689 4953 1973 5018 Avinione‚
2010 4953 2094 5003 die
2131 4953 2239 5002 1111
2275 4955 2475 5003 mensis
2510 4954 2708 5017 Aprilis
2745 4970 2888 5006 anno
2921 4993 2934 5007 .
2957 4993 2970 5007 .
2991 4993 3039 5008 ..
3077 4955 3371 5022 necem,
3409 4958 3701 5013 indictione
3742 4958 3898 5023 VIII,

1171 5036 1506 5101 pontificatus
1642 5075 1656 5089 .
1693 5036 1993 5088 Innocentii
2030 5072 2044 5086 .
2184 5050 2317 5101 pape
2352 5034 2424 5085 Vl
2459 5051 2602 5087 anno
2638 5039 2821 5090 tercio.

1239 5149 1365 5213 Ray.
1398 5151 1498 5200 Αυ.
1542 5152 1597 5200 Τ.
1631 5148 1685 5214 2,
1711 5151 1774 5213 s.
1808 5147 1950 5214 403⁰3
1989 5148 2081 5212 qui
2116 5149 2276 5198 codex
2312 5148 2481 5203 multa
2516 5151 2756 5201 continet
2790 5152 3108 5203 documenta
3146 5153 3210 5204 ad
3246 5151 3525 5204 Cameram
3558 5153 3871 5218 spectantia.
