4450 6684
1866 562 2182 628 Ommns
2236 561 2358 628 VI.
3555 560 3643 625 25

576 779 761 849 1316.
1482 783 1692 865 1350,
1740 781 1910 864 Maji
1953 784 2029 864 8,
2079 802 2186 866 ap.
2251 780 2737 845 Villamnovam.

893 934 1188 999 Herbodo
1234 934 1310 998 de
1354 934 1622 999 Pallaes
1669 935 1963 999 canonico
2011 933 2402 1016 Trajectensi
2445 932 2774 1015 confertur
2807 932 3174 1017 praebenda
3217 953 3357 996 cum
3393 934 3650 1018 supple·

801 1047 1002 1105 mento
1065 1042 1133 1104 in
1189 1042 1442 1123 ecclesia
1496 1040 1918 1124 Trajectensi,
1979 1059 2211 1104 vacans
2246 1060 2371 1123 per
2420 1038 2653 1103 obitum
2714 1038 3041 1104 Wilhelmi
3084 1038 3159 1101 de
3205 1039 3400 1103 Raelt
3445 1047 3503 1104 et
3548 1039 3649 1103 die

800 1148 889 1209 10
957 1146 1337 1231 Septembris
1395 1148 1680 1230 proxime
1740 1147 1953 1231 elapso
2015 1145 2416 1230 dispositioni
2476 1145 2641 1210 sedis
2706 1145 3083 1229 apostolicae
3145 1152 3485 1210 reservata.
3561 1183 3640 1195 —

799 1251 1212 1336 Deputantur
1257 1240 1626 1317 executores,

800 1434 957 1500 Vite
1020 1457 1095 1501 ac
1143 1457 1417 1500 morum.
1447 1483 1463 1500 .
1491 1483 1506 1500 .
1539 1483 1554 1500 .
1628 1436 1779 1500 Dat.
1832 1434 2005 1521 apud
2052 1435 2540 1501 Villamnovam
2587 1435 3055 1501 Avinionensis
3102 1435 3411 1517 diocesia,
3459 1434 3632 1501 VIII

580 1542 681 1608 Id.
729 1543 924 1628 Maji,
973 1564 1144 1608 anno
1195 1551 1450 1608 octavu.

995 1661 1119 1724 περ.
1155 1663 1253 1712 Α..
1298 1665 1353 1712 r.
1387 1661 1477 1725 54,
1508 1664 1563 1726 s.
1599 1661 1737 1712 2990.

581 2092 756 2161 1317.
1461 2095 1669 2176 1350,
1719 2093 1890 2177 Maji
1935 2096 2059 2175 12,
2108 2114 2212 2179 ap.
2278 2093 2764 2158 Villamnovam.

898 2246 1192 2311 Johanni
1253 2245 1537 2311 Serclaes
1598 2247 1674 2310 de
1734 2245 2090 2311 Bruxcella
2140 2248 2345 2331 leyum
2390 2246 2633 2311 doctori
2676 2244 3097 2327 conferuntur
3143 2248 3548 2311 canonicatus
3595 2254 3653 2310 et

794 2351 1158 2437 praebenda
1204 2372 1344 2416 cum
1387 2354 1816 2437 supplemento
1861 2355 1928 2416 in
1973 2354 2224 2417 ecclesia
2271 2351 2686 2435 Trajectensi‚
2734 2359 3022 2416 vacantes
3049 2373 3174 2436 per
3205 2351 3438 2416 obitum
3484 2350 3650 2415 Wil-

807 2458 997 2523 helmi
1054 2458 1131 2522 de
1177 2458 1372 2523 Raelt
1416 2465 1476 2522 et
1521 2458 1622 2522 die
1668 2460 1757 2522 10
1805 2458 2187 2543 Septembris
2235 2479 2341 2523 an.
2400 2460 2569 2523 1349
2615 2458 3015 2543 dispositioni
3060 2459 3224 2523 sedis
3272 2460 3651 2542 apostolicae

805 2571 1170 2629 reservatae.
1223 2602 1304 2613 -—-
1352 2563 1770 2650 Deputantur
1817 2573 2192 2630 executores.

801 2744 1203 2810 Litterarum
1272 2747 1565 2812 scientia.
1595 2794 1612 2810 .
1642 2795 1656 2809 .
1688 2794 1704 2810 .
1774 2746 1928 2811 Dat.
2001 2744 2174 2832 apud
2237 2745 2722 2812 Villamnovam
2788 2745 3257 2812 Avinionensis
3315 2745 3593 2811 diocesis
3615 2794 3633 2829 ,

584 2849 726 2915 ΠΙΙ
768 2848 868 2915 Id.
917 2850 1115 2936 Maji,
1166 2871 1340 2917 anno
1391 2857 1645 2917 octavo·

1002 2967 1128 3031 Ray.
1162 2968 1260 3017 Ao.
1305 2969 1359 3018 T.
1394 2967 1489 3027 52,
1514 2970 1576 3033 s.
1610 2967 1726 3019 544.

1803 3181 2392 3189 ———.—.—..——-

589 3382 769 3452 1318.
1462 3388 1678 3470 1350,
1728 3387 1900 3471 Maji
1944 3388 2064 3470 13,
2113 3408 2219 3473 ap.
2285 3385 2772 3452 Villamnovam.

911 3539 1244 3606 Willermo
1305 3541 1382 3606 de
1448 3542 1578 3628 Zyz
1642 3542 2063 3624 conferuntur
2109 3541 2520 3606 canonicatus
2564 3546 2625 3604 et
2657 3540 3026 3626 praebenda
3073 3544 3140 3605 in
3184 3542 3437 3606 ecclesia
3490 3540 3659 3606 Tra·

788 3647 1085 3729 jectensi,
1135 3655 1428 3712 vacantes
1461 3670 1587 3732 per
1632 3648 1866 3713 obitum
1908 3647 2169 3712 Roberti
2213 3647 2291 3712 de
2342 3647 2632 3711 Chiessen
2678 3653 2738 3711 et
2768 3646 2868 3711 die
2898 3648 2986 3710 23
3018 3647 3304 3733 Auqusti
3331 3669 3438 3713 an.
3470 3648 3655 3713 1346

807 3751 1209 3837 dispositioni
1252 3755 1418 3819 sedis
1464 3756 1846 3840 apostolicae
1891 3762 2263 3819 reservatae.
2317 3791 2399 3801 —
2449 3752 2866 3838 Deputantur
2911 3762 3280 3818 executores.

805 3932 963 3998 Vite
1026 3955 1102 3999 ac
1161 3953 1437 3998 morum.
1467 3982 1483 3997 .
1510 3981 1526 3999 .
1560 3982 1576 3999 .
1641 3934 1795 4000 Dat.
1860 3934 2034 4022 apud
2097 3935 2584 4001 Villamnovam
2648 3935 3117 4002 Avinionensis
3175 3934 3491 4017 diocesis,
3539 3933 3680 4006 111*

589 4035 686 4101 Id.
731 4038 928 4123 Maii,
977 4060 1150 4104 anno
1201 4046 1455 4105 octavo,

1000 4157 1126 4221 Rea.
1162 4159 1263 4207 Aa.
1307 4159 1364 4206 T.
1397 4156 1491 4221 54,
1520 4159 1579 4222 f.
1615 4154 1728 4208 261.

588 4570 1036 4645 1319—1330.
1114 4577 1324 4660 (1349
1355 4600 1398 4642 a
1428 4578 1529 4643 die
1558 4580 1648 4643 19
1682 4578 1853 4663 Maji
1881 4600 2081 4665 usque
2110 4579 2197 4644 ad
2226 4580 2390 4644 diem
2420 4582 2509 4644 18
2542 4578 2714 4664 Maji
2743 4600 2849 4644 an.
2881 4579 3115 4663 1350).

901 4728 983 4793 A.
1057 4730 1279 4795 Nobili
1336 4734 1474 4797 viro
1539 4731 1755 4798 Ottoni
1811 4735 1889 4798 de
1944 4734 2175 4799 Bilant
2220 4735 2456 4800 seniori
2497 4735 2691 4799 militi
2743 4733 3163 4815 Trajectensis
3208 4732 3397 4797 dioec.
3444 4752 3656 4797 conce-

812 4832 989 4898 ditur
1023 4838 1435 4922 privileyium
1468 4840 1809 4923 plenariae
1853 4842 2133 4905 omnium
2153 4847 2560 4926 peccatorum
2589 4841 2973 4905 remissionis
3000 4841 3071 4904 in
3102 4839 3376 4903 articulo
3405 4839 3649 4903 mortis.

903 4940 979 5005 B.
1050 4941 1215 5006 Item
1259 4943 1524 5010 Danieli
1574 4943 1655 5010 de
1703 4945 2125 5011 Mathonesse
2860 4944 3302 5032 Trajectensis
3323 4942 3652 5034 ,diocesim

903 5045 973 5111 O.
1040 5047 1206 5113 Item
1251 5049 1515 5115 Danieli
1562 5050 1645 5115 de
1692 5050 2004 5116 Rodense

901 5152 980 5218 D.
1051 5154 1218 5219 Item
1263 5157 1553 5223 Gerardo
1604 5157 1687 5223 do
1732 5156 2187 5224 Heemsteden

903 5258 976 5324 E.
1049 5261 1214 5326 Item
1259 5262 1302 5329 J
1307 5263 1550 5328 ohanni
1600 5263 1681 5329 de
1727 5264 1951 5329 Buten

900 5364 974 5430 F.
1042 5366 1207 5431 Item
1251 5368 1544 5434 Hem-ico
1593 5368 1676 5434 de
1723 5368 2179 5435 Heemskerke
2226 5375 2297 5435 et
2343 5371 2487 5454 eJus
2534 5368 2727 5435 uxori

899 5467 977 5535 G.
1045 5471 1212 5535 Item
1259 5473 1531 5560 Symoni
1580 5473 1662 5540 de
1710 5474 1941 5540 Castro
1990 5481 2058 5541 et
2104 5476 2249 5560 ejus
2299 5475 2491 5539 uxori

904 5573 990 5638 H.
1055 5574 1222 5639 Item
1269 5575 1560 5642 Johanni
1608 5576 1691 5643 de
1736 5578 2059 5645 Pollanen
2106 5584 2175 5644 et
2222 5579 2367 5663 ejus
2410 5578 2604 5667 uxori

904 5677 956 5742 Ι.
1049 5679 1214 5745 Item
1256 5682 1556 5748 Bertoldi
1603 5683 1981 5750 Herstancii

3076 5727 3106 5761 n

813 5812 897 5871 Π.
2135 5843 2144 5850 ·
3396 5815 3447 5873 4’
