4450 6684
1867 526 2186 594 Onnms
2227 526 2350 594 VL
3559 527 3645 593 45

570 748 771 819 1424.
1580 750 1793 832 1352,
1839 747 2100 834 Aprilis
2144 749 2222 831 1,
2268 746 2635 813 Avenionis.

885 902 1234 970 Johannae
1296 901 1375 967 de
1422 900 1784 967 Brabantia
1829 901 2178 966 comitissae
2220 900 2613 968 Harmoniae
2656 901 3015 967 conceditur
3048 904 3465 990 privileyimn
3499 905 3645 990 ple-

795 1012 1025 1078 nariae
1069 1011 1350 1077 omnium
1385 1016 1793 1095 peccatorum
1836 1009 2222 1073 remissionis
2267 1011 2339 1074 in
2385 1011 2660 1075 articulo
2705 1012 2949 1077 mortis.

792 1195 1113 1262 Provenit
1157 1216 1263 1261 ex.
1290 1243 1306 1260 .
1336 1242 1352 1259 .
1380 1242 1398 1260 .
1446 1195 1600 1260 Dat.
1649 1193 2015 1277 Avinione,
2063 1192 2174 1258 Kl.
2223 1193 2503 1281 Aprilis,
2551 1213 2724 1259 anno
2772 1193 3049 1259 docimo.

989 1312 1118 1378 Rq.
1153 1313 1252 1365 Ao.
1296 1314 1352 1364 T.
1384 1309 1475 1376 63,
1500 1313 1563 1377 s.
1596 1309 1712 1362 512.

575 1732 771 1802 1425.
1566 1735 1778 1819 1352,
1824 1734 2084 1819 Aprilis
2129 1735 2250 1817 17,
2297 1733 2662 1799 Avenionis.

895 1887 1179 1955 Henrico
1223 1888 1302 1954 de
1345 1887 1659 1954 Mierlaer
1692 1890 2065 1975 praeposito
2113 1889 2400 1953 ecclesiae
2454 1886 2873 1972 Trajectensis
2919 1887 3082 1951 idem
3115 1887 3553 1973 privileqium.

799 2072 1120 2143 Provenit
1167 2093 1275 2138 ex.
1302 2119 1319 2138 .
1347 2119 1364 2137 .
1392 2119 1409 2137 .
1457 2072 1612 2139 Dat.
1658 2071 1990 2139 Avinione
2010 2122 2028 2157 ,
2073 2068 2211 2139 XV
2253 2072 2365 2139 Kl.
2412 2073 2609 2160 Maji,
2657 2094 2830 2140 anno
2879 2073 3154 2140 decimo.

989 2189 1117 2254 περ.
1151 2190 1248 2240 An.
1292 2191 1347 2240 T.
1381 2187 1473 2254 ss,
1500 2191 1562 2255 s.
1596 2187 1735 2240 soso.

570 2609 768 2687 1426.
1553 2612 1765 2695 1352,
1815 2613 2073 2697 Aprilis
2118 2614 2237 2695 23,
2286 2614 2649 2676 Avenionis.

893 2765 1122 2830 Judici
1165 2766 1587 2852 infrascripto
1632 2766 2013 2851 mandatur,
2078 2775 2149 2832 ut
2208 2766 2547 2832 Wilhelmo
2593 2766 2670 2830 de
2712 2765 2938 2831 Zande
2969 2765 3341 2852 presbytero
3396 2763 3649 2849 Trajec-

808 2874 968 2938 tensi
1034 2873 1359 2956 confirmet
1428 2875 1823 2939 collationem
1890 2876 2018 2959 ipsi
2086 2874 2329 2938 dudum
2355 2874 2407 2957 1)
2462 2873 2704 2956 factam
2749 2873 2826 2937 de
2869 2874 3123 2938 ecclesia
3154 2871 3528 2958 parochiali
3571 2870 3650 2936 de

808 2978 1113 3064 Campen,
1162 3000 1355 3065 super
1401 3001 1534 3066 qua
1582 2979 1913 3045 Martinus
1942 2980 2281 3065 Alphardi
2306 2981 2598 3064 primum
2629 2999 2769 3043 cum
2797 2978 3065 3044 Alberto
3095 2979 3171 3043 de
3216 2978 3572 3044 Varenhole
3593 2977 3648 3061 2)

802 3092 862 3149 et
905 3084 1128 3150 deinde
1145 3134 1163 3169 ,
1209 3104 1352 3150 cum
1402 3085 1504 3150 hic
1524 3134 1542 3169 ,
1591 3088 1707 3172 qui
1750 3087 1958 3171 ipsam
1990 3105 2117 3171 per
2161 3084 2488 3150 duodecim
2532 3105 2733 3148 annos
2767 3084 3038 3169 pacifice
3081 3084 3470 3168 obtinuerat,
3515 3085 3653 3148 vita

798 3190 1065 3273 functus
1111 3199 1299 3275 esset,
1346 3212 1490 3256 cum
1534 3193 1741 3257 eodem
1803 3191 2142 3256 Wilhelmo
2187 3192 2259 3256 in
2303 3194 2488 3256 curia
2538 3192 2831 3276 litiyavit.

796 3371 1059 3439 Dilecto
1119 3372 1255 3440 filio
1320 3373 1633 3461 magistro
1697 3374 2163 3440 Bartholomeo
2228 3373 2311 3438 do
2372 3374 2675 3439 Bosoano
2721 3374 3056 3461 preposito
3106 3372 3381 3438 ecclesie
3429 3372 3640 3436 sancti

574 3476 761 3543 Petri
820 3477 1222 3547 Oasletonsis
1284 3482 1680 3548 Morinsnsis
1745 3480 2022 3547 diocesis
2041 3528 2060 3564 ‚
2123 3481 2465 3569 capellano
2521 3487 2748 3546 nostro
2796 3485 2866 3546 ot
2911 3501 3255 3547 causarum
3302 3478 3645 3568 apostolici

577 3584 812 3671 palacii
858 3586 1145 3653 auditori
1162 3637 1181 3672 ,
1229 3588 1511 3654 salutem
1556 3596 1668 3654 etc.

800 3692 1042 3760 Merita
1105 3695 1476 3782 probitatis.
1504 3745 1520 3761 .
1551 3744 1566 3761 .
1595 3743 1613 3761 .
1678 3695 1832 3761 Non
1891 3693 2310 3761 obstantibus
2369 3742 2386 3761 .
2411 3740 2429 3760 .
2455 3739 2476 3762 .
2532 3693 2708 3781 quod
2755 3693 2896 3782 ipse
2944 3693 3342 3759 Wilholmus
3389 3691 3655 3757 canoni-

581 3803 799 3866 catum
859 3807 929 3866 ot
989 3801 1396 3888 prebendam
1426 3802 1736 3887 ,ecclesis
1798 3801 2242 3868 Embricensis
2303 3800 2475 3867 dioto
2524 3800 2803 3868 diocesis
2855 3800 3149 3866 noscitur
3197 3799 3517 3867 obtinere.
3545 3845 3562 3864 .
3591 3845 3608 3864 .
3632 3844 3650 3864 .

578 3904 732 3973 Dat.
781 3905 1113 3974 Avinione
1133 3957 1151 3992 ,
1198 3909 1408 3974 VIIII
1453 3909 1565 3975 Kl.
1612 3909 1776 3994 Maji
1795 3959 1813 3994 ,
1860 3929 2033 3975 anno
2081 3906 2356 3973 docimo.

1000 4024 1128 4089 περ.
1163 4026 1262 4075 4ο.
1305 4026 1362 4076 r.
1395 4024 1490 4090 61,
1514 4028 1575 4092 s.
1611 4025 1727 4078 449.

735 4146 792 4212 1)
827 4146 1006 4213 Supra
1039 4162 1192 4200 num.
1223 4145 1376 4200 1307.
1576 4147 1636 4214 2)
1670 4148 1977 4217 Legsndum
2010 4150 2248 4202 videtur:
2286 4150 2351 4202 de
2383 4149 2770 4203 Varronhoute.

584 4617 777 4687 1427.
1492 4623 1701 4707 1352,
1748 4621 1922 4705 Maji
1964 4622 2039 4705 8,
2087 4641 2194 4707 ap.
2258 4619 2745 4685 Villamnovam.

901 4773 1199 4840 Arnoldo
1261 4772 1500 4861 Slaper
1567 4781 1890 4860 tamquam
1951 4777 2186 4841 rectori
2247 4775 2577 4858 confertur
2609 4774 3012 4861 parochialis
3057 4777 3310 4841 ecclesia
3353 4778 3424 4841 in
3483 4775 3550 4840 Y
3541 4777 3660 4842 sel-

813 4887 1031 4967 steyn,
1077 4902 1209 4967 pro
1255 4902 1390 4968 qua
1437 4883 1757 4947 ecclesiam
1802 4884 1874 4946 in
1926 4880 2285 4948 Talloeisen
2329 4881 2525 4947 Leod.
2572 4881 2762 4947 dioec.
2808 4902 2950 4947 cum
2994 4881 3328 4948 Francone
3370 4883 3447 4948 de
3490 4883 3660 4949 Dor-

809 4986 1035 5053 deraco
1078 4989 1385 5074 maqistro
1434 4989 1506 5054 in
1549 4987 1797 5054 artibus
1829 4990 2096 5074 putavit
2128 4989 2650 5075 permutandam.
2701 5026 2785 5039 —
2831 4988 3249 5076 Deputantur
3284 4997 3655 5055 caecatores.

810 5171 1195 5259 Apostolioo
1259 5170 1454 5238 sedis.
1487 5219 1503 5236 .
1531 5220 1547 5236 .
1575 5218 1592 5237 .
1658 5171 1810 5237 Non
1873 5172 2294 5239 obstantibus
2344 5222 2359 5237 .
2387 5221 2404 5238 .
2433 5220 2448 5237 .
2510 5172 2687 5259 quod
2730 5173 2801 5238 in
2848 5172 3061 5238 sancti
3106 5171 3294 5238 Petri
3340 5192 3540 5239 unam
3588 5179 3656 5238 et

585 5277 659 5343 in
714 5276 795 5343 de
840 5278 1108 5365 Rijswio
1154 5279 1690 5366 Trajectensium
1736 5278 2023 5345 civitatis
2070 5284 2139 5346 et
2185 5280 2465 5346 diocesis
2510 5279 2803 5346 ecclesiis
2849 5279 3045 5345 aliam
3091 5279 3487 5367 capellanias
3534 5299 3653 5344 sou

584 5383 863 5451 vicarias
922 5391 1277 5473 perpetuas
1348 5386 1637 5453 nosceris
1699 5386 2021 5454 obtinere.
2048 5434 2065 5452 .
2093 5433 2110 5451 .
2138 5434 2154 5451 .
2227 5387 2384 5453 Dat.
2438 5386 2616 5474 apud
2661 5386 3144 5453 villamnovam
3189 5386 3659 5452 Avinionsnsis

591 5489 906 5576 diocesis,
953 5491 1125 5558 VIII
1170 5492 1272 5558 Id.
1321 5491 1521 5579 Maji,
1568 5512 1741 5558 anno
1790 5491 2065 5559 decimo.

1005 5610 1134 5673 περ.
1166 5607 1264 5660 Δο.
1305 5605 1366 5661 T.
1399 5607 1491 5673 62,
1515 5609 1575 5674 s.
1610 5606 1750 5660 1so·.
