4450 6684
1885 553 2217 619 Ussemus
2262 552 2348 618 V.
3305 613 3312 620 .
3524 556 3652 622 12³

896 759 974 840 B.
1044 772 1300 840 Alardo
1345 774 1421 839 de
1469 773 1754 859 Glotinye
1796 776 2101 860 maqistro
2146 776 2217 838 in
2262 773 2508 839 artibus
2553 772 2883 856 confertur
2913 777 3321 841 canonicatus
3351 783 3412 842 et
3438 797 3642 842 reser-

806 890 999 948 vatur
1038 880 1408 967 praebenda
1452 901 1594 947 cum
1637 881 2073 966 supplemento
2118 882 2188 944 in
2234 882 2488 946 ecclesia
2535 879 2602 944 S.
2652 879 3011 946 Salvatoris
3066 880 3247 964 Traj.
3299 920 3381 932 —
3429 881 3654 970 Depu-

809 997 1032 1055 tantur
1075 996 1460 1071 executores,
1508 990 1679 1053 inter
1723 1007 1880 1074 quos
1925 985 2283 1072 Philippus
2329 986 2406 1052 de
2440 985 2810 1051 Groenevelt
2838 994 2897 1052 et
2927 986 3238 1053 Nicolaus
3267 988 3345 1052 de
3374 988 3640 1056 Patella

807 1097 1092 1162 canonici
1145 1093 1324 1179 Trai.

893 1203 966 1268 O.
1038 1201 1392 1267 Guillermo
1437 1200 1601 1266 dicto
1654 1199 1813 1287 Wyc
1857 1200 1933 1264 de
1978 1198 2314 1264 Dordraco
2353 1201 2657 1285 maqistro
2695 1202 2766 1264 in
2805 1199 3052 1264 artibus
3089 1199 3424 1283 confertur
3460 1222 3647 1267 cano-

805 1310 1053 1375 nicatus
1099 1314 1158 1372 et
1200 1314 1563 1372 reservatur
1596 1305 1965 1392 praebenda
2010 1307 2081 1371 in
2126 1307 2382 1370 ecclesia
2428 1304 2495 1370 S.
2529 1304 2851 1371 Johannis
2891 1305 3072 1389 Traj.
3113 1343 3196 1355 -—
3231 1306 3651 1393 Deputantur

803 1423 1154 1481 executores
1171 1463 1190 1498 ,
1235 1416 1404 1479 inter
1450 1434 1607 1500 quos
1650 1411 1975 1477 Hem-icus
2034 1411 2301 1477 Uustinc
2344 1419 2404 1477 et
2453 1411 2782 1477 Gerardus
2829 1412 3006 1478 Rode
3054 1414 3342 1478 canonici
3394 1413 3580 1497 Traj.

893 1522 978 1585 D.
1047 1519 1341 1587 Johanni
1396 1518 1732 1585 Houtman
1792 1520 2098 1604 maqistro
2162 1521 2232 1582 in
2294 1518 2576 1602 artibus,
2647 1519 2832 1605 „qui,
2893 1524 2970 1585 ut
3025 1519 3297 1604 asseris,
3344 1519 3415 1585 in
3460 1520 3653 1586 Pari-

805 1629 1005 1694 siensi
1066 1626 1286 1694 studio
1346 1629 1416 1693 in
1479 1627 1730 1692 artibus
1792 1633 1946 1691 actu
2013 1624 2261 1712 regis,'’
2323 1625 2651 1708 confertur
2711 1629 3116 1693 canonicatus
3169 1636 3229 1693 et
3274 1635 3647 1693 reservatur

795 1733 1163 1821 praebenda
1206 1737 1277 1800 in
1321 1735 1574 1799 ecclesia
1618 1732 2028 1798 Emoricensi.
2081 1770 2164 1781 —
2211 1730 2630 1817 Deputantur
2675 1740 3023 1798 executores
3068 1733 3258 1799 iidem
3304 1756 3379 1799 ac
3406 1735 3522 1800 sub
3552 1735 3641 1800 A.

892 1840 968 1905 E.
1055 1840 1374 1907 Willelmo
1418 1840 1583 1906 dicto
1627 1840 1845 1905 Buzer
1884 1841 2192 1925 maqistro
2235 1841 2306 1903 in
2343 1838 2615 1921 artibus,
2671 1840 2852 1925 „qui,
2892 1844 2968 1904 ut
3010 1841 3274 1925 asseris,
3314 1842 3386 1906 in
3424 1842 3648 1908 studio

801 1948 1159 2015 Parisiensi
1210 1948 1281 2013 in
1327 1948 1578 2013 artibus
1628 1953 1780 2013 actu
1826 1946 2067 2033 regis”‚
2115 1946 2446 2028 confertur
2489 1948 2892 2010 canonicatus
2938 1954 2998 2011 et
3040 1957 3404 2014 reservatur
3437 1935 3654 2036 prae-¹

802 2055 1001 2121 benda
1043 2076 1185 2121 cum
1228 2056 1656 2141 supplemento
1701 2057 1771 2120 in
1817 2055 2075 2119 ecclesia
2132 2051 2316 2136 Traj.

873 2162 965 2228 ⁴1⁴³.
1036 2161 1317 2227 Henrico
1376 2162 1442 2225 Y
1435 2163 1511 2225 de
1555 2162 1631 2226 de
1674 2161 1862 2226 Beest
1906 2162 2129 2225 clerico
2180 2159 2362 2242 Traj.
2402 2158 2622 2242 dioec„
2671 2163 2975 2245 mayistro
3012 2163 3083 2225 in
3120 2162 3396 2247 artibus,
3453 2165 3647 2252 „qui,

801 2274 878 2335 ut
936 2269 1205 2352 asseris,
1270 2269 1339 2333 in
1399 2267 1756 2334 Parisiensi
1813 2265 2031 2332 studio
2080 2267 2150 2330 in
2199 2265 2450 2330 artibus
2498 2270 2650 2330 actu
2693 2266 2868 2351 regis
2914 2272 2983 2332 et
3026 2267 3096 2334 in
3148 2269 3470 2351 medicina
3515 2293 3635 2358 per

805 2373 970 2440 duos
1039 2395 1246 2440 annos
1314 2379 1383 2440 et
1454 2373 1732 2460 amplius
1802 2372 2117 2437 studuisti
2137 2370 2200 2455 ‚”
2264 2379 2624 2436 reservatur
2685 2371 3041 2455 beneficium
3102 2374 3549 2457 conferendum
3596 2397 3639 2441 a

807 2483 1089 2566 capitulo
1150 2480 1204 2545 b.
1268 2480 1526 2545 Mariae
1595 2479 1779 2562 Traj.
1804 2551 1811 2558 ‚
1840 2486 1899 2544 et
1961 2501 2102 2543 cum
2162 2499 2322 2543 cura
2381 2480 2469 2542 25
2488 2525 2505 2560 ,
2567 2480 2702 2543 sine
2745 2500 2903 2544 cura
2948 2499 3090 2545 vero
3135 2483 3224 2546 18
3271 2503 3637 2548 marcarum

799 2589 1049 2672 arqenti
1093 2589 1367 2652 valorem
1411 2608 1696 2653 annuum
1746 2608 1874 2652 non
1922 2585 2234 2651 excedens.

891 2693 971 2759 G.
1041 2692 1335 2758 Johanni
1391 2693 1694 2780 Uterspyt
1737 2694 1959 2758 clerico
2016 2691 2196 2772 Traj.
2247 2692 2436 2756 dioec.
2460 2740 2477 2775 ,
2524 2693 2830 2776 maqistro
2875 2694 2944 2756 in
2988 2693 3272 2776 artibus,
3326 2694 3511 2781 „qui,
3559 2701 3637 2761 ut

800 2800 1068 2884 asseris,
1115 2801 1185 2865 in
1229 2800 1584 2866 Parisiensi
1630 2799 1848 2865 studio
1897 2800 1967 2864 in
2017 2799 2272 2864 artibus
2321 2803 2474 2862 actu
2518 2797 2721 2884 legis,
2726 2796 2766 2827 '’
2813 2806 3172 2865 reservatur
3218 2802 3422 2867 simile
3469 2802 3647 2868 bene·

797 2904 1013 2987 ficium
1057 2906 1504 2990 conferendum
1548 2927 1590 2970 a
1633 2908 1916 2992 capitulo
1967 2905 2035 2969 S.
2091 2905 2452 2969 Salvatoris
2512 2904 2693 2988 Traj.

890 3012 981 3077 H.
1049 3012 1248 3078 Petro
1312 3013 1589 3078 Hollaut
1656 3014 1878 3078 clerico
1950 3011 2130 3093 Traj.
2192 3011 2419 3095 dioec.‚
2483 3012 2553 3076 in
2597 3011 2841 3077 artibus
2886 3015 3191 3098 maqistro
3245 3021 3304 3079 et
3349 3012 3639 3081 Parisiis

803 3126 949 3184 actu
991 3122 1258 3205 requeti,
1303 3126 1667 3186 reservatur
1695 3121 1900 3186 simile
1935 3117 2297 3202 beneficium
2328 3117 2776 3201 conferendum
2804 3141 2846 3184 a
2876 3122 3158 3205 capitulo
3189 3121 3640 3189 Arnhemensi.

890 3226 946 3291 I.
1016 3226 1285 3292 Nicolao
1344 3226 1790 3310 Elfonisfabri
1856 3228 2078 3292 clerico
2149 3224 2332 3308 Traj.
2395 3225 2622 3309 dioec„
2682 3228 2752 3290 in
2810 3226 3058 3292 artibus
3113 3230 3419 3313 maqistro
3465 3236 3524 3294 et
3570 3232 3643 3295 in

797 3332 1009 3397 studio
1070 3331 1430 3397 Parisiensi
1475 3340 1623 3397 actu
1666 3334 1908 3417 reyenti
1931 3380 1948 3415 ,
2010 3338 2372 3396 reservatur
2415 3332 2618 3396 simile
2663 3330 3021 3414 beneficium
3065 3332 3512 3416 conferendum
3562 3334 3646 3399 ab

797 3436 1014 3502 abbate
1058 3445 1118 3502 et
1161 3444 1460 3503 conventu
1505 3436 2064 3523 Eqniondensibus.
2119 3474 2202 3485 —
2253 3436 2393 3501 Pro
2437 3436 2708 3521 sinqulis
2751 3435 3146 3522 deputantur
3190 3445 3563 3505 executores.

802 3620 1202 3686 Litterarum
1249 3620 1544 3685 scientia.
1572 3668 1587 3683 .
1616 3667 1632 3684 .
1661 3666 1677 3683 .
1726 3618 1878 3683 Dat.
1928 3617 2291 3702 Avinione‚
2339 3618 2404 3683 V
2448 3617 2557 3683 Kl.
2606 3617 3019 3702 Decembris,
3069 3640 3240 3685 anno
3286 3621 3515 3708 primo.

998 3754 1122 3817 Rea.
1155 3756 1255 3804 Ao.
1288 3752 1477 3802 scilicet
1511 3753 1555 3802 A
1598 3749 1817 3813 Tomi,
1850 3754 1905 3820 f.
1941 3751 2066 3816 2845
2103 3752 2231 3816 Bs.
2265 3750 2390 3815 2963
2426 3751 2466 3802 C
2508 3753 2640 3801 Touo.
2672 3748 2982 3816 2‚s.334v;
3023 3751 3652 3821 Ds.34ov;1·:s.379·;

930 3836 968 3886 F
1012 3837 1144 3888 Tou.
1179 3837 1325 3902 4,f.
1359 3835 1512 3899 265·;
1549 3836 1677 3901 Gs.
1710 3834 1918 3900 279311
1964 3836 2096 3886 Tom.
2129 3833 2192 3898 5,
2219 3836 2277 3900 s.
2316 3833 2400 3897 423
2443 3834 2550 3899 Is.
2585 3831 2725 3884 2480.

573 4362 755 4434 1721.
1498 4367 1712 4447 1362,
1762 4362 2132 4429 Novembris
2177 4362 2298 4442 27,
2346 4359 2710 4425 Avenionis.

893 4520 1183 4586 Ger-ardo
1232 4520 1427 4586 Grote
1468 4520 1545 4584 de
1596 4518 1960 4583 Davantria
2004 4517 2312 4601 maqistro
2357 4516 2428 4578 in
2474 4511 2719 4577 artibus
2762 4510 3091 4593 confertur
3124 4511 3535 4574 canonicatus
3575 4515 3640 4574 et

799 4634 1161 4692 reservatur
1207 4625 1575 4712 praebenda
1632 4628 1703 4690 in
1747 4625 2003 4689 ecclesia
2051 4621 2105 4686 b.
2157 4620 2418 4685 Mariae
2461 4620 2751 4705 Aquensi
2792 4616 2988 4683 Leod.
3032 4618 3220 4682 dioec.
3273 4653 3356 4666 —
3402 4615 3625 4703 Depu-

804 4739 1027 4799 tantur
1070 4740 1438 4799 executores.

798 4915 1200 4981 Litterarum
1245 4912 1545 4979 sciencie..
1572 4957 1590 4976 .
1618 4958 1635 4976 .
1660 4958 1678 4977 .
1727 4911 1879 4976 Dat.
1928 4910 2262 4975 Avinione
2287 4955 2306 4991 ,
2352 4907 2417 4973 V
2463 4905 2575 4972 Kl.
2623 4906 3040 4989 Decembris,
3088 4926 3261 4973 auno
3308 4906 3538 4994 primo.

796 5020 886 5086 In
929 5042 978 5085 e.
1026 5042 1108 5086 m.
1157 5066 1174 5084 .
1202 5066 1219 5084 .
1267 5017 1526 5083 dilectis
1580 5016 1732 5081 filiis
1779 5015 1989 5082 sancti
2034 5013 2334 5101 Agricoli
2381 5011 2852 5078 Aviniouensis
2902 5017 2969 5077 et
3016 5059 3034 5078 .
3061 5058 3078 5076 .
3124 5011 3630 5078 Davana-lensia

576 5127 1019 5215 Trajeetensis
1066 5124 1344 5192 diocesis
1388 5124 1810 5191 ecclesiarum
1862 5121 2130 5189 decanis
2182 5142 2261 5185 ac
2307 5119 2569 5186 officiali
2613 5118 2970 5186 Leodiensi
3014 5118 3296 5186 salutem
3343 5126 3455 5184 etc.

994 5260 1120 5325 1109.
1152 5261 1251 5311 Ao.
1296 5261 1349 5311 T.
1384 5258 1530 5324 1,s.
1567 5256 1680 5309 612
