4450 6684
853 488 982 551 104
2077 487 2536 553 Innoomms
2583 485 2701 551 VI.

845 710 1100 776 sionem
1147 730 1454 795 magnam
1500 729 1620 774 sue
1667 708 2113 793 Trajectensis
2164 706 2445 774 diocesis
2492 713 2561 773 et
2607 729 2694 774 ex
2741 708 2940 774 certis
2987 707 3134 774 aliis
3181 709 3397 775 causis
3440 707 3755 793 legitimis
3798 706 3921 772 fre-

847 822 1127 904 quenter
1170 817 1241 881 in
1288 818 1608 882 exercitio
1655 816 2051 904 pontificalis
2092 816 2287 880 officii
2329 821 2400 881 et
2436 835 2696 900 eorum,
2745 836 2875 902 que
2914 814 3293 901 hujusmodi
3333 815 3620 881 officium
3659 835 3919 882 concer-

845 927 1130 1009 nebant,
1180 925 1731 1012 quamplurimum
1779 923 2269 1011 impediebatur
2317 943 2442 989 nec
2487 928 2755 1009 poterat
2800 923 3024 988 omnia
3054 924 3199 988 sine
3233 942 3472 1008 magno
3504 920 3916 988 incommodo

842 1035 1273 1123 personaliter
1317 1053 1658 1114 exercere,
1706 1052 1783 1097 ac
1829 1037 2180 1117 propterea
2224 1031 2498 1117 cupiens
2545 1050 2742 1116 super
2786 1028 2913 1094 hiis
2970 1029 3320 1095 salubriter
3365 1027 3742 1117 providere,
3793 1029 3913 1094 tibi

842 1164 960 1232 pro
1021 1140 1398 1227 huiusmodi
1462 1140 1674 1204 officio
1737 1137 2097 1227 pontificali
2162 1143 2233 1203 et
2296 1138 2513 1224 ipsum
2575 1137 3129 1231 concernentibus
3174 1143 3245 1203 et
3290 1136 3435 1202 aliis
3484 1137 3798 1203 oneribus
3842 1138 3913 1202 in

840 1250 1362 1339 pontificalibus,
1426 1268 1553 1334 que
1617 1248 1758 1334 ipse
1820 1246 2167 1333 episcopus
2230 1245 2571 1311 commode
2635 1265 2947 1312 exercere
3008 1267 3143 1311 non
3191 1250 3490 1332 poterat,
3537 1246 3793 1312 facilius
3840 1253 3909 1312 et

845 1356 1250 1425 commodius
1310 1355 1393 1420 ad
1459 1355 1814 1419 utilitatem
1877 1352 2291 1418 subditorum
2353 1353 2636 1440 propriis
2700 1353 3036 1419 laboribus
3100 1359 3169 1419 et
3224 1354 3536 1441 expensis
3582 1354 3715 1420 tuis
3761 1374 3912 1442 snp-

840 1465 1098 1553 plendis
1162 1469 1230 1528 et
1285 1460 1750 1548 supportandis
1799 1465 2132 1524 trecentos
2178 1460 2464 1525 florenos
2512 1460 2653 1524 auri
2701 1459 2856 1524 boni
2906 1466 2975 1525 et
3022 1460 3253 1546 legalis
3300 1459 3611 1547 ponderis
3658 1460 3781 1526 tibi
3826 1460 3910 1525 ad

843 1574 1044 1636 vitam
1112 1576 1289 1635 tuam
1355 1569 1425 1632 in
1473 1567 1669 1634 certis
1717 1567 2015 1630 terminis
2063 1586 2244 1629 more
2291 1586 2608 1631 censuum
2655 1586 3025 1631 annuorum
3071 1587 3191 1653 per
3237 1566 3487 1632 dictum
3535 1567 3912 1654 episcopum

841 1685 909 1743 et
955 1679 1118 1743 alios
1167 1696 1576 1742 successores
1625 1694 1778 1737 suos
1823 1674 2166 1759 episcopos
2208 1672 2671 1757 Trajectenses
2702 1694 2821 1761 pro
2854 1694 3077 1738 annua
3107 1674 3426 1760 pensione
3457 1672 3811 1740 tradendos
3843 1679 3911 1739 et

835 1784 1265 1872 assignandos
1312 1781 1672 1866 assignavit
1719 1786 1788 1846 et
1835 1779 2182 1865 deputavit
2230 1785 2299 1844 et
2344 1779 2666 1844 nonnulla
2712 1780 2843 1844 alia
2888 1780 3061 1845 circa
3101 1779 3225 1845 hec
3256 1780 3415 1846 fecit
3447 1786 3519 1846 et
3550 1779 3907 1862 ordinavit,

833 1898 1031 1978 prout
1075 1891 1141 1955 in
1191 1891 1629 1954 instrumento
1679 1886 1941 1973 publico
1989 1885 2145 1950 inde
2193 1885 2526 1970 confecto,
2576 1885 2734 1951 dicti
2782 1886 3076 1974 episcopi
3124 1887 3339 1972 sigillo
3380 1888 3668 1970 munito,
3716 1889 3904 1972 cujus

834 2006 1129 2063 tenorem
1194 1996 1275 2062 de
1337 1996 1538 2061 verbo
1602 1994 1684 2060 ad
1749 1994 2024 2059 verbum
2087 1993 2509 2080 presentibus
2569 1993 2771 2057 inseri
2833 1991 3143 2076 fecimus,
3192 1992 3455 2080 plenius
3501 1995 3896 2059 continetur.

832 2106 1050 2182 Quare
1097 2125 1217 2190 pro
1263 2108 1451 2189 parte
1499 2101 1656 2165 dicti
1703 2100 1994 2187 episcopi
2041 2107 2109 2165 et
2155 2106 2272 2165 tua
2318 2100 2508 2165 nobis
2556 2099 2681 2164 fuit
2726 2099 3065 2165 humiliter
3113 2100 3580 2186 supplicatum,
3631 2105 3706 2164 ut
3748 2119 3895 2186 pre-

834 2212 1046 2277 missis
1110 2232 1228 2297 per
1275 2209 1523 2273 dictum
1572 2209 1952 2295 episcopum
2000 2207 2192 2272 factis
2241 2207 2441 2271 robur
2487 2206 3003 2272 confirmationis
3049 2206 3311 2272 adicere
3360 2205 3443 2272 de
3490 2206 3900 2292 benignitate

833 2318 1193 2405 apostolica
1237 2316 1680 2401 dignaremur.
1747 2314 1885 2378 Nos
1931 2315 2169 2399 igitur,
2218 2312 2598 2399 hujusmodi
2647 2313 3246 2401 supplicacionibus
3291 2313 3628 2396 inclinati,
3677 2313 3903 2399 hujus-

834 2425 1009 2489 modi
1072 2424 1586 2508 assignationem
1650 2428 1719 2486 et
1766 2420 2264 2506 deputationem
2314 2426 2383 2485 et
2429 2419 2559 2484 alia
2604 2440 2803 2507 super
2848 2418 2975 2484 hiis
3023 2440 3142 2507 per
3189 2419 3437 2485 dictum
3485 2421 3901 2507 episcopum,

833 2541 908 2600 ut
954 2534 1388 2621 premittitur,
1436 2532 1611 2597 facta
1658 2538 1726 2595 et
1773 2530 2076 2595 ordinata
2120 2535 2265 2594 rata
2309 2528 2633 2595 habentes
2680 2534 2750 2595 et
2795 2535 3015 2615 grata,
3060 2529 3175 2593 illa
3213 2529 3606 2593 auctoritate
3646 2533 3902 2615 aposto·

832 2642 959 2706 lica
1021 2662 1105 2705 ex
1162 2646 1343 2704 certa
1389 2639 1674 2703 sciencia
1719 2636 2180 2702 confirmamus
2227 2643 2298 2701 et
2342 2635 2668 2722 presentis
2716 2636 2940 2722 scripti
2988 2636 3355 2723 patrocinio
3403 2635 3902 2700 communimus.

833 2749 1053 2814 Tenor
1101 2769 1256 2813 vero
1306 2747 1627 2811 dictarum
1675 2746 2043 2810 litterarum
2093 2745 2243 2809 talis
2291 2750 2425 2809 est:

1058 2855 1096 2920 J
1106 2854 1399 2919 ohannes
1466 2853 1594 2917 Dei
1664 2852 1877 2937 gratia
1944 2852 2291 2937 episcopus
2353 2851 2797 2936 'I'raJectensis
2860 2851 3182 2917 universis
3240 2856 3584 2938 presentes
3645 2849 3899 2915 litteras

836 2961 1231 3049 inspecturis
1278 2959 1559 3024 salutem
1608 2959 1676 3022 in
1724 2958 2029 3023 Domino.

1062 3069 1228 3133 Cum
1275 3088 1487 3154 nuper
1533 3066 1981 3131 sanctissimus
2027 3071 2217 3153 pater
2264 3072 2333 3131 et
2381 3064 2685 3132 dominus
2734 3072 2959 3132 noster
3006 3065 3444 3132 Innocencius
3491 3062 3717 3129 divina
3758 3083 3905 3150 pro-

835 3176 1136 3241 videncia
1182 3196 1352 3261 papa
1379 3173 1481 3240 VI
1512 3171 1957 3238 venerabilem
1988 3177 2245 3258 patrem
2279 3170 2616 3237 dominum
2646 3171 3003 3238 Folkerum
3035 3173 3322 3238 electum
3353 3170 3893 3238 Gibelethensem

836 3283 918 3348 ad
965 3283 1364 3368 peticionem
1412 3285 1704 3344 nostram
1754 3279 2012 3343 noviter
2058 3280 2387 3366 promovit
2433 3280 2502 3343 in
2550 3280 2931 3367 episcopum
2978 3278 3059 3345 ad
3095 3279 3363 3344 titulum
3396 3278 3674 3343 ecclesie
3706 3275 3904 3343 Gibe-

833 3388 1186 3469 lethensis,
1253 3407 1380 3473 que
1429 3391 1531 3450 est
1577 3384 2014 3450 transmarina
2059 3386 2130 3450 in
2175 3384 2627 3471 patriarchatu
2674 3385 3131 3469 Antiocheno,
3192 3385 3275 3451 ad
3324 3384 3522 3450 finem
3568 3390 3646 3448 ut
3691 3383 3897 3470 possit

835 3497 1137 3583 supplere
1183 3495 1253 3559 in
1302 3492 1785 3581 pontificalibus
1834 3492 2060 3557 officiis
2109 3492 2286 3557 vices
2336 3497 2628 3574 nostras,
2679 3495 2793 3580 qui
2839 3500 3109 3581 propter
3148 3491 3449 3558 diffusam
3480 3489 3899 3556 latitudinem

838 3609 1060 3667 nostre
1124 3601 1401 3665 diocesis
1464 3606 1533 3663 et
1589 3599 1748 3663 alias
1796 3605 2009 3663 certas
2057 3606 2126 3663 et
2171 3598 2502 3685 legitimas
2550 3621 2780 3666 causas
2828 3599 3209 3686 frequenter
3253 3599 3324 3664 in
3371 3597 3696 3664 exercicio
3743 3618 3903 3684 pon-

836 3708 1095 3773 tificalis
1158 3707 1352 3772 officii
1417 3713 1486 3771 et
1549 3727 1811 3789 eorum,
1862 3726 1989 3792 que
2038 3706 2254 3792 ipsum
2301 3713 2746 3790 concernunt,
2795 3705 3347 3793 quamplurimum
3394 3704 3789 3792 impedimur
3834 3709 3903 3768 et

835 3837 968 3880 non
1040 3835 1384 3901 possumus
1456 3814 1677 3879 omnia
1746 3814 1886 3877 sine
1960 3834 2197 3898 magno
2267 3812 2680 3877 incommodo
2745 3814 3179 3901 personaliter
3240 3832 3586 3894 exercere,
3652 3831 3773 3877 nos
3820 3810 3902 3875 de

839 3923 1115 3988 licencia
1160 3920 1407 3986 domini
1455 3920 1660 3984 nostri
1709 3941 1879 4006 pape
1928 3920 2116 3984 nobis
2164 3919 2247 3984 ad
2294 3919 2709 4006 infrascripta
2752 3918 3127 3985 faciendum
3175 3919 3548 4007 specialiter
3593 3938 3902 3984 concessa

836 4029 1011 4094 dicto
1068 4028 1331 4093 domino
1381 4026 1664 4092 Folkero
1714 4047 1829 4111 pro
1876 4025 2254 4111 hujusmodi
2302 4027 2513 4091 officio
2562 4026 2921 4113 pontificali
2970 4033 3040 4093 et
3082 4029 3299 4113 ipsum
3347 4025 3894 4092 concernentibus

837 4136 980 4200 aliis
1045 4135 1355 4200 oneribus
1415 4134 1486 4197 in
1531 4132 2055 4219 pontificalibus,
2105 4154 2234 4218 que
2283 4133 2624 4199 commode
2673 4155 2805 4199 non
2853 4155 3202 4222 possumus
3250 4154 3595 4216 exercere,
3643 4132 3899 4197 facilius

837 4250 905 4308 et
967 4241 1371 4307 commodius
1433 4240 1517 4304 ad
1582 4240 1939 4304 utilitatem
2005 4239 2416 4304 subditorum
2481 4241 2761 4328 propriis
2822 4241 3159 4307 laboribus
3223 4248 3292 4308 et
3337 4241 3648 4329 expensis
3694 4239 3900 4325 ipsius

840 4349 1086 4413 domini
1132 4347 1398 4412 Folkeri
1445 4346 1827 4433 supplendis
1875 4352 1944 4411 et
1990 4347 2455 4432 supportandis
2504 4353 2834 4413 trecentos
2880 4350 3165 4414 florenos
3205 4349 3348 4414 auri
3379 4347 3538 4414 boni
3568 4353 3638 4412 et
3667 4344 3900 4432 legalis

834 4455 1145 4542 ponderis
1192 4452 1548 4517 tradendos
1596 4459 1664 4516 et
1697 4451 2046 4517 solvendos
2079 4452 2356 4538 singulis
2388 4455 2578 4518 annis
2607 4454 2680 4518 in
2710 4454 2897 4519 festis
2929 4454 3275 4520 beatorum
3307 4454 3578 4520 Martini
3608 4451 3898 4540 episcopi

834 4570 903 4626 et
964 4561 1151 4626 Petri
1214 4560 1296 4625 ad
1359 4558 1756 4623 Cathedram
1820 4558 2075 4624 divisim
2137 4567 2207 4624 et
2270 4561 2592 4647 equaliter
2651 4582 2833 4627 more
2895 4582 3212 4627 censuum
3268 4582 3640 4627 annuorum
3685 4558 3900 4625 eidem

834 4668 1099 4732 domino
1146 4666 1427 4731 Folkero
1478 4663 1559 4729 ad
1608 4665 1809 4729 vitam
1858 4686 2078 4749 suam,
2127 4686 2248 4752 per
2294 4687 2414 4731 nos
2459 4673 2529 4732 et
2576 4667 2739 4733 alios
2771 4689 3180 4734 successores
3213 4675 3503 4752 nostros,
3551 4667 3893 4754 episcopos

835 4776 1323 4858 Trajectenses,
1388 4791 1507 4857 pro
1570 4791 1791 4836 annua
1848 4773 2165 4857 pensione
2214 4773 2677 4861 deputavimus
2724 4781 2794 4839 et
2841 4775 3316 4861 assignavimus
3363 4780 3432 4840 et
3476 4772 3896 4862 presentibus

835 4883 1226 4968 deputamus
1275 4886 1344 4945 et
1389 4879 1795 4965 assignamus
1843 4901 1918 4944 ac
1948 4880 2163 4966 ipsum
2196 4880 2533 4946 dominum
2566 4881 2922 4948 Folkerum
2953 4889 3331 4968 presentem
3362 4888 3432 4948 et
3465 4882 3890 4967 recipientem

837 5007 955 5073 per
1003 4986 1183 5050 anuli
1230 4985 1381 5068 (sic)
1430 4985 1634 5048 nostri
1684 4985 2108 5050 tradicionem
2158 4985 2242 5050 de
2290 4985 2467 5051 dicta
2495 4988 2812 5073 pensione
2844 4987 3168 5054 dictorum
3200 4990 3596 5054 florenorum
3628 4986 3902 5073 singulis

834 5094 1058 5175 annis,
1124 5098 1199 5156 ut
1258 5092 1691 5177 premittitur,
1757 5091 2072 5156 solvenda
2134 5092 2591 5158 investivimus
2648 5101 2718 5159 et
2763 5096 3259 5181 presencialiter
3302 5095 3730 5178 investimus,
3777 5112 3898 5157 nos

834 5206 904 5265 et
949 5217 1356 5263 successores
1403 5202 1692 5278 nostros,
1743 5196 2083 5283 episcopos
2131 5198 2590 5282 Trajectenses
2637 5198 2926 5286 prefatos
2972 5220 3049 5266 ac
3095 5201 3305 5288 ipsam
3351 5200 3695 5265 ecclesiam
3737 5197 3896 5262 Tra·

828 5307 1197 5392 jectensem
1245 5309 1316 5368 et
1361 5302 1534 5367 bona
1572 5302 1776 5387 ipsius
1807 5322 1926 5388 pro
1961 5301 2288 5367 solutione
2322 5302 2647 5368 dictorum
2678 5305 3077 5371 florenorum
3110 5306 3284 5371 dicto
3318 5304 3583 5371 domino
3614 5303 3897 5369 Folkero

834 5419 903 5476 et
963 5411 1306 5496 presertim
1365 5427 1592 5472 omnes
1639 5412 1707 5472 et
1753 5407 2047 5492 singulos
2093 5408 2380 5492 fructus,
2428 5407 2727 5476 redditus
2773 5417 2844 5477 et
2891 5419 3285 5498 proventus,
3334 5410 3775 5478 obvenciones
3824 5415 3896 5476 et

824 5520 981 5604 jura
1026 5515 1109 5581 ad
1158 5534 1452 5580 mensam
1499 5521 1791 5579 nostram
1840 5514 2281 5601 episcopalem
2327 5515 2820 5601 TraJectensem
2867 5523 3244 5605 spectantes
3290 5524 3360 5583 et
3405 5516 3783 5605 spectancia
3825 5514 3897 5580 in

834 5621 1132 5708 partibus
1195 5618 1530 5686 Sallandie
1592 5620 1764 5685 infra
1828 5618 2141 5685 diocesim
2204 5627 2497 5687 nostram
2559 5622 2807 5690 situata
2865 5630 2936 5690 et
2978 5624 3050 5688 in
3096 5622 3595 5711 quibuscunque
3632 5619 3894 5708 juribus
