<?xml version="1.0" encoding="UTF-8"?>
<!DOCTYPE html PUBLIC "-//W3C//DTD XHTML 1.0 Transitional//EN"
    "http://www.w3.org/TR/xhtml1/DTD/xhtml1-transitional.dtd">
<html xmlns="http://www.w3.org/1999/xhtml" xml:lang="en" lang="en">
 <head>
  <title>
</title>
<meta http-equiv="Content-Type" content="text/html;charset=utf-8" />
  <meta name='ocr-system' content='tesseract 3.04.00' />
  <meta name='ocr-capabilities' content='ocr_page ocr_carea ocr_par ocr_line ocrx_word'/>
</head>
<body>
  <div class='ocr_page' id='page_1' title='image "./bullariumtrajec00nethgoog_0363.png"; bbox 0 0 4450 6684; ppageno 0'>
   <div class='ocr_carea' id='block_1_1' title="bbox 1817 517 3630 585">
    <p class='ocr_par' dir='ltr' id='par_1_1' title="bbox 1817 517 3630 585">
     <span class='ocr_line' id='line_1_1' title="bbox 1817 517 3630 585; baseline -0.002 0"><span class='ocrx_word' id='word_1_1' title='bbox 1817 518 2221 585; x_wconf 68' lang='lat' dir='ltr'>Gnaeonms</span> <span class='ocrx_word' id='word_1_2' title='bbox 2265 517 2387 583; x_wconf 88' lang='lat' dir='ltr'>XI.</span> <span class='ocrx_word' id='word_1_3' title='bbox 3504 517 3630 581; x_wconf 78' lang='lat'>261</span> 
     </span>
    </p>
   </div>
   <div class='ocr_carea' id='block_1_2' title="bbox 570 737 3657 3279">
    <p class='ocr_par' dir='ltr' id='par_1_2' title="bbox 570 737 3657 3279">
     <span class='ocr_line' id='line_1_2' title="bbox 573 737 3642 830; baseline -0.002 -21"><span class='ocrx_word' id='word_1_4' title='bbox 573 748 759 830; x_wconf 90' lang='lat' dir='ltr'>parte</span> <span class='ocrx_word' id='word_1_5' title='bbox 807 741 1202 808; x_wconf 89' lang='lat' dir='ltr'>venerabilis</span> <span class='ocrx_word' id='word_1_6' title='bbox 1252 739 1470 805; x_wconf 87' lang='lat' dir='ltr'>fratris</span> <span class='ocrx_word' id='word_1_7' title='bbox 1517 740 1725 804; x_wconf 87' lang='lat' dir='ltr'>nostri</span> <span class='ocrx_word' id='word_1_8' title='bbox 1769 738 2050 804; x_wconf 85' lang='lat' dir='ltr'>Arnoldi</span> <span class='ocrx_word' id='word_1_9' title='bbox 2083 739 2372 826; x_wconf 77' lang='lat' dir='ltr'>episcopi</span> <span class='ocrx_word' id='word_1_10' title='bbox 2403 739 2844 823; x_wconf 82' lang='lat' dir='ltr'>Trajectensis</span> <span class='ocrx_word' id='word_1_11' title='bbox 2876 739 3067 804; x_wconf 89' lang='lat' dir='ltr'>nobis</span> <span class='ocrx_word' id='word_1_12' title='bbox 3098 759 3312 824; x_wconf 82' lang='lat' dir='ltr'>nuper</span> <span class='ocrx_word' id='word_1_13' title='bbox 3343 737 3642 804; x_wconf 83' lang='lat' dir='ltr'>exhibita</span> 
     </span>
     <span class='ocr_line' id='line_1_3' title="bbox 575 844 3638 934; baseline -0.002 -20"><span class='ocrx_word' id='word_1_14' title='bbox 575 848 994 930; x_wconf 89' lang='lat' dir='ltr'>continebat,</span> <span class='ocrx_word' id='word_1_15' title='bbox 1058 846 1232 934; x_wconf 91' lang='lat' dir='ltr'>quod</span> <span class='ocrx_word' id='word_1_16' title='bbox 1299 845 1454 911; x_wconf 87' lang='lat' dir='ltr'>olim</span> <span class='ocrx_word' id='word_1_17' title='bbox 1515 845 1886 911; x_wconf 88' lang='lat' dir='ltr'>carissimus</span> <span class='ocrx_word' id='word_1_18' title='bbox 1944 846 2014 909; x_wconf 93' lang='lat' dir='ltr'>in</span> <span class='ocrx_word' id='word_1_19' title='bbox 2072 844 2333 909; x_wconf 82' lang='lat' dir='ltr'>Christo</span> <span class='ocrx_word' id='word_1_20' title='bbox 2380 844 2553 909; x_wconf 90' lang='lat' dir='ltr'>filius</span> <span class='ocrx_word' id='word_1_21' title='bbox 2601 849 2826 910; x_wconf 91' lang='lat' dir='ltr'>noster</span> <span class='ocrx_word' id='word_1_22' title='bbox 2872 844 3144 910; x_wconf 81' lang='lat' dir='ltr'>Carolus</span> <span class='ocrx_word' id='word_1_23' title='bbox 3191 846 3638 910; x_wconf 89' lang='lat' dir='ltr'>Romanorum</span> 
     </span>
     <span class='ocr_line' id='line_1_4' title="bbox 571 949 3637 1042; baseline -0.002 -21"><span class='ocrx_word' id='word_1_24' title='bbox 571 956 929 1042; x_wconf 89' lang='lat' dir='ltr'>imperator</span> <span class='ocrx_word' id='word_1_25' title='bbox 975 974 1233 1040; x_wconf 90' lang='lat' dir='ltr'>semper</span> <span class='ocrx_word' id='word_1_26' title='bbox 1279 957 1597 1039; x_wconf 84' lang='lat' dir='ltr'>augustus</span> <span class='ocrx_word' id='word_1_27' title='bbox 1644 949 2027 1034; x_wconf 88' lang='lat' dir='ltr'>attendens,</span> <span class='ocrx_word' id='word_1_28' title='bbox 2078 949 2254 1038; x_wconf 89' lang='lat' dir='ltr'>quod</span> <span class='ocrx_word' id='word_1_29' title='bbox 2300 951 2371 1015; x_wconf 94' lang='lat' dir='ltr'>in</span> <span class='ocrx_word' id='word_1_30' title='bbox 2418 951 2684 1017; x_wconf 90' lang='lat' dir='ltr'>civitate</span> <span class='ocrx_word' id='word_1_31' title='bbox 2717 958 2785 1016; x_wconf 92' lang='lat' dir='ltr'>et</span> <span class='ocrx_word' id='word_1_32' title='bbox 2820 951 3065 1016; x_wconf 80' lang='lat' dir='ltr'>diocesi</span> <span class='ocrx_word' id='word_1_33' title='bbox 3100 952 3637 1036; x_wconf 86' lang='lat' dir='ltr'>Trajectensibus</span> 
     </span>
     <span class='ocr_line' id='line_1_5' title="bbox 570 1057 3638 1148; baseline -0.002 -20"><span class='ocrx_word' id='word_1_34' title='bbox 570 1061 658 1128; x_wconf 80' lang='lat' dir='ltr'>ab</span> <span class='ocrx_word' id='word_1_35' title='bbox 707 1062 977 1148; x_wconf 90' lang='lat' dir='ltr'>antiquo</span> <span class='ocrx_word' id='word_1_36' title='bbox 1025 1060 1239 1126; x_wconf 87' lang='lat' dir='ltr'>fuerat</span> <span class='ocrx_word' id='word_1_37' title='bbox 1287 1060 1735 1140; x_wconf 86' lang='lat' dir='ltr'>observatum,</span> <span class='ocrx_word' id='word_1_38' title='bbox 1784 1058 1959 1144; x_wconf 88' lang='lat' dir='ltr'>quod</span> <span class='ocrx_word' id='word_1_39' title='bbox 2007 1058 2182 1122; x_wconf 89' lang='lat' dir='ltr'>cives</span> <span class='ocrx_word' id='word_1_40' title='bbox 2230 1058 2688 1143; x_wconf 82' lang='lat' dir='ltr'>Trajectenses</span> <span class='ocrx_word' id='word_1_41' title='bbox 2722 1063 2789 1121; x_wconf 89' lang='lat' dir='ltr'>et</span> <span class='ocrx_word' id='word_1_42' title='bbox 2823 1057 3047 1122; x_wconf 81' lang='lat' dir='ltr'><strong>vasalli</strong></span> <span class='ocrx_word' id='word_1_43' title='bbox 3081 1064 3150 1123; x_wconf 92' lang='lat' dir='ltr'>et</span> <span class='ocrx_word' id='word_1_44' title='bbox 3179 1058 3638 1125; x_wconf 78' lang='lat' dir='ltr'>ministeriales</span> 
     </span>
     <span class='ocr_line' id='line_1_6' title="bbox 578 1163 3639 1250; baseline -0.001 -16"><span class='ocrx_word' id='word_1_45' title='bbox 578 1168 757 1234; x_wconf 89' lang='lat' dir='ltr'>beati</span> <span class='ocrx_word' id='word_1_46' title='bbox 819 1167 1089 1233; x_wconf 87' lang='lat' dir='ltr'>Martini</span> <span class='ocrx_word' id='word_1_47' title='bbox 1153 1172 1223 1231; x_wconf 92' lang='lat' dir='ltr'>et</span> <span class='ocrx_word' id='word_1_48' title='bbox 1270 1165 1541 1231; x_wconf 81' lang='lat' dir='ltr'>ecclesie</span> <span class='ocrx_word' id='word_1_49' title='bbox 1589 1165 2032 1250; x_wconf 84' lang='lat' dir='ltr'>Trajectensis</span> <span class='ocrx_word' id='word_1_50' title='bbox 2079 1185 2278 1250; x_wconf 91' lang='lat' dir='ltr'>super</span> <span class='ocrx_word' id='word_1_51' title='bbox 2324 1165 2535 1229; x_wconf 90' lang='lat' dir='ltr'>causis</span> <span class='ocrx_word' id='word_1_52' title='bbox 2582 1163 2789 1229; x_wconf 89' lang='lat' dir='ltr'>debiti</span> <span class='ocrx_word' id='word_1_53' title='bbox 2835 1167 2940 1229; x_wconf 91' lang='lat' dir='ltr'>vel</span> <span class='ocrx_word' id='word_1_54' title='bbox 2987 1165 3130 1230; x_wconf 89' lang='lat' dir='ltr'>aliis</span> <span class='ocrx_word' id='word_1_55' title='bbox 3177 1166 3477 1232; x_wconf 89' lang='lat' dir='ltr'>civilibus</span> <span class='ocrx_word' id='word_1_56' title='bbox 3524 1175 3639 1233; x_wconf 88' lang='lat' dir='ltr'>aut</span> 
     </span>
     <span class='ocr_line' id='line_1_7' title="bbox 577 1270 3639 1359; baseline -0 -19"><span class='ocrx_word' id='word_1_57' title='bbox 577 1274 1023 1341; x_wconf 77' lang='lat' dir='ltr'>criminalibus</span> <span class='ocrx_word' id='word_1_58' title='bbox 1071 1272 1599 1359; x_wconf 84' lang='lat' dir='ltr'>quibuscunque,</span> <span class='ocrx_word' id='word_1_59' title='bbox 1649 1272 1855 1336; x_wconf 89' lang='lat' dir='ltr'>eciam</span> <span class='ocrx_word' id='word_1_60' title='bbox 1902 1270 2271 1334; x_wconf 81' lang='lat' dir='ltr'>homicidiis</span> <span class='ocrx_word' id='word_1_61' title='bbox 2320 1276 2388 1336; x_wconf 91' lang='lat' dir='ltr'>et</span> <span class='ocrx_word' id='word_1_62' title='bbox 2419 1271 2655 1336; x_wconf 87' lang='lat' dir='ltr'>ceteris</span> <span class='ocrx_word' id='word_1_63' title='bbox 2688 1270 2976 1354; x_wconf 90' lang='lat' dir='ltr'>delictis,</span> <span class='ocrx_word' id='word_1_64' title='bbox 3026 1271 3108 1337; x_wconf 93' lang='lat' dir='ltr'>de</span> <span class='ocrx_word' id='word_1_65' title='bbox 3152 1273 3388 1359; x_wconf 92' lang='lat' dir='ltr'>quibus</span> <span class='ocrx_word' id='word_1_66' title='bbox 3422 1294 3639 1339; x_wconf 88' lang='lat' dir='ltr'>coram</span> 
     </span>
     <span class='ocr_line' id='line_1_8' title="bbox 577 1377 3639 1469; baseline -0.001 -21"><span class='ocrx_word' id='word_1_67' title='bbox 577 1382 885 1469; x_wconf 89' lang='lat' dir='ltr'>episcopo</span> <span class='ocrx_word' id='word_1_68' title='bbox 936 1400 1052 1445; x_wconf 91' lang='lat' dir='ltr'>seu</span> <span class='ocrx_word' id='word_1_69' title='bbox 1100 1380 1244 1464; x_wconf 91' lang='lat' dir='ltr'>ejus</span> <span class='ocrx_word' id='word_1_70' title='bbox 1294 1378 1618 1443; x_wconf 89' lang='lat' dir='ltr'>officiariis</span> <span class='ocrx_word' id='word_1_71' title='bbox 1668 1378 1773 1442; x_wconf 93' lang='lat' dir='ltr'>vel</span> <span class='ocrx_word' id='word_1_72' title='bbox 1819 1377 2274 1442; x_wconf 87' lang='lat' dir='ltr'>commissariis</span> <span class='ocrx_word' id='word_1_73' title='bbox 2316 1378 2897 1461; x_wconf 78' lang='lat' dir='ltr'>conveniebantur,</span> <span class='ocrx_word' id='word_1_74' title='bbox 2948 1379 3153 1445; x_wconf 89' lang='lat' dir='ltr'>eciam</span> <span class='ocrx_word' id='word_1_75' title='bbox 3185 1380 3240 1445; x_wconf 93' lang='lat' dir='ltr'>si</span> <span class='ocrx_word' id='word_1_76' title='bbox 3272 1402 3390 1468; x_wconf 90' lang='lat' dir='ltr'>per</span> <span class='ocrx_word' id='word_1_77' title='bbox 3417 1382 3639 1469; x_wconf 93' lang='lat' dir='ltr'>plures</span> 
     </span>
     <span class='ocr_line' id='line_1_9' title="bbox 576 1482 3642 1573; baseline 0 -21"><span class='ocrx_word' id='word_1_78' title='bbox 576 1493 778 1552; x_wconf 88' lang='lat' dir='ltr'>testes</span> <span class='ocrx_word' id='word_1_79' title='bbox 826 1485 1281 1572; x_wconf 88' lang='lat' dir='ltr'>impeticiones</span> <span class='ocrx_word' id='word_1_80' title='bbox 1327 1482 1703 1569; x_wconf 87' lang='lat' dir='ltr'>hujusmodi</span> <span class='ocrx_word' id='word_1_81' title='bbox 1749 1483 2149 1548; x_wconf 90' lang='lat' dir='ltr'>sufficienter</span> <span class='ocrx_word' id='word_1_82' title='bbox 2195 1489 2465 1570; x_wconf 87' lang='lat' dir='ltr'>possent</span> <span class='ocrx_word' id='word_1_83' title='bbox 2510 1484 2773 1571; x_wconf 86' lang='lat' dir='ltr'>probari</span> <span class='ocrx_word' id='word_1_84' title='bbox 2820 1486 2926 1550; x_wconf 92' lang='lat' dir='ltr'>vel</span> <span class='ocrx_word' id='word_1_85' title='bbox 2964 1507 3351 1573; x_wconf 90' lang='lat' dir='ltr'>quacunque</span> <span class='ocrx_word' id='word_1_86' title='bbox 3385 1488 3642 1555; x_wconf 89' lang='lat' dir='ltr'>notoria</span> 
     </span>
     <span class='ocr_line' id='line_1_10' title="bbox 570 1589 3639 1678; baseline 0.001 -22"><span class='ocrx_word' id='word_1_87' title='bbox 570 1597 641 1657; x_wconf 87' lang='lat' dir='ltr'>et</span> <span class='ocrx_word' id='word_1_88' title='bbox 686 1591 950 1677; x_wconf 90' lang='lat' dir='ltr'>publica</span> <span class='ocrx_word' id='word_1_89' title='bbox 995 1612 1113 1656; x_wconf 95' lang='lat' dir='ltr'>seu</span> <span class='ocrx_word' id='word_1_90' title='bbox 1162 1590 1510 1655; x_wconf 87' lang='lat' dir='ltr'>manifesta</span> <span class='ocrx_word' id='word_1_91' title='bbox 1555 1589 1953 1671; x_wconf 81' lang='lat' dir='ltr'>existerent,</span> <span class='ocrx_word' id='word_1_92' title='bbox 2002 1595 2274 1675; x_wconf 78' lang='lat' dir='ltr'>possent</span> <span class='ocrx_word' id='word_1_93' title='bbox 2320 1610 2389 1655; x_wconf 92' lang='lat' dir='ltr'>se</span> <span class='ocrx_word' id='word_1_94' title='bbox 2433 1611 2553 1676; x_wconf 91' lang='lat' dir='ltr'>per</span> <span class='ocrx_word' id='word_1_95' title='bbox 2589 1592 2798 1654; x_wconf 91' lang='lat' dir='ltr'>solum</span> <span class='ocrx_word' id='word_1_96' title='bbox 2838 1611 3066 1656; x_wconf 89' lang='lat' dir='ltr'>eorum</span> <span class='ocrx_word' id='word_1_97' title='bbox 3097 1593 3430 1678; x_wconf 90' lang='lat' dir='ltr'>proprium</span> <span class='ocrx_word' id='word_1_98' title='bbox 3460 1594 3639 1678; x_wconf 85' lang='lat' dir='ltr'>jura-</span> 
     </span>
     <span class='ocr_line' id='line_1_11' title="bbox 573 1694 3641 1784; baseline 0.001 -22"><span class='ocrx_word' id='word_1_99' title='bbox 573 1705 869 1763; x_wconf 88' lang='lat' dir='ltr'>mentum</span> <span class='ocrx_word' id='word_1_100' title='bbox 934 1717 1337 1784; x_wconf 82' lang='lat' dir='ltr'>expurgare,</span> <span class='ocrx_word' id='word_1_101' title='bbox 1403 1701 1471 1759; x_wconf 90' lang='lat' dir='ltr'>et</span> <span class='ocrx_word' id='word_1_102' title='bbox 1533 1716 1651 1782; x_wconf 92' lang='lat' dir='ltr'>per</span> <span class='ocrx_word' id='word_1_103' title='bbox 1711 1694 1834 1759; x_wconf 87' lang='lat' dir='ltr'>hec</span> <span class='ocrx_word' id='word_1_104' title='bbox 1895 1694 2162 1759; x_wconf 89' lang='lat' dir='ltr'>daretur</span> <span class='ocrx_word' id='word_1_105' title='bbox 2224 1696 2446 1759; x_wconf 91' lang='lat' dir='ltr'>multis</span> <span class='ocrx_word' id='word_1_106' title='bbox 2511 1697 2784 1762; x_wconf 88' lang='lat' dir='ltr'>materia</span> <span class='ocrx_word' id='word_1_107' title='bbox 2836 1696 3176 1783; x_wconf 80' lang='lat' dir='ltr'>deJerandi</span> <span class='ocrx_word' id='word_1_108' title='bbox 3222 1720 3297 1764; x_wconf 89' lang='lat' dir='ltr'>ac</span> <span class='ocrx_word' id='word_1_109' title='bbox 3346 1702 3564 1765; x_wconf 88' lang='lat' dir='ltr'>omnia</span> <span class='ocrx_word' id='word_1_110' title='bbox 3586 1702 3641 1784; x_wconf 75' lang='lat'>²)</span> 
     </span>
     <span class='ocr_line' id='line_1_12' title="bbox 574 1800 3633 1892; baseline 0.002 -26"><span class='ocrx_word' id='word_1_111' title='bbox 574 1810 994 1868; x_wconf 87' lang='lat' dir='ltr'>remanerent</span> <span class='ocrx_word' id='word_1_112' title='bbox 1039 1804 1406 1868; x_wconf 89' lang='lat' dir='ltr'>incorrecta</span> <span class='ocrx_word' id='word_1_113' title='bbox 1451 1823 1526 1865; x_wconf 89' lang='lat' dir='ltr'>ac</span> <span class='ocrx_word' id='word_1_114' title='bbox 1574 1800 1814 1866; x_wconf 87' lang='lat' dir='ltr'>delicta</span> <span class='ocrx_word' id='word_1_115' title='bbox 1847 1807 1914 1867; x_wconf 92' lang='lat' dir='ltr'>et</span> <span class='ocrx_word' id='word_1_116' title='bbox 1945 1801 2295 1865; x_wconf 87' lang='lat' dir='ltr'>homicidia</span> <span class='ocrx_word' id='word_1_117' title='bbox 2329 1803 2668 1867; x_wconf 88' lang='lat' dir='ltr'>occasione</span> <span class='ocrx_word' id='word_1_118' title='bbox 2699 1803 3075 1888; x_wconf 90' lang='lat' dir='ltr'>hujusmodi</span> <span class='ocrx_word' id='word_1_119' title='bbox 3107 1805 3358 1870; x_wconf 86' lang='lat' dir='ltr'>facilius</span> <span class='ocrx_word' id='word_1_120' title='bbox 3390 1807 3633 1892; x_wconf 88' lang='lat' dir='ltr'>pluries</span> 
     </span>
     <span class='ocr_line' id='line_1_13' title="bbox 576 1909 3630 1996; baseline 0.002 -21"><span class='ocrx_word' id='word_1_121' title='bbox 576 1916 1113 1996; x_wconf 84' lang='lat' dir='ltr'>perpetrarentur</span> <span class='ocrx_word' id='word_1_122' title='bbox 1172 1910 1242 1974; x_wconf 89' lang='lat' dir='ltr'>in</span> <span class='ocrx_word' id='word_1_123' title='bbox 1301 1909 1521 1974; x_wconf 85' lang='lat' dir='ltr'>divine</span> <span class='ocrx_word' id='word_1_124' title='bbox 1569 1909 1930 1993; x_wconf 88' lang='lat' dir='ltr'>majestatis</span> <span class='ocrx_word' id='word_1_125' title='bbox 1979 1909 2292 1974; x_wconf 87' lang='lat' dir='ltr'>offensam</span> <span class='ocrx_word' id='word_1_126' title='bbox 2339 1930 2413 1974; x_wconf 89' lang='lat' dir='ltr'>ac</span> <span class='ocrx_word' id='word_1_127' title='bbox 2460 1930 2656 1993; x_wconf 82' lang='lat' dir='ltr'>grave</span> <span class='ocrx_word' id='word_1_128' title='bbox 2703 1909 3062 1995; x_wconf 89' lang='lat' dir='ltr'>periculum</span> <span class='ocrx_word' id='word_1_129' title='bbox 3111 1913 3507 1995; x_wconf 88' lang='lat' dir='ltr'>animarum,</span> <span class='ocrx_word' id='word_1_130' title='bbox 3555 1937 3630 1980; x_wconf 89' lang='lat' dir='ltr'>ac</span> 
     </span>
     <span class='ocr_line' id='line_1_14' title="bbox 579 2014 3636 2102; baseline 0.002 -23"><span class='ocrx_word' id='word_1_131' title='bbox 579 2016 849 2102; x_wconf 89' lang='lat' dir='ltr'>cupiens</span> <span class='ocrx_word' id='word_1_132' title='bbox 910 2014 1288 2102; x_wconf 87' lang='lat' dir='ltr'>hujusmodi</span> <span class='ocrx_word' id='word_1_133' title='bbox 1350 2014 1935 2081; x_wconf 88' lang='lat' dir='ltr'>consuetudinibus</span> <span class='ocrx_word' id='word_1_134' title='bbox 1997 2016 2341 2101; x_wconf 87' lang='lat' dir='ltr'>causisque</span> <span class='ocrx_word' id='word_1_135' title='bbox 2401 2016 2642 2102; x_wconf 88' lang='lat' dir='ltr'>iniquis</span> <span class='ocrx_word' id='word_1_136' title='bbox 2708 2017 3007 2100; x_wconf 88' lang='lat' dir='ltr'>obviare,</span> <span class='ocrx_word' id='word_1_137' title='bbox 3071 2040 3155 2085; x_wconf 93' lang='lat' dir='ltr'>ne</span> <span class='ocrx_word' id='word_1_138' title='bbox 3207 2020 3505 2087; x_wconf 87' lang='lat' dir='ltr'>homines</span> <span class='ocrx_word' id='word_1_139' title='bbox 3554 2021 3636 2086; x_wconf 91' lang='lat' dir='ltr'>ad</span> 
     </span>
     <span class='ocr_line' id='line_1_15' title="bbox 576 2120 3629 2215; baseline 0.003 -30"><span class='ocrx_word' id='word_1_140' title='bbox 576 2123 1141 2208; x_wconf 89' lang='lat' dir='ltr'>perpetracionem</span> <span class='ocrx_word' id='word_1_141' title='bbox 1203 2120 1589 2187; x_wconf 83' lang='lat' dir='ltr'>delictorum</span> <span class='ocrx_word' id='word_1_142' title='bbox 1652 2121 2092 2208; x_wconf 89' lang='lat' dir='ltr'>quorumlibet</span> <span class='ocrx_word' id='word_1_143' title='bbox 2155 2121 2273 2185; x_wconf 90' lang='lat' dir='ltr'>tali</span> <span class='ocrx_word' id='word_1_144' title='bbox 2330 2122 2669 2187; x_wconf 87' lang='lat' dir='ltr'>occasione</span> <span class='ocrx_word' id='word_1_145' title='bbox 2722 2128 3032 2209; x_wconf 88' lang='lat' dir='ltr'>pretensa</span> <span class='ocrx_word' id='word_1_146' title='bbox 3075 2126 3285 2192; x_wconf 89' lang='lat' dir='ltr'>levius</span> <span class='ocrx_word' id='word_1_147' title='bbox 3332 2129 3629 2215; x_wconf 90' lang='lat' dir='ltr'>prolabe-</span> 
     </span>
     <span class='ocr_line' id='line_1_16' title="bbox 580 2228 3631 2315; baseline 0.004 -23"><span class='ocrx_word' id='word_1_148' title='bbox 580 2236 842 2311; x_wconf 91' lang='lat' dir='ltr'>rentur,</span> <span class='ocrx_word' id='word_1_149' title='bbox 893 2230 1108 2294; x_wconf 91' lang='lat' dir='ltr'>animo</span> <span class='ocrx_word' id='word_1_150' title='bbox 1156 2228 1516 2294; x_wconf 89' lang='lat' dir='ltr'>deliberato</span> <span class='ocrx_word' id='word_1_151' title='bbox 1564 2249 1640 2292; x_wconf 94' lang='lat' dir='ltr'>ac</span> <span class='ocrx_word' id='word_1_152' title='bbox 1687 2248 1879 2310; x_wconf 91' lang='lat' dir='ltr'>sano,</span> <span class='ocrx_word' id='word_1_153' title='bbox 1928 2229 2331 2315; x_wconf 88' lang='lat' dir='ltr'>principum,</span> <span class='ocrx_word' id='word_1_154' title='bbox 2380 2230 2691 2294; x_wconf 88' lang='lat' dir='ltr'>comitum</span> <span class='ocrx_word' id='word_1_155' title='bbox 2738 2238 2806 2295; x_wconf 91' lang='lat' dir='ltr'>et</span> <span class='ocrx_word' id='word_1_156' title='bbox 2850 2233 3170 2298; x_wconf 89' lang='lat' dir='ltr'>baronum</span> <span class='ocrx_word' id='word_1_157' title='bbox 3217 2242 3285 2300; x_wconf 95' lang='lat' dir='ltr'>et</span> <span class='ocrx_word' id='word_1_158' title='bbox 3314 2237 3631 2303; x_wconf 88' lang='lat' dir='ltr'>nobilium</span> 
     </span>
     <span class='ocr_line' id='line_1_17' title="bbox 576 2334 3633 2430; baseline 0.004 -31"><span class='ocrx_word' id='word_1_159' title='bbox 576 2355 847 2400; x_wconf 89' lang='lat' dir='ltr'>suorum</span> <span class='ocrx_word' id='word_1_160' title='bbox 907 2342 974 2401; x_wconf 89' lang='lat' dir='ltr'>et</span> <span class='ocrx_word' id='word_1_161' title='bbox 1020 2334 1304 2401; x_wconf 85' lang='lat' dir='ltr'>Romani</span> <span class='ocrx_word' id='word_1_162' title='bbox 1349 2336 1606 2422; x_wconf 90' lang='lat' dir='ltr'>imperii</span> <span class='ocrx_word' id='word_1_163' title='bbox 1652 2335 1943 2400; x_wconf 87' lang='lat' dir='ltr'>fidelium</span> <span class='ocrx_word' id='word_1_164' title='bbox 1992 2335 2347 2401; x_wconf 84' lang='lat' dir='ltr'>accedente</span> <span class='ocrx_word' id='word_1_165' title='bbox 2393 2337 2700 2419; x_wconf 89' lang='lat' dir='ltr'>consilio,</span> <span class='ocrx_word' id='word_1_166' title='bbox 2758 2337 2840 2403; x_wconf 91' lang='lat' dir='ltr'>de</span> <span class='ocrx_word' id='word_1_167' title='bbox 2886 2340 3241 2427; x_wconf 89' lang='lat' dir='ltr'>imperialis</span> <span class='ocrx_word' id='word_1_168' title='bbox 3288 2345 3633 2430; x_wconf 89' lang='lat' dir='ltr'>potestatis</span> 
     </span>
     <span class='ocr_line' id='line_1_18' title="bbox 582 2440 3640 2528; baseline 0.004 -23"><span class='ocrx_word' id='word_1_169' title='bbox 582 2441 994 2528; x_wconf 90' lang='lat' dir='ltr'>plenitudine</span> <span class='ocrx_word' id='word_1_170' title='bbox 1057 2463 1144 2508; x_wconf 83' lang='lat' dir='ltr'>ex</span> <span class='ocrx_word' id='word_1_171' title='bbox 1191 2463 1312 2507; x_wconf 90' lang='lat' dir='ltr'>sua</span> <span class='ocrx_word' id='word_1_172' title='bbox 1357 2447 1537 2507; x_wconf 88' lang='lat' dir='ltr'>certa</span> <span class='ocrx_word' id='word_1_173' title='bbox 1583 2442 1858 2507; x_wconf 88' lang='lat' dir='ltr'>scientia</span> <span class='ocrx_word' id='word_1_174' title='bbox 1904 2440 2196 2507; x_wconf 89' lang='lat' dir='ltr'>decrevit</span> <span class='ocrx_word' id='word_1_175' title='bbox 2248 2448 2315 2507; x_wconf 89' lang='lat' dir='ltr'>et</span> <span class='ocrx_word' id='word_1_176' title='bbox 2363 2442 2753 2528; x_wconf 84' lang='lat' dir='ltr'>declaravit,</span> <span class='ocrx_word' id='word_1_177' title='bbox 2812 2444 3052 2512; x_wconf 88' lang='lat' dir='ltr'>dictam</span> <span class='ocrx_word' id='word_1_178' title='bbox 3101 2452 3640 2519; x_wconf 88' lang='lat' dir='ltr'>consuetudinem</span> 
     </span>
     <span class='ocr_line' id='line_1_19' title="bbox 595 2549 3649 2641; baseline 0.004 -28"><span class='ocrx_word' id='word_1_179' title='bbox 595 2556 929 2635; x_wconf 88' lang='lat' dir='ltr'>tamquam</span> <span class='ocrx_word' id='word_1_180' title='bbox 966 2550 1103 2635; x_wconf 89' lang='lat' dir='ltr'>juri</span> <span class='ocrx_word' id='word_1_181' title='bbox 1151 2550 1477 2614; x_wconf 91' lang='lat' dir='ltr'>communi</span> <span class='ocrx_word' id='word_1_182' title='bbox 1524 2549 1913 2614; x_wconf 89' lang='lat' dir='ltr'>contrariam</span> <span class='ocrx_word' id='word_1_183' title='bbox 1960 2569 2093 2613; x_wconf 93' lang='lat' dir='ltr'>non</span> <span class='ocrx_word' id='word_1_184' title='bbox 2140 2550 2381 2615; x_wconf 85' lang='lat' dir='ltr'>valere.</span> <span class='ocrx_word' id='word_1_185' title='bbox 2461 2550 2678 2625; x_wconf 84' lang='lat' dir='ltr'>Quare</span> <span class='ocrx_word' id='word_1_186' title='bbox 2724 2573 2842 2638; x_wconf 92' lang='lat' dir='ltr'>pro</span> <span class='ocrx_word' id='word_1_187' title='bbox 2888 2561 3075 2639; x_wconf 89' lang='lat' dir='ltr'>parte</span> <span class='ocrx_word' id='word_1_188' title='bbox 3120 2556 3324 2641; x_wconf 90' lang='lat' dir='ltr'>ipsius</span> <span class='ocrx_word' id='word_1_189' title='bbox 3369 2558 3649 2626; x_wconf 86' lang='lat' dir='ltr'>Arnoldi</span> 
     </span>
     <span class='ocr_line' id='line_1_20' title="bbox 594 2655 3652 2751; baseline 0.004 -31"><span class='ocrx_word' id='word_1_190' title='bbox 594 2656 882 2743; x_wconf 91' lang='lat' dir='ltr'>episcopi</span> <span class='ocrx_word' id='word_1_191' title='bbox 930 2657 1119 2722; x_wconf 87' lang='lat' dir='ltr'>nobis</span> <span class='ocrx_word' id='word_1_192' title='bbox 1165 2657 1290 2721; x_wconf 79' lang='lat' dir='ltr'>fuit</span> <span class='ocrx_word' id='word_1_193' title='bbox 1336 2656 1671 2721; x_wconf 89' lang='lat' dir='ltr'>humiliter</span> <span class='ocrx_word' id='word_1_194' title='bbox 1717 2655 2186 2741; x_wconf 89' lang='lat' dir='ltr'>supplicatum,</span> <span class='ocrx_word' id='word_1_195' title='bbox 2245 2663 2325 2721; x_wconf 91' lang='lat' dir='ltr'>ut</span> <span class='ocrx_word' id='word_1_196' title='bbox 2372 2655 2637 2723; x_wconf 89' lang='lat' dir='ltr'>decreto</span> <span class='ocrx_word' id='word_1_197' title='bbox 2686 2665 2754 2724; x_wconf 94' lang='lat' dir='ltr'>et</span> <span class='ocrx_word' id='word_1_198' title='bbox 2799 2660 3231 2728; x_wconf 90' lang='lat' dir='ltr'>declaracioni</span> <span class='ocrx_word' id='word_1_199' title='bbox 3277 2665 3652 2751; x_wconf 87' lang='lat' dir='ltr'>hujusmodi</span> 
     </span>
     <span class='ocr_line' id='line_1_21' title="bbox 590 2760 3651 2849; baseline 0.004 -23"><span class='ocrx_word' id='word_1_200' title='bbox 590 2781 709 2847; x_wconf 88' lang='lat' dir='ltr'>per</span> <span class='ocrx_word' id='word_1_201' title='bbox 780 2760 1028 2826; x_wconf 91' lang='lat' dir='ltr'>dictum</span> <span class='ocrx_word' id='word_1_202' title='bbox 1100 2762 1406 2828; x_wconf 83' lang='lat' dir='ltr'>Carolum</span> <span class='ocrx_word' id='word_1_203' title='bbox 1474 2762 1934 2847; x_wconf 85' lang='lat' dir='ltr'>imperatorem</span> <span class='ocrx_word' id='word_1_204' title='bbox 1954 2811 1971 2843; x_wconf 94' lang='lat'>,</span> <span class='ocrx_word' id='word_1_205' title='bbox 2045 2767 2120 2826; x_wconf 88' lang='lat' dir='ltr'>ut</span> <span class='ocrx_word' id='word_1_206' title='bbox 2189 2763 2515 2849; x_wconf 85' lang='lat' dir='ltr'>prefertur</span> <span class='ocrx_word' id='word_1_207' title='bbox 2534 2812 2551 2847; x_wconf 99' lang='lat'>,</span> <span class='ocrx_word' id='word_1_208' title='bbox 2621 2764 2810 2830; x_wconf 84' lang='lat' dir='ltr'>factis</span> <span class='ocrx_word' id='word_1_209' title='bbox 2870 2767 3071 2833; x_wconf 90' lang='lat' dir='ltr'>robur</span> <span class='ocrx_word' id='word_1_210' title='bbox 3133 2769 3651 2838; x_wconf 87' lang='lat' dir='ltr'>confirmacionis</span> 
     </span>
     <span class='ocr_line' id='line_1_22' title="bbox 588 2866 3657 2966; baseline 0.004 -34"><span class='ocrx_word' id='word_1_211' title='bbox 588 2866 847 2933; x_wconf 84' lang='lat' dir='ltr'>adicere</span> <span class='ocrx_word' id='word_1_212' title='bbox 908 2867 991 2934; x_wconf 90' lang='lat' dir='ltr'>de</span> <span class='ocrx_word' id='word_1_213' title='bbox 1058 2868 1465 2953; x_wconf 83' lang='lat' dir='ltr'>benignitate</span> <span class='ocrx_word' id='word_1_214' title='bbox 1529 2868 1888 2954; x_wconf 87' lang='lat' dir='ltr'>apostolica</span> <span class='ocrx_word' id='word_1_215' title='bbox 1950 2868 2390 2955; x_wconf 84' lang='lat' dir='ltr'>dignaremur.</span> <span class='ocrx_word' id='word_1_216' title='bbox 2483 2872 2622 2937; x_wconf 83' lang='lat' dir='ltr'>Nos</span> <span class='ocrx_word' id='word_1_217' title='bbox 2685 2873 2925 2958; x_wconf 84' lang='lat' dir='ltr'>igitur,</span> <span class='ocrx_word' id='word_1_218' title='bbox 2988 2874 3364 2960; x_wconf 77' lang='lat' dir='ltr'>huJusmodi</span> <span class='ocrx_word' id='word_1_219' title='bbox 3414 2879 3657 2966; x_wconf 89' lang='lat' dir='ltr'>suppli·</span> 
     </span>
     <span class='ocr_line' id='line_1_23' title="bbox 597 2973 3654 3073; baseline 0.004 -35"><span class='ocrx_word' id='word_1_220' title='bbox 597 2974 972 3040; x_wconf 86' lang='lat' dir='ltr'>cacionibus</span> <span class='ocrx_word' id='word_1_221' title='bbox 1033 2975 1370 3058; x_wconf 90' lang='lat' dir='ltr'>inclinati,</span> <span class='ocrx_word' id='word_1_222' title='bbox 1431 2974 1768 3040; x_wconf 88' lang='lat' dir='ltr'>decretum</span> <span class='ocrx_word' id='word_1_223' title='bbox 1830 2995 1907 3040; x_wconf 89' lang='lat' dir='ltr'>ac</span> <span class='ocrx_word' id='word_1_224' title='bbox 1968 2973 2484 3042; x_wconf 90' lang='lat' dir='ltr'>declaracionem</span> <span class='ocrx_word' id='word_1_225' title='bbox 2545 2977 2841 3065; x_wconf 88' lang='lat' dir='ltr'>predicta</span> <span class='ocrx_word' id='word_1_226' title='bbox 2901 2986 3044 3046; x_wconf 87' lang='lat' dir='ltr'>rata</span> <span class='ocrx_word' id='word_1_227' title='bbox 3088 2981 3410 3050; x_wconf 87' lang='lat' dir='ltr'>habentes</span> <span class='ocrx_word' id='word_1_228' title='bbox 3456 2992 3654 3073; x_wconf 90' lang='lat' dir='ltr'>atque</span> 
     </span>
     <span class='ocr_line' id='line_1_24' title="bbox 590 3081 3656 3172; baseline 0.005 -28"><span class='ocrx_word' id='word_1_229' title='bbox 590 3086 807 3165; x_wconf 81' lang='lat' dir='ltr'>grata,</span> <span class='ocrx_word' id='word_1_230' title='bbox 855 3081 971 3145; x_wconf 90' lang='lat' dir='ltr'>illa</span> <span class='ocrx_word' id='word_1_231' title='bbox 1016 3102 1101 3145; x_wconf 83' lang='lat' dir='ltr'>ex</span> <span class='ocrx_word' id='word_1_232' title='bbox 1149 3086 1329 3146; x_wconf 87' lang='lat' dir='ltr'>certa</span> <span class='ocrx_word' id='word_1_233' title='bbox 1374 3082 1648 3146; x_wconf 89' lang='lat' dir='ltr'>scientia</span> <span class='ocrx_word' id='word_1_234' title='bbox 1680 3081 2071 3146; x_wconf 90' lang='lat' dir='ltr'>auctoritate</span> <span class='ocrx_word' id='word_1_235' title='bbox 2103 3083 2463 3168; x_wconf 89' lang='lat' dir='ltr'>apostolica</span> <span class='ocrx_word' id='word_1_236' title='bbox 2493 3091 2722 3150; x_wconf 93' lang='lat' dir='ltr'>tenore</span> <span class='ocrx_word' id='word_1_237' title='bbox 2753 3088 3166 3172; x_wconf 89' lang='lat' dir='ltr'>presencium</span> <span class='ocrx_word' id='word_1_238' title='bbox 3198 3090 3656 3157; x_wconf 89' lang='lat' dir='ltr'>confirmamus</span> 
     </span>
     <span class='ocr_line' id='line_1_25' title="bbox 598 3188 3657 3279; baseline 0.005 -28"><span class='ocrx_word' id='word_1_239' title='bbox 598 3193 666 3251; x_wconf 89' lang='lat' dir='ltr'>et</span> <span class='ocrx_word' id='word_1_240' title='bbox 712 3188 1035 3274; x_wconf 91' lang='lat' dir='ltr'>presentis</span> <span class='ocrx_word' id='word_1_241' title='bbox 1083 3188 1307 3274; x_wconf 90' lang='lat' dir='ltr'>scripti</span> <span class='ocrx_word' id='word_1_242' title='bbox 1355 3188 1717 3275; x_wconf 89' lang='lat' dir='ltr'>patrocinio</span> <span class='ocrx_word' id='word_1_243' title='bbox 1767 3189 2262 3255; x_wconf 89' lang='lat' dir='ltr'>communimus.</span> <span class='ocrx_word' id='word_1_244' title='bbox 2316 3191 2500 3256; x_wconf 83' lang='lat' dir='ltr'>Nulli</span> <span class='ocrx_word' id='word_1_245' title='bbox 2549 3212 2704 3279; x_wconf 84' lang='lat' dir='ltr'>ergo</span> <span class='ocrx_word' id='word_1_246' title='bbox 2738 3201 2850 3258; x_wconf 78' lang='lat' dir='ltr'>etc.</span> <span class='ocrx_word' id='word_1_247' title='bbox 2883 3200 3108 3262; x_wconf 89' lang='lat' dir='ltr'>nostre</span> <span class='ocrx_word' id='word_1_248' title='bbox 3139 3197 3657 3265; x_wconf 88' lang='lat' dir='ltr'>confirmacionis</span> 
     </span>
    </p>
   </div>
   <div class='ocr_carea' id='block_1_3' title="bbox 592 3294 3659 3488">
    <p class='ocr_par' dir='ltr' id='par_1_3' title="bbox 592 3294 3659 3488">
     <span class='ocr_line' id='line_1_26' title="bbox 598 3294 3659 3392; baseline 0.005 -34"><span class='ocrx_word' id='word_1_249' title='bbox 598 3300 666 3359; x_wconf 85' lang='lat' dir='ltr'>et</span> <span class='ocrx_word' id='word_1_250' title='bbox 712 3294 1248 3359; x_wconf 91' lang='lat' dir='ltr'>communicionis</span> <span class='ocrx_word' id='word_1_251' title='bbox 1295 3294 1650 3381; x_wconf 84' lang='lat' dir='ltr'>infringere</span> <span class='ocrx_word' id='word_1_252' title='bbox 1698 3302 1812 3362; x_wconf 81' lang='lat' dir='ltr'>ete.</span> <span class='ocrx_word' id='word_1_253' title='bbox 1866 3295 2021 3360; x_wconf 91' lang='lat' dir='ltr'>Dat.</span> <span class='ocrx_word' id='word_1_254' title='bbox 2070 3295 2432 3381; x_wconf 85' lang='lat' dir='ltr'>Avinione,</span> <span class='ocrx_word' id='word_1_255' title='bbox 2481 3299 2690 3365; x_wconf 88' lang='lat' dir='ltr'><strong>VIIII</strong></span> <span class='ocrx_word' id='word_1_256' title='bbox 2717 3300 2827 3364; x_wconf 87' lang='lat' dir='ltr'>Kl.</span> <span class='ocrx_word' id='word_1_257' title='bbox 2861 3300 2907 3368; x_wconf 85' lang='lat' dir='ltr'><strong>J</strong></span> <span class='ocrx_word' id='word_1_258' title='bbox 2909 3304 3190 3389; x_wconf 90' lang='lat' dir='ltr'>anuarii,</span> <span class='ocrx_word' id='word_1_259' title='bbox 3240 3305 3659 3392; x_wconf 89' lang='lat' dir='ltr'>pontificatus</span> 
     </span>
     <span class='ocr_line' id='line_1_27' title="bbox 592 3402 1326 3488; baseline 0 -22"><span class='ocrx_word' id='word_1_260' title='bbox 592 3402 797 3467; x_wconf 86' lang='lat' dir='ltr'>nostri</span> <span class='ocrx_word' id='word_1_261' title='bbox 845 3422 1019 3466; x_wconf 90' lang='lat' dir='ltr'>anno</span> <span class='ocrx_word' id='word_1_262' title='bbox 1070 3407 1326 3488; x_wconf 89' lang='lat' dir='ltr'>quarto.</span> 
     </span>
    </p>
   </div>
   <div class='ocr_carea' id='block_1_4' title="bbox 947 3534 3680 3683">
    <p class='ocr_par' dir='ltr' id='par_1_4' title="bbox 947 3534 3680 3683">
     <span class='ocr_line' id='line_1_28' title="bbox 1013 3534 3680 3613; baseline 0.005 -27"><span class='ocrx_word' id='word_1_263' title='bbox 1013 3537 1137 3600; x_wconf 61' lang='lat' dir='ltr'>Rea.</span> <span class='ocrx_word' id='word_1_264' title='bbox 1185 3538 1284 3586; x_wconf 76' lang='lat' dir='ltr'>Ac.</span> <span class='ocrx_word' id='word_1_265' title='bbox 1341 3539 1396 3587; x_wconf 83' lang='grc' dir='ltr'>Τ.</span> <span class='ocrx_word' id='word_1_266' title='bbox 1444 3536 1532 3600; x_wconf 73' lang='lat'>20,</span> <span class='ocrx_word' id='word_1_267' title='bbox 1568 3538 1625 3600; x_wconf 83' lang='lat' dir='ltr'>s.</span> <span class='ocrx_word' id='word_1_268' title='bbox 1671 3534 1820 3600; x_wconf 66' lang='lat'><strong>32823</strong></span> <span class='ocrx_word' id='word_1_269' title='bbox 1867 3537 2216 3601; x_wconf 64' lang='lat' dir='ltr'>apoyraphum</span> <span class='ocrx_word' id='word_1_270' title='bbox 2254 3554 2380 3588; x_wconf 74' lang='lat' dir='ltr'>eaeo.</span> <span class='ocrx_word' id='word_1_271' title='bbox 2417 3539 2611 3589; x_wconf 81' lang='lat' dir='ltr'><strong><em>XVII</em></strong></span> <span class='ocrx_word' id='word_1_272' title='bbox 2639 3540 2694 3589; x_wconf 72' lang='lat' dir='ltr'>in</span> <span class='ocrx_word' id='word_1_273' title='bbox 2727 3542 2932 3592; x_wconf 69' lang='lat' dir='ltr'>archivo</span> <span class='ocrx_word' id='word_1_274' title='bbox 2963 3543 3189 3595; x_wconf 63' lang='lat' dir='ltr'>civitatis</span> <span class='ocrx_word' id='word_1_275' title='bbox 3234 3546 3426 3613; x_wconf 67' lang='lat' dir='ltr'>Ultraj.</span> <span class='ocrx_word' id='word_1_276' title='bbox 3460 3549 3680 3600; x_wconf 61' lang='lat' dir='ltr'>chartul.</span> 
     </span>
     <span class='ocr_line' id='line_1_29' title="bbox 947 3619 1262 3683; baseline 0.003 -15"><span class='ocrx_word' id='word_1_277' title='bbox 947 3619 1010 3670; x_wconf 76' lang='lat' dir='ltr'>G.</span> <span class='ocrx_word' id='word_1_278' title='bbox 1034 3620 1147 3683; x_wconf 83' lang='lat' dir='ltr'>sol.</span> <span class='ocrx_word' id='word_1_279' title='bbox 1182 3619 1262 3670; x_wconf 83' lang='lat'>56.</span> 
     </span>
    </p>
   </div>
   <div class='ocr_carea' id='block_1_5' title="bbox 576 3764 3678 3912">
    <p class='ocr_par' dir='ltr' id='par_1_5' title="bbox 576 3764 3678 3912">
     <span class='ocr_line' id='line_1_30' title="bbox 744 3764 3678 3839; baseline 0.004 -24"><span class='ocrx_word' id='word_1_280' title='bbox 744 3764 804 3827; x_wconf 79' lang='lat'>1)</span> <span class='ocrx_word' id='word_1_281' title='bbox 853 3765 1002 3825; x_wconf 90' lang='lat' dir='ltr'>Quod</span> <span class='ocrx_word' id='word_1_282' title='bbox 1046 3765 1129 3816; x_wconf 89' lang='lat' dir='ltr'>die</span> <span class='ocrx_word' id='word_1_283' title='bbox 1175 3764 1243 3816; x_wconf 76' lang='lat'>26</span> <span class='ocrx_word' id='word_1_284' title='bbox 1277 3765 1426 3816; x_wconf 72' lang='lat' dir='ltr'>lunii</span> <span class='ocrx_word' id='word_1_285' title='bbox 1460 3780 1548 3817; x_wconf 86' lang='lat' dir='ltr'>an.</span> <span class='ocrx_word' id='word_1_286' title='bbox 1582 3764 1717 3816; x_wconf 75' lang='lat'>1364</span> <span class='ocrx_word' id='word_1_287' title='bbox 1751 3766 1956 3816; x_wconf 78' lang='lat' dir='ltr'>editum</span> <span class='ocrx_word' id='word_1_288' title='bbox 1993 3765 2096 3831; x_wconf 75' lang='lat' dir='ltr'>legi</span> <span class='ocrx_word' id='word_1_289' title='bbox 2133 3770 2306 3828; x_wconf 81' lang='lat' dir='ltr'>potest</span> <span class='ocrx_word' id='word_1_290' title='bbox 2338 3767 2477 3830; x_wconf 87' lang='lat' dir='ltr'>apud</span> <span class='ocrx_word' id='word_1_291' title='bbox 2514 3766 2847 3819; x_wconf 75' lang='lat' dir='ltr'>Matthaeum</span> <span class='ocrx_word' id='word_1_292' title='bbox 2881 3769 2958 3820; x_wconf 91' lang='lat' dir='ltr'>De</span> <span class='ocrx_word' id='word_1_293' title='bbox 2984 3769 3110 3833; x_wconf 79' lang='lat' dir='ltr'>jure</span> <span class='ocrx_word' id='word_1_294' title='bbox 3142 3773 3303 3839; x_wconf 75' lang='lat' dir='ltr'>gladii</span> <span class='ocrx_word' id='word_1_295' title='bbox 3336 3772 3438 3824; x_wconf 75' lang='lat'>470</span> <span class='ocrx_word' id='word_1_296' title='bbox 3469 3780 3524 3825; x_wconf 82' lang='lat' dir='ltr'>et</span> <span class='ocrx_word' id='word_1_297' title='bbox 3563 3775 3678 3826; x_wconf 81' lang='lat' dir='ltr'>Van</span> 
     </span>
     <span class='ocr_line' id='line_1_31' title="bbox 576 3847 2567 3912; baseline 0.001 -13"><span class='ocrx_word' id='word_1_298' title='bbox 576 3847 758 3901; x_wconf 69' lang='lat' dir='ltr'>Hieris</span> <span class='ocrx_word' id='word_1_299' title='bbox 793 3847 1155 3900; x_wconf 81' lang='lat' dir='ltr'>Charterboek</span> <span class='ocrx_word' id='word_1_300' title='bbox 1196 3848 1294 3900; x_wconf 90' lang='lat'>111.</span> <span class='ocrx_word' id='word_1_301' title='bbox 1326 3848 1443 3900; x_wconf 72' lang='lat'>164.</span> <span class='ocrx_word' id='word_1_302' title='bbox 1643 3848 1700 3912; x_wconf 70' lang='lat'>2)</span> <span class='ocrx_word' id='word_1_303' title='bbox 1737 3849 1802 3899; x_wconf 91' lang='lat' dir='ltr'>In</span> <span class='ocrx_word' id='word_1_304' title='bbox 1837 3848 2166 3900; x_wconf 82' lang='lat' dir='ltr'>chartulario</span> <span class='ocrx_word' id='word_1_305' title='bbox 2201 3848 2284 3899; x_wconf 88' lang='lat' dir='ltr'>G.:</span> <span class='ocrx_word' id='word_1_306' title='bbox 2322 3850 2567 3901; x_wconf 83' lang='lat' dir='ltr'>crimina.</span> 
     </span>
    </p>
   </div>
   <div class='ocr_carea' id='block_1_6' title="bbox 588 4334 2722 4419">
    <p class='ocr_par' dir='ltr' id='par_1_6' title="bbox 588 4334 2722 4419">
     <span class='ocr_line' id='line_1_32' title="bbox 588 4334 2722 4419; baseline 0 -17"><span class='ocrx_word' id='word_1_307' title='bbox 588 4334 788 4404; x_wconf 59' lang='grc' dir='ltr'>ποι.</span> <span class='ocrx_word' id='word_1_308' title='bbox 1530 4337 1742 4418; x_wconf 72' lang='lat'>1374,</span> <span class='ocrx_word' id='word_1_309' title='bbox 1789 4336 2148 4400; x_wconf 71' lang='lat' dir='ltr'>Decembris</span> <span class='ocrx_word' id='word_1_310' title='bbox 2192 4337 2312 4419; x_wconf 78' lang='lat'>24,</span> <span class='ocrx_word' id='word_1_311' title='bbox 2358 4337 2722 4402; x_wconf 74' lang='lat' dir='ltr'>Avenionis.</span> 
     </span>
    </p>
   </div>
   <div class='ocr_carea' id='block_1_7' title="bbox 826 4489 3670 5001">
    <p class='ocr_par' dir='ltr' id='par_1_7' title="bbox 826 4489 3670 5001">
     <span class='ocr_line' id='line_1_33' title="bbox 920 4489 3670 4580; baseline 0.003 -25"><span class='ocrx_word' id='word_1_312' title='bbox 920 4490 1355 4573; x_wconf 79' lang='lat' dir='ltr'>Confirmatur</span> <span class='ocrx_word' id='word_1_313' title='bbox 1404 4491 1850 4575; x_wconf 73' lang='lat' dir='ltr'>privileqium,</span> <span class='ocrx_word' id='word_1_314' title='bbox 1913 4489 2207 4554; x_wconf 76' lang='lat' dir='ltr'>Arnozdo</span> <span class='ocrx_word' id='word_1_315' title='bbox 2269 4490 2377 4574; x_wconf 86' lang='lat' dir='ltr'>(de</span> <span class='ocrx_word' id='word_1_316' title='bbox 2437 4489 2698 4576; x_wconf 81' lang='lat' dir='ltr'>Hoorn)</span> <span class='ocrx_word' id='word_1_317' title='bbox 2760 4511 2804 4555; x_wconf 80' lang='lat' dir='ltr'>a</span> <span class='ocrx_word' id='word_1_318' title='bbox 2851 4490 3081 4556; x_wconf 81' lang='lat' dir='ltr'>Carolo</span> <span class='ocrx_word' id='word_1_319' title='bbox 3128 4495 3504 4580; x_wconf 78' lang='lat' dir='ltr'>imperatore</span> <span class='ocrx_word' id='word_1_320' title='bbox 3549 4498 3670 4562; x_wconf 82' lang='lat' dir='ltr'>IV</span> 
     </span>
     <span class='ocr_line' id='line_1_34' title="bbox 829 4598 3661 4691; baseline 0.004 -30"><span class='ocrx_word' id='word_1_321' title='bbox 829 4598 929 4663; x_wconf 85' lang='lat' dir='ltr'>die</span> <span class='ocrx_word' id='word_1_322' title='bbox 972 4600 1062 4662; x_wconf 84' lang='lat'>26</span> <span class='ocrx_word' id='word_1_323' title='bbox 1107 4598 1301 4662; x_wconf 72' lang='lat' dir='ltr'>Junii</span> <span class='ocrx_word' id='word_1_324' title='bbox 1343 4617 1449 4661; x_wconf 81' lang='lat' dir='ltr'>an.</span> <span class='ocrx_word' id='word_1_325' title='bbox 1499 4598 1675 4662; x_wconf 79' lang='lat'><em>1364</em></span> <span class='ocrx_word' id='word_1_326' title='bbox 1725 4598 1795 4660; x_wconf 82' lang='lat' dir='ltr'>in</span> <span class='ocrx_word' id='word_1_327' title='bbox 1829 4603 2211 4682; x_wconf 82' lang='lat' dir='ltr'>perpetuum</span> <span class='ocrx_word' id='word_1_328' title='bbox 2251 4618 2634 4681; x_wconf 78' lang='lat' dir='ltr'>eoncessum,</span> <span class='ocrx_word' id='word_1_329' title='bbox 2681 4600 2915 4664; x_wconf 78' lang='lat' dir='ltr'>scilieet</span> <span class='ocrx_word' id='word_1_330' title='bbox 2943 4601 3109 4686; x_wconf 81' lang='lat' dir='ltr'>quod</span> <span class='ocrx_word' id='word_1_331' title='bbox 3136 4605 3409 4690; x_wconf 76' lang='lat' dir='ltr'>epiceopi</span> <span class='ocrx_word' id='word_1_332' title='bbox 3447 4606 3661 4691; x_wconf 82' lang='lat' dir='ltr'>Traj.,</span> 
     </span>
     <span class='ocr_line' id='line_1_35' title="bbox 827 4703 3665 4799; baseline 0.004 -30"><span class='ocrx_word' id='word_1_333' title='bbox 827 4707 936 4790; x_wconf 83' lang='lat' dir='ltr'>qui</span> <span class='ocrx_word' id='word_1_334' title='bbox 981 4727 1112 4790; x_wconf 79' lang='lat' dir='ltr'>pro</span> <span class='ocrx_word' id='word_1_335' title='bbox 1173 4712 1442 4790; x_wconf 79' lang='lat' dir='ltr'>tempore</span> <span class='ocrx_word' id='word_1_336' title='bbox 1488 4706 1849 4785; x_wconf 74' lang='lat' dir='ltr'>existerent,</span> <span class='ocrx_word' id='word_1_337' title='bbox 1914 4703 1992 4767; x_wconf 83' lang='lat' dir='ltr'>de</span> <span class='ocrx_word' id='word_1_338' title='bbox 2036 4703 2307 4788; x_wconf 80' lang='lat' dir='ltr'>quolibet</span> <span class='ocrx_word' id='word_1_339' title='bbox 2351 4704 2520 4770; x_wconf 81' lang='lat' dir='ltr'>dolio</span> <span class='ocrx_word' id='word_1_340' title='bbox 2566 4709 2693 4770; x_wconf 81' lang='lat' dir='ltr'>sive</span> <span class='ocrx_word' id='word_1_341' title='bbox 2740 4708 2969 4772; x_wconf 80' lang='lat' dir='ltr'>tenello</span> <span class='ocrx_word' id='word_1_342' title='bbox 3014 4711 3261 4774; x_wconf 77' lang='lat' dir='ltr'>usualis</span> <span class='ocrx_word' id='word_1_343' title='bbox 3306 4715 3665 4799; x_wconf 68' lang='lat' dir='ltr'>cerevisiae,</span> 
     </span>
     <span class='ocr_line' id='line_1_36' title="bbox 826 4807 3664 4907; baseline 0.004 -33"><span class='ocrx_word' id='word_1_344' title='bbox 826 4812 1013 4892; x_wconf 82' lang='lat' dir='ltr'>infra</span> <span class='ocrx_word' id='word_1_345' title='bbox 1078 4810 1424 4875; x_wconf 81' lang='lat' dir='ltr'>dominium</span> <span class='ocrx_word' id='word_1_346' title='bbox 1486 4812 1770 4895; x_wconf 82' lang='lat' dir='ltr'>ipsorum</span> <span class='ocrx_word' id='word_1_347' title='bbox 1838 4830 2026 4890; x_wconf 85' lang='lat' dir='ltr'>„cum</span> <span class='ocrx_word' id='word_1_348' title='bbox 2090 4807 2371 4896; x_wconf 88' lang='lat' dir='ltr'>quadam</span> <span class='ocrx_word' id='word_1_349' title='bbox 2431 4811 2671 4896; x_wconf 90' lang='lat' dir='ltr'>herba,</span> <span class='ocrx_word' id='word_1_350' title='bbox 2735 4834 2863 4899; x_wconf 93' lang='lat' dir='ltr'>que</span> <span class='ocrx_word' id='word_1_351' title='bbox 2923 4814 3230 4881; x_wconf 92' lang='lat' dir='ltr'>humulus</span> <span class='ocrx_word' id='word_1_352' title='bbox 3288 4818 3447 4883; x_wconf 86' lang='lat' dir='ltr'>alias</span> <span class='ocrx_word' id='word_1_353' title='bbox 3494 4840 3664 4907; x_wconf 90' lang='lat' dir='ltr'>oppa</span> 
     </span>
     <span class='ocr_line' id='line_1_37' title="bbox 826 4915 3662 5001; baseline 0.005 -23"><span class='ocrx_word' id='word_1_354' title='bbox 826 4916 1162 4997; x_wconf 88' lang='lat' dir='ltr'>vocatur”‚</span> <span class='ocrx_word' id='word_1_355' title='bbox 1205 4915 1711 4999; x_wconf 77' lang='lat' dir='ltr'>fermentandae,</span> <span class='ocrx_word' id='word_1_356' title='bbox 1753 4936 1952 4980; x_wconf 79' lang='lat' dir='ltr'>unum</span> <span class='ocrx_word' id='word_1_357' title='bbox 1977 4935 2268 5000; x_wconf 76' lang='lat' dir='ltr'>yroscum</span> <span class='ocrx_word' id='word_1_358' title='bbox 2300 4925 2664 5001; x_wconf 62' lang='lat' dir='ltr'>argenteum</span> <span class='ocrx_word' id='word_1_359' title='bbox 2703 4917 3124 4985; x_wconf 78' lang='lat' dir='ltr'>Turonensem</span> <span class='ocrx_word' id='word_1_360' title='bbox 3160 4923 3362 4988; x_wconf 82' lang='lat' dir='ltr'>levare</span> <span class='ocrx_word' id='word_1_361' title='bbox 3391 4926 3662 4991; x_wconf 77' lang='lat' dir='ltr'>valeant.</span> 
     </span>
    </p>
   </div>
   <div class='ocr_carea' id='block_1_8' title="bbox 596 5095 3666 5289">
    <p class='ocr_par' dir='ltr' id='par_1_8' title="bbox 596 5095 3666 5289">
     <span class='ocr_line' id='line_1_38' title="bbox 828 5095 3666 5191; baseline 0.005 -31"><span class='ocrx_word' id='word_1_362' title='bbox 828 5097 1012 5178; x_wconf 92' lang='lat' dir='ltr'>Hiis,</span> <span class='ocrx_word' id='word_1_363' title='bbox 1063 5117 1191 5182; x_wconf 92' lang='lat' dir='ltr'>que</span> <span class='ocrx_word' id='word_1_364' title='bbox 1238 5116 1376 5182; x_wconf 89' lang='lat' dir='ltr'>pro.</span> <span class='ocrx_word' id='word_1_365' title='bbox 1407 5143 1423 5160; x_wconf 92' lang='lat'><strong>.</strong></span> <span class='ocrx_word' id='word_1_366' title='bbox 1451 5142 1470 5161; x_wconf 87' lang='lat'><strong>.</strong></span> <span class='ocrx_word' id='word_1_367' title='bbox 1498 5143 1514 5160; x_wconf 91' lang='lat'><strong>.</strong></span> <span class='ocrx_word' id='word_1_368' title='bbox 1579 5096 1733 5162; x_wconf 89' lang='lat' dir='ltr'>Dat.</span> <span class='ocrx_word' id='word_1_369' title='bbox 1783 5095 2151 5182; x_wconf 85' lang='lat' dir='ltr'>Avinione,</span> <span class='ocrx_word' id='word_1_370' title='bbox 2201 5098 2407 5164; x_wconf 85' lang='lat' dir='ltr'><strong>VIIII</strong></span> <span class='ocrx_word' id='word_1_371' title='bbox 2452 5097 2564 5167; x_wconf 88' lang='grc' dir='ltr'>ΚΙ.</span> <span class='ocrx_word' id='word_1_372' title='bbox 2610 5101 2944 5188; x_wconf 84' lang='lat' dir='ltr'>Januarii,</span> <span class='ocrx_word' id='word_1_373' title='bbox 2992 5105 3413 5191; x_wconf 89' lang='lat' dir='ltr'>pontificatus</span> <span class='ocrx_word' id='word_1_374' title='bbox 3459 5111 3666 5174; x_wconf 92' lang='lat' dir='ltr'>nostri</span> 
     </span>
     <span class='ocr_line' id='line_1_39' title="bbox 596 5209 1077 5289; baseline -0.004 -21"><span class='ocrx_word' id='word_1_375' title='bbox 596 5224 773 5268; x_wconf 91' lang='lat' dir='ltr'>anno</span> <span class='ocrx_word' id='word_1_376' title='bbox 823 5209 1077 5289; x_wconf 86' lang='lat' dir='ltr'>quarto.</span> 
     </span>
    </p>
   </div>
   <div class='ocr_carea' id='block_1_9' title="bbox 955 5330 3684 5568">
    <p class='ocr_par' dir='ltr' id='par_1_9' title="bbox 955 5330 3684 5568">
     <span class='ocr_line' id='line_1_40' title="bbox 1024 5330 3681 5412; baseline 0.006 -28"><span class='ocrx_word' id='word_1_377' title='bbox 1024 5336 1151 5399; x_wconf 66' lang='lat' dir='ltr'>Ray.</span> <span class='ocrx_word' id='word_1_378' title='bbox 1185 5336 1283 5385; x_wconf 77' lang='grc' dir='ltr'>Λυ.</span> <span class='ocrx_word' id='word_1_379' title='bbox 1325 5330 1387 5384; x_wconf 90' lang='lat' dir='ltr'>T.</span> <span class='ocrx_word' id='word_1_380' title='bbox 1422 5334 1512 5397; x_wconf 76' lang='lat'>20,</span> <span class='ocrx_word' id='word_1_381' title='bbox 1540 5337 1603 5398; x_wconf 83' lang='lat' dir='ltr'>f.</span> <span class='ocrx_word' id='word_1_382' title='bbox 1636 5334 1764 5399; x_wconf 74' lang='lat'>3293</span> <span class='ocrx_word' id='word_1_383' title='bbox 1799 5338 2146 5401; x_wconf 61' lang='lat' dir='ltr'>apographum</span> <span class='ocrx_word' id='word_1_384' title='bbox 2178 5355 2309 5389; x_wconf 71' lang='lat' dir='ltr'>saec.</span> <span class='ocrx_word' id='word_1_385' title='bbox 2343 5339 2532 5389; x_wconf 78' lang='lat' dir='ltr'><strong><em>XVII</em></strong></span> <span class='ocrx_word' id='word_1_386' title='bbox 2562 5341 2618 5390; x_wconf 72' lang='lat' dir='ltr'>in</span> <span class='ocrx_word' id='word_1_387' title='bbox 2651 5343 2856 5392; x_wconf 61' lang='lat' dir='ltr'>archivo</span> <span class='ocrx_word' id='word_1_388' title='bbox 2887 5343 3113 5393; x_wconf 67' lang='lat' dir='ltr'>civitatis</span> <span class='ocrx_word' id='word_1_389' title='bbox 3157 5345 3350 5411; x_wconf 68' lang='lat' dir='ltr'>Ultraj.</span> <span class='ocrx_word' id='word_1_390' title='bbox 3390 5348 3451 5398; x_wconf 76' lang='lat' dir='ltr'>G.</span> <span class='ocrx_word' id='word_1_391' title='bbox 3464 5350 3577 5412; x_wconf 81' lang='lat' dir='ltr'>sol.</span> <span class='ocrx_word' id='word_1_392' title='bbox 3599 5348 3681 5400; x_wconf 68' lang='lat'>94.</span> 
     </span>
     <span class='ocr_line' id='line_1_41' title="bbox 1022 5419 3684 5496; baseline 0.005 -26"><span class='ocrx_word' id='word_1_393' title='bbox 1022 5421 1326 5470; x_wconf 69' lang='lat' dir='ltr'>Matthaeus</span> <span class='ocrx_word' id='word_1_394' title='bbox 1358 5421 1614 5471; x_wconf 69' lang='lat' dir='ltr'>Anake-ta</span> <span class='ocrx_word' id='word_1_395' title='bbox 1647 5419 1770 5471; x_wconf 88' lang='lat' dir='ltr'><strong><em>III.</em></strong></span> <span class='ocrx_word' id='word_1_396' title='bbox 1805 5419 2095 5486; x_wconf 70' lang='lat'>260—262,</span> <span class='ocrx_word' id='word_1_397' title='bbox 2133 5423 2227 5474; x_wconf 88' lang='lat' dir='ltr'>ubi</span> <span class='ocrx_word' id='word_1_398' title='bbox 2261 5439 2482 5476; x_wconf 85' lang='lat' dir='ltr'>erronee</span> <span class='ocrx_word' id='word_1_399' title='bbox 2515 5427 2746 5478; x_wconf 77' lang='lat' dir='ltr'>refertur</span> <span class='ocrx_word' id='word_1_400' title='bbox 2777 5428 2844 5478; x_wconf 82' lang='lat' dir='ltr'>ad</span> <span class='ocrx_word' id='word_1_401' title='bbox 2878 5428 3019 5478; x_wconf 85' lang='lat' dir='ltr'>diem</span> <span class='ocrx_word' id='word_1_402' title='bbox 3045 5435 3356 5493; x_wconf 77' lang='lat' dir='ltr'>sequentem</span> <span class='ocrx_word' id='word_1_403' title='bbox 3379 5437 3432 5482; x_wconf 81' lang='lat' dir='ltr'>et</span> <span class='ocrx_word' id='word_1_404' title='bbox 3454 5432 3684 5496; x_wconf 76' lang='lat' dir='ltr'>diploma</span> 
     </span>
     <span class='ocr_line' id='line_1_42' title="bbox 955 5503 2045 5568; baseline 0.001 -13"><span class='ocrx_word' id='word_1_405' title='bbox 955 5503 1128 5555; x_wconf 83' lang='lat' dir='ltr'>Caroli</span> <span class='ocrx_word' id='word_1_406' title='bbox 1165 5504 1499 5568; x_wconf 73' lang='lat' dir='ltr'>imperatoris</span> <span class='ocrx_word' id='word_1_407' title='bbox 1533 5505 1599 5554; x_wconf 85' lang='lat' dir='ltr'>ad</span> <span class='ocrx_word' id='word_1_408' title='bbox 1634 5505 1712 5556; x_wconf 92' lang='lat'>111</span> <span class='ocrx_word' id='word_1_409' title='bbox 1750 5503 1865 5556; x_wconf 80' lang='lat' dir='ltr'>Kal.</span> <span class='ocrx_word' id='word_1_410' title='bbox 1900 5504 2045 5556; x_wconf 85' lang='lat' dir='ltr'>Julii.</span> 
     </span>
    </p>
   </div>
  </div>
 </body>
</html>
