4450 6684
1804 540 2204 604 Ganeoams
2249 532 2370 598 XI.
3488 528 3625 590 265

552 777 791 843 litteris
852 774 1148 852 insertis,
1211 770 1523 836 videlicet
1585 765 2002 830 ecclesiarum
2052 760 2506 847 principalium
2554 762 2964 822 sacrosancto
3013 756 3313 820 Romano
3364 752 3618 835 subjec-

557 894 771 950 tarum
837 881 1147 969 imperio,
1220 898 1347 965 que
1416 877 1487 940 in
1554 874 1792 938 litteris
1862 871 2018 957 ipsis
2085 868 2287 933 inseri
2351 866 2616 931 minime
2666 864 3070 944 debuerunt,
3136 869 3279 928 rata
3325 867 3392 927 et
3439 869 3626 947 grata

558 994 915 1072 habentes,
980 989 1094 1053 illa
1140 984 1531 1051 auctoritate
1580 979 1935 1067 apostolica
1983 998 2067 1042 ex
2118 982 2297 1040 certa
2344 974 2618 1039 scientia
2665 979 2892 1037 tenore
2940 971 3343 1056 presentium
3390 968 3624 1036 confir-

559 1120 810 1166 mamus
858 1103 926 1162 et
970 1094 1291 1182 presentis
1340 1090 1562 1175 scripti
1612 1087 1970 1174 patrocinio
2020 1082 2512 1149 communimus.
2608 1081 2828 1145 Tenor
2873 1100 3026 1143 vero
3077 1078 3394 1144 dictarum
3439 1079 3618 1143 litte-

562 1228 778 1273 rarum
829 1205 976 1268 talis
1025 1207 1162 1267 est:

781 1312 858 1378 In
924 1311 1186 1374 nomine
1252 1313 1477 1371 sancte
1527 1309 1596 1369 et
1641 1299 1978 1365 individue
2027 1297 2368 1364 Trinitatis
2416 1296 2693 1360 feliciter
2739 1297 2970 1359 Amen.
3069 1295 3352 1361 Karolus
3406 1296 3629 1361 divina

563 1422 826 1486 favente
890 1415 1239 1482 clementia
1302 1414 1747 1478 Romanorum
1812 1409 2168 1494 imperator
2233 1425 2489 1489 semper
2551 1409 2867 1488 augustus
2933 1408 3000 1467 et
3063 1403 3332 1469 Boemie
3381 1425 3500 1469 rex
3549 1404 3632 1469 ad

564 1532 948 1614 perpetuam
999 1523 1093 1587 rei
1140 1520 1537 1585 memoriam.

788 1631 1026 1695 Divine
1076 1624 1527 1693 retributionis
1579 1673 1593 1687 .
1627 1671 1640 1685 .
1672 1671 1686 1685 .
1717 1670 1730 1684 .
1782 1629 1852 1684 ut
1896 1641 2097 1704 supra
2144 1640 2366 1703 usque:
2415 1618 2834 1702 adaugemus.
2896 1618 3068 1682 Sane
3117 1620 3513 1684 constitutus
3562 1621 3630 1683 in

572 1747 794 1805 nostre
860 1735 1241 1822 magestatis
1302 1734 1452 1815 (sic)
1515 1731 1847 1817 presentia
1909 1727 2302 1792 venerabilis
2367 1726 2705 1790 Johannes
2754 1727 3097 1810 episcopus
3145 1726 3417 1791 ecclesie
3467 1727 3634 1791 Leo-

574 1847 848 1926 diensis,
897 1844 1198 1930 princeps
1239 1846 1308 1905 et
1346 1837 1868 1922 consanguineus
1909 1840 2131 1898 noster
2170 1834 2567 1911 carissimus,
2620 1834 2727 1917 qui
2769 1833 3021 1917 pridem
3064 1834 3295 1918 viginti
3334 1835 3522 1898 annis
3563 1841 3630 1898 et

575 1956 747 2018 ultra
792 1952 1091 2037 regimini
1142 1946 1499 2036 pontificali
1550 1944 1822 2009 ecclesie
1869 1941 2310 2024 Trajectensis
2351 1940 2630 2004 feliciter
2663 1939 2976 2023 prefuisse
3012 1940 3390 2021 dinoscitur,
3441 1943 3634 2006 nobis

571 2059 910 2145 exposuit,
973 2055 1147 2141 quod
1209 2055 1364 2117 licet
1426 2053 1508 2116 ab
1573 2052 1725 2114 olim
1790 2048 1919 2112 divi
1969 2049 2417 2113 Romanorum
2465 2048 2888 2131 imperatores
2937 2055 3004 2110 et
3052 2068 3237 2132 reges
3285 2047 3625 2134 predeces-

578 2188 754 2231 sores
818 2165 1022 2228 nostri
1081 2182 1370 2227 mensam
1421 2159 1850 2244 episcopalem
1903 2154 2177 2220 ecclesie
2225 2153 2702 2236 TraJectensis,
2770 2175 2896 2238 que
2944 2155 3107 2218 sacri
3154 2155 3407 2240 imperii
3459 2156 3633 2241 prin-

582 2272 790 2358 cipale
836 2270 1198 2335 membrum
1249 2268 1385 2331 sive
1433 2266 1837 2352 principatus
1884 2263 2145 2340 existit,
2209 2261 2300 2325 sic
2348 2260 2430 2325 de
2478 2261 2666 2325 bonis
2715 2262 3184 2346 temporalibus
3231 2261 3634 2342 dotaverint,

569 2377 740 2465 quod
815 2376 1110 2441 sufficere
1181 2380 1438 2459 poterat
1509 2371 1589 2435 ad
1656 2391 1855 2434 onera
1916 2369 2011 2433 rei
2072 2368 2333 2453 publice
2396 2367 2958 2452 supportandum,
3021 2368 3347 2433 modernis
3412 2376 3630 2435 tamen

573 2483 975 2570 temporibus
1019 2482 1267 2546 fructus
1314 2485 1383 2544 et
1427 2484 1783 2565 proventus
1829 2474 2201 2559 hujusmodi
2252 2474 2446 2538 variis
2494 2475 2840 2538 eventibus
2886 2476 2955 2537 in
2990 2480 3245 2540 tantum
3278 2479 3620 2542 extenuati

573 2591 917 2672 dicuntur,
966 2589 1137 2676 quod
1189 2588 1531 2672 episcopus
1581 2584 2020 2668 Trajectensis
2067 2592 2334 2668 propter
2382 2581 2708 2646 defectum
2754 2603 3188 2669 expensarum
3224 2606 3636 2671 nequaquam

582 2697 862 2761 sufficiat
923 2702 1129 2760 terras
1193 2714 1342 2757 suas
1404 2699 1472 2756 et
1535 2691 1808 2756 ecclesie
1870 2711 1985 2754 sue
2050 2711 2124 2753 ac
2188 2695 2581 2753 mercatores
2645 2697 2712 2752 et
2775 2689 2935 2753 alios
2983 2690 3279 2757 homines
3331 2713 3448 2777 per
3495 2693 3639 2758 illas

584 2810 997 2870 transeuntes
1063 2825 1102 2866 a
1163 2801 1655 2888 spoliatoribus,
1722 2797 2122 2884 predonibus
2184 2817 2259 2860 ac
2322 2796 2466 2860 aliis
2530 2795 2876 2861 hostilibus
2922 2797 3290 2864 incursibus
3314 2800 3368 2884 3)
3416 2799 3640 2866 defen-

584 2933 763 2993 sare,
826 2933 943 2997 pro
1008 2931 1280 2996 quarum
1344 2906 1722 2972 defensione
1786 2911 2067 2991 quatuor
2127 2910 2341 2967 castra
2400 2903 2708 2968 videlicet
2769 2904 3169 2989 Vredelant,
3228 2907 3641 2993 Eymbruke,

584 3019 957 3084 Erkelstein
1006 3024 1074 3082 et
1120 3014 1558 3100 Herdenberg
1604 3019 1823 3078 erecta
1868 3032 1984 3075 seu
2033 3015 2408 3074 constructa
2456 3010 2853 3092 consistunt,
2902 3011 2984 3076 ad
3019 3033 3144 3097 que
3178 3020 3397 3078 tamen
3431 3021 3646 3079 castra

585 3125 765 3189 nulla
827 3124 984 3188 talia
1045 3122 1218 3186 bona
1279 3122 1649 3207 pertinent,
1715 3117 1952 3204 quibus
2014 3116 2267 3202 possint
2322 3137 2608 3201 congrue
2657 3119 3030 3183 sustentari.
3127 3117 3264 3184 Nos
3311 3120 3513 3206 igitur
3558 3119 3641 3186 ad

581 3231 881 3297 devotam
948 3229 1438 3315 supplicationis
1499 3225 1881 3291 instantiam
1930 3224 2087 3288 dicti
2134 3223 2459 3288 Johannis
2507 3223 2892 3289 Leodiensis
2941 3226 3264 3313 episcopi,
3324 3229 3633 3313 principis

584 3346 650 3402 et
713 3336 1181 3421 consanguinei
1243 3334 1483 3415 nostri,
1548 3332 1630 3396 de
1692 3331 1817 3395 hoc
1879 3352 1997 3416 per
2051 3331 2266 3415 ipsum
2312 3329 2501 3393 nobis
2549 3329 2784 3395 factam
2833 3329 3205 3414 humiliter,
3255 3353 3513 3399 necnon
3560 3331 3642 3398 ad

578 3443 893 3508 honorem
958 3442 1083 3507 Dei
1148 3440 1614 3527 omnipotentis
1679 3444 1746 3502 et
1807 3437 2182 3502 beatissime
2246 3436 2515 3521 virginis
2577 3436 2783 3502 Marie
2845 3439 3069 3502 matris
3129 3439 3332 3524 ipsius
3381 3460 3638 3505 necnon

585 3549 794 3613 sancti
853 3548 1122 3613 Martini
1169 3547 1427 3634 patroni
1477 3543 1772 3629 ejusdem
1820 3545 2129 3625 ecclesie,
2180 3549 2249 3606 et
2297 3547 2370 3607 ut
2417 3542 2595 3626 (sub)
2641 3543 2813 3607 felici
2862 3553 3086 3608 nostro
3132 3547 3451 3631 regimine
3499 3548 3641 3632 ipsa

584 3654 1025 3739 Trajectensis
1082 3654 1356 3720 ecclesia
1402 3674 1471 3717 se
1520 3651 1920 3716 consolatam
1967 3651 2262 3715 inveniat
2309 3656 2377 3715 et
2424 3672 2508 3715 ex
2556 3649 2679 3714 hoc
2729 3651 2943 3714 cultus
2993 3651 3250 3717 divinus
3296 3653 3366 3717 in
3415 3654 3643 3719 eadem

585 3762 872 3826 crebrius
921 3766 1259 3845 augeatur,
1309 3759 1483 3823 dicto
1533 3760 1837 3845 episcopo
1881 3758 2289 3841 Trajectensi
2337 3764 2404 3822 et
2452 3758 2585 3822 suis
2632 3758 3114 3823 successoribus
3160 3761 3644 3846 imperpetuum

585 3868 665 3933 de
727 3868 992 3954 speciali
1054 3875 1278 3931 nostra
1337 3867 1554 3952 gracia
1615 3886 1871 3930 necnon
1933 3865 2286 3951 imperialis
2351 3865 2696 3949 potestatis
2754 3864 3165 3950 plenitudine
3214 3874 3281 3931 et
3330 3890 3414 3932 ex
3463 3876 3642 3934 certa

583 3981 807 4038 nostra
853 3974 1126 4038 scientia
1174 3971 1590 4037 concedimus
1640 3978 1707 4036 et
1753 3971 2101 4056 gratiosius
2150 3971 2538 4055 elargimur,
2598 3977 2673 4035 ut
2720 3971 2789 4035 in
2835 3971 3196 4036 subsidium
3247 3973 3648 4039 defensionis

587 4085 654 4144 et
699 4078 1210 4165 supportationis
1254 4078 1695 4165 predictorum
1743 4078 1826 4142 ab
1874 4076 2176 4141 omnibus
2224 4077 2443 4157 bonis,
2493 4098 2620 4162 que
2651 4077 3054 4143 inducuntur
3085 4081 3188 4144 vel
3220 4079 3636 4146 abducuntur

587 4206 703 4271 per
768 4186 1158 4272 temporales
1226 4184 1558 4249 districtus
1624 4190 1692 4249 et
1756 4189 1961 4248 terras
2024 4184 2126 4247 vel
2190 4184 2388 4247 etiam
2437 4205 2675 4269 aquas,
2741 4183 2824 4248 ad
2873 4206 3163 4250 mensam
3212 4189 3646 4273 episcopalem

597 4292 769 4358 dicte
832 4294 1273 4378 Trajectensis
1337 4293 1611 4358 ecclesie
1678 4293 1873 4378 pleno
1929 4293 2079 4376 jure
2144 4297 2553 4376 spectantes,
2604 4292 2670 4354 in
2719 4292 2956 4376 quibus
3004 4294 3347 4380 episcopus
3396 4295 3664 4381 Trajec-

594 4399 796 4463 tensis
834 4398 1361 4482 jurisdictionem
1409 4398 1664 4462 obtinet
1713 4399 2168 4484 temporalem,
2220 4396 2461 4461 totiens
2504 4397 2806 4481 quotiens
2837 4397 3084 4463 ibidem
3118 4401 3653 4486 transvehuntur,

594 4505 971 4571 theloneum
1036 4512 1219 4570 tante
1285 4506 1710 4592 quantitatis,
1772 4513 1968 4592 prout
2031 4505 2230 4568 vicini
2299 4504 2401 4568 sui
2464 4504 2789 4590 principes
2853 4512 2968 4569 aut
3031 4508 3302 4571 comites
3347 4508 3415 4571 in
3470 4512 3659 4575 terris

594 4631 817 4675 eorum
859 4610 941 4675 de
982 4611 1272 4697 presenti
1310 4611 1637 4696 recipiunt
1677 4615 1746 4675 et
1785 4611 2101 4675 hactenus
2142 4610 2431 4694 recipere
2476 4618 2986 4694 consueverunt,
3031 4632 3115 4675 ex
3139 4613 3195 4694 4)
3236 4617 3656 4681 concessione

598 4723 823 4783 nostra
882 4717 1202 4804 imperiali
1265 4716 1560 4804 predicta
1623 4718 1911 4803 recipere
1977 4717 2239 4782 valeant
2303 4723 2370 4780 et
2432 4703 2686 4800 levare,
2752 4717 3056 4805 quodque
3117 4721 3329 4785 incole
3376 4725 3660 4806 partium

598 4824 952 4890 earundem
1016 4825 1215 4890 etiam
1281 4823 1655 4909 hujusmodi
1722 4824 2102 4887 theloneum
2165 4822 2249 4888 de
2314 4823 2503 4888 bonis
2566 4825 2701 4888 suis
2764 4826 2932 4890 sicut
2996 4833 3064 4890 et
3111 4829 3407 4893 extranei
3435 4831 3489 4912 )
3538 4830 3666 4895 sol

601 4951 751 4995 vere
822 4937 1203 5012 teneantur,
1278 4937 1345 4994 et
1414 4950 1549 4995 non
1618 4928 1849 4994 dantes
1917 4930 2026 4996 vel
2087 4931 2339 4994 solvere
2403 4938 2779 4996 recusantes
2846 4932 3221 4998 theloneum
3284 4934 3662 5020 hujusmodi

600 5058 771 5125 pena
815 5038 1047 5123 viginti
1095 5039 1498 5103 marcharum
1548 5038 1694 5124 puri
1742 5037 1914 5118 auri,
1964 5038 2207 5101 totiens
2249 5037 2553 5122 quotiens
2596 5038 2754 5101 talia
2794 5038 3046 5103 solvere
3088 5042 3504 5124 neglexerint
3543 5065 3662 5108 seu

601 5143 1081 5226 recusaverint,
1145 5143 1536 5209 auctoritate
1601 5150 1826 5208 nostra
1881 5142 2203 5228 imperiali
2253 5142 2375 5205 viis
2420 5148 2488 5207 et
2536 5142 2839 5209 remediis
2887 5146 3226 5229 oportunis
3274 5149 3664 5233 compellere

606 5251 925 5334 valea(n)t
987 5255 1057 5314 et
1117 5249 1470 5331 mulctare,
1537 5249 1775 5313 nostris
1836 5254 1904 5312 et
1961 5249 2219 5334 imperii
2270 5250 2433 5312 sacri
2471 5250 2732 5333 juribus
2779 5270 3037 5335 semper
3086 5252 3300 5316 salvis.
3398 5254 3673 5338 Signum

604 5357 999 5422 serenissimi
1047 5404 1063 5421 .
1092 5405 1108 5422 .
1137 5404 1153 5419 .
1183 5404 1198 5420 .
1246 5355 1609 5420 verbotenus
1656 5363 1728 5419 ut
1771 5376 1972 5440 supra
2020 5376 2246 5440 usque:
2306 5355 2388 5420 de
2436 5357 2879 5442 Rosemberg,
2931 5358 3191 5423 Tihimo
3240 5357 3322 5424 de
3374 5360 3675 5445 Kolditz,

606 5463 816 5527 Hasto
887 5462 969 5526 de
1039 5462 1425 5545 Zweretitz,
1500 5461 1895 5526 Wilhelmus
1964 5461 2047 5525 de
2118 5462 2541 5547 Hasemburg
2610 5467 2678 5526 et
2747 5462 2968 5527 Pocho
3042 5463 3123 5529 de
3188 5465 3681 5550 Ozastolowitz,

606 5589 864 5634 necnon
909 5569 1019 5634 alii
1067 5569 1484 5655 quamplures
1537 5568 1743 5632 nostri
1789 5574 1858 5632 et
1902 5568 2159 5654 imperii
2207 5568 2373 5631 sacri
2421 5567 2779 5654 principes,
2828 5570 3083 5634 nobiles
3124 5577 3192 5636 et
3230 5570 3487 5656 fideles,
3532 5596 3681 5662 pre-

606 5676 892 5740 sentium
954 5676 1076 5741 sub
1139 5675 1494 5761 imperialis
1557 5681 1779 5738 nostre
1845 5675 2207 5759 majestatis
2256 5673 2469 5758 sigillo
2518 5674 2891 5739 testimonio
2939 5675 3326 5743 litterarum.
3423 5681 3671 5746 Datum

828 5810 916 5870 11.
3371 5816 3452 5875 34
