4450 6684
825 564 1003 612 xx1v
2104 546 2595 614 In‘rnonucrro.

1051 766 1377 853 Idipsum,
1440 765 1614 853 quod
1679 765 1761 831 de
1825 765 2020 830 solita
2081 764 2590 852 dispensationis
2652 765 3149 832 matrimonialis
3212 787 3408 831 causa
3468 788 3664 853 supra
3708 766 3882 849 dixi,

828 871 1282 935 confirmatum
1345 869 1598 936 videbis
1662 891 1839 935 num.
1907 871 2072 953 589,
2140 869 2252 934 ubi
2301 870 2367 934 in
2417 869 2904 955 dispensatione
2952 891 3069 956 pro
3116 870 3489 956 Margareta
3535 870 3877 936 Wilhelmi

825 973 932 1039 III
995 974 1249 1039 comitis
1312 978 1470 1038 nata
1533 973 1710 1037 solus
1774 972 2103 1058 excipitur
2161 972 2456 1039 Eduardi
2521 974 2590 1039 11
2649 975 2823 1060 regis
2887 974 3169 1061 Angliae
3217 974 3407 1039 filius.
3503 974 3881 1040 Eorundem

834 1077 1366 1158 „matrimonialis
1426 1078 1801 1163 conjunctio
1866 1077 1948 1142 ad
2019 1078 2536 1143 stabilimentum
2600 1078 2820 1164 pacis’‘
2876 1079 3016 1163 jam
3081 1099 3306 1144 mense
3369 1077 3718 1143 Decembri
3774 1100 3880 1143 an.

835 1183 1006 1246 1318
1049 1182 1118 1245 in
1165 1182 1335 1246 votis
1382 1180 1506 1246 fuit
1554 1188 1621 1246 et
1661 1182 1961 1267 jamtunc
2011 1187 2113 1246 est
2161 1181 2563 1268 dispensatio
2610 1183 2819 1267 petita
2868 1189 3067 1268 atque
3116 1203 3221 1248 an.
3262 1183 3435 1247 1320
3466 1183 3779 1248 innovata
3807 1184 3877 1266 1).

828 1287 966 1374 Ipsi
1014 1292 1235 1352 tamen
1282 1285 1592 1351 Eduardo
1641 1292 1716 1351 ut
1763 1286 2071 1373 Philippa
2117 1287 2325 1352 altera
2373 1285 2668 1371 ejusdem
2719 1287 2976 1351 comitis
3024 1287 3157 1351 filia
3204 1286 3513 1370 nuberet,
3563 1308 3669 1352 an.
3710 1289 3880 1352 1327

828 1390 1157 1455 indultum
1207 1390 1499 1476 profecto
1549 1396 1671 1454 est.

1055 1500 1413 1565 Notatione
1476 1497 1654 1562 haud
1702 1496 1975 1582 indigna
2020 1496 2371 1578 videntur,
2418 1496 2656 1582 quibus
2703 1496 2866 1562 haec
2915 1497 3319 1585 dispensatio
3367 1496 3683 1580 adjuncta
3727 1496 3882 1579 fuit,

829 1610 1143 1689 tempora.
1240 1604 1365 1668 An.
1437 1603 1604 1665 1327
1675 1600 2072 1667 Wilhelmus
2134 1622 2350 1665 comes
2412 1600 2552 1683 111,
2619 1623 2658 1665 a
2723 1601 3061 1667 Ludovico
3119 1601 3200 1667 de
3245 1603 3562 1684 Bavaria,
3613 1610 3687 1667 ut
3733 1625 3880 1669 cum

828 1729 1067 1795 pompa
1128 1707 1395 1771 militari
1454 1705 1918 1771 Lombardiam
1983 1706 2240 1770 veniret
2287 1704 2820 1791 triumphumque
2870 1705 3271 1792 imperialem
3321 1727 3538 1771 coram
3585 1705 3874 1792 videret,

829 1800 1026 1877 etiam
1077 1817 1274 1897 atque
1323 1811 1519 1876 etiam
1566 1809 1883 1874 invitatus
1908 1810 1993 1893 2),
2041 1809 2170 1874 iter
2215 1809 2498 1874 Romam
2546 1810 2818 1895 paravit.
2901 1809 3090 1885 Quod
3139 1812 3365 1896 procul
3415 1810 3616 1876 dubio
3666 1811 3884 1878 adhuc

827 1936 1051 1981 mense
1114 1915 1295 1981 ‚Julio
1359 1915 1702 1979 consilium
1768 1913 1829 1977 ei
1886 1922 2028 1978 erat
2053 1913 2128 1996 3).
2219 1912 2495 1979 Interim
2557 1913 2826 1978 summis
2873 1916 3045 1980 votis
3094 1916 3453 2002 expetebat
3499 1915 3672 1981 filiae
3721 1938 3880 1983 suae

825 2020 1176 2108 Philippae
1227 2041 1374 2084 cum
1422 2017 1730 2084 Eduardo
1779 2037 1932 2103 rege
1981 2017 2086 2081 III
2134 2017 2416 2103 Angliae
2450 2019 2882 2102 connubium,
2933 2041 3129 2108 super
3161 2042 3289 2107 quo
3324 2021 3878 2108 dispensationem

832 2124 1131 2211 papalem
1182 2144 1391 2210 nuper
1437 2129 1579 2188 erat
1629 2121 2036 2208 deprecatus.
2102 2121 2459 2187 Rccusavit
2509 2143 2660 2187 vero
2711 2123 3016 2189 Summus
3063 2125 3409 2207 Pontifex,
3461 2126 3595 2190 suis
3628 2126 3757 2190 d.d.
3799 2129 3880 2191 14

829 2228 989 2294 Julii
1056 2230 1263 2293 literis
1326 2227 1645 2293 referens:
1719 2224 2146 2312 „quibusdam
2196 2230 2680 2312 presentialiter
2727 2229 3222 2296 occurrentibus
3272 2252 3404 2296 non
3452 2232 3592 2296 sine
3643 2251 3878 2316 magne

830 2337 1249 2402 discussionis
1299 2335 1601 2401 examine
1644 2333 1712 2397 in
1752 2333 2342 2398 considerationem
2384 2331 2753 2416 deductis”,
2797 2334 3170 2421 hujusmodi
3213 2335 3769 2422 dispensationem
3814 2336 3884 2401 S.

829 2443 1028 2508 Matri
1059 2440 1390 2506 Ecclesiae
1424 2460 1557 2504 non
1591 2438 1922 2524 expedire.
1973 2438 2148 2502 Huic
2181 2437 2486 2524 petitioni
2518 2437 2867 2523 quominus
2901 2438 3203 2505 dominus
3230 2440 3414 2527 Papa
3445 2442 3882 2524 consentiret,

832 2546 996 2610 nihil
1039 2544 1215 2611 aliud
1252 2544 1582 2609 obstitisse
1618 2543 1849 2627 opinor
1880 2563 2075 2629 quam
2107 2541 2447 2606 Wilhelmi
2482 2543 2736 2607 comitis
2770 2543 2851 2608 ad
2885 2550 3105 2629 partes
3137 2544 3456 2611 Ludovici
3489 2546 3662 2631 regis
3696 2552 3882 2611 noto·

833 2652 999 2715 rium
1068 2657 1223 2714 tunc
1287 2648 1596 2712 studium.
1691 2646 1985 2732 Accepta
2045 2652 2268 2711 autem
2332 2645 2672 2711 Pontificis
2734 2650 3181 2732 recusatione,
3231 2648 3573 2714 consilium
3620 2650 3882 2716 Italiam

835 2754 1103 2842 petendi
1153 2759 1439 2817 mutasse
1471 2750 1735 2816 videtur
1764 2750 2190 2832 Wilhelmus,
2227 2749 2466 2814 Adami
2500 2751 2788 2838 episcopi
2818 2751 3312 2836 Hei-fordensis,
3352 2774 3546 2838 quem
3580 2754 3883 2819 dominus

835 2860 1019 2946 Papa
1050 2858 1363 2922 nuncium
1397 2855 1858 2941 deputaverat,
1893 2854 2239 2918 monitioni
2270 2853 2697 2940 probabiliter
2730 2855 3102 2921 obsecutus.
3153 2856 3629 2943 Supplicationi
3664 2857 3881 2923 denuo

835 2962 1102 3027 interim
1148 2960 1392 3025 institit
1439 2957 1784 3023 Eduardus
1835 2957 2114 3041 Angliae
2161 2973 2313 3040 rex,
2363 2958 2496 3022 suis
2543 2957 2626 3022 ad
2674 2958 3045 3025 Johannem
3094 2981 3330 3047 papam
3377 2961 3584 3026 XXII
3626 2960 3753 3026 d.d.
3800 2964 3879 3026 15

835 3067 1121 3150 Augusti
1154 3064 1361 3129 literis
1384 3063 1439 3147 4)
1474 3083 1799 3142 asserens,
1838 3082 1907 3125 se
1932 3060 2361 3126 Wilhelmum
2395 3063 2701 3128 comitem
2734 3064 2902 3130 serio
2939 3064 3356 3130 adhortatum
3389 3066 3618 3147 fuisse,
3668 3066 3882 3152 „quod

837 3169 1210 3257 apostolicis
1256 3166 1686 3252 beneplacitis
1736 3170 1810 3229 ut
1856 3165 2034 3229 filius
2082 3164 2498 3231 obedientiae
2540 3188 2610 3231 se
2652 3167 2916 3233 studeat
2954 3168 3025 3232 in
3071 3169 3371 3233 omnibus
3412 3169 3882 3234 conformare.'’

836 3273 1001 3340 Inde
1065 3277 1213 3358 post
1275 3271 1527 3356 aliquot
1588 3267 2032 3335 hebdomades
2096 3269 2651 3355 dispensationem
2715 3293 3111 3359 magnopere
3160 3273 3553 3359 expetitam,
3604 3273 3717 3339 sed
3767 3295 3882 3340 ex·

838 3397 1058 3466 presse
1097 3378 1238 3461 jam
1285 3374 1712 3459 denegatam,
1762 3371 2069 3438 Summus
2117 3373 2428 3438 Pontifex
2478 3377 2771 3460 erogavit
2817 3378 3022 3459 (num.
3064 3378 3241 3461 725).
3307 3376 3669 3442 Redierant
3709 3379 3884 3444 enim

836 3484 905 3548 in
967 3480 1212 3546 curiam
1277 3479 1577 3565 papalem
1626 3476 1841 3542 Adam
1890 3476 2302 3562 supradictus
2351 3477 2590 3564 aliique
2639 3480 2980 3544 Wilhelmi
3030 3481 3285 3545 comitis
3332 3481 3589 3563 nuncii,
3646 3483 3888 3567 quibus

839 3585 1081 3653 auditis
1147 3584 1540 3668 cognitaque
1607 3582 2062 3661 excusatione,
2119 3582 2305 3666 cujus
2352 3581 2581 3647 literae
2631 3604 2889 3669 quoque
2938 3584 3341 3648 mentionem
3388 3584 3717 3666 fecerunt,
3768 3585 3886 3652 Jo-

837 3692 1090 3755 hannes
1151 3708 1322 3773 papa
1382 3685 1589 3751 XXII
1653 3684 1735 3749 de
1797 3691 2050 3749 mutato
2115 3686 2424 3771 principis
2484 3687 2753 3751 consilio
2801 3687 3040 3752 certior
3087 3694 3188 3752 est
3236 3687 3469 3752 factus,
3564 3688 3882 3755 Libenter

836 3795 1038 3880 igitur
1084 3796 1465 3877 exoptatam
1512 3789 1873 3876 impertivit
1906 3789 2462 3875 dispensationem
2495 3795 2564 3854 et
2597 3789 2703 3855 die
2737 3794 2776 3856 3
2812 3790 3217 3877 Septembris
3249 3792 3546 3879 proxime
3578 3794 3880 3879 sequenti

835 3898 917 3964 ad
965 3896 1396 3963 Wilhelmum
1444 3894 1749 3960 comitem
1784 3893 2401 3960 benevolentissime
2435 3894 2691 3958 scribit:
2748 3896 3279 3976 „excusationem
3313 3893 3674 3981 predictam
3706 3897 3888 3962 favo·

834 4002 1128 4067 rabiliter
1174 3999 1554 4065 admisimus
1602 4004 1669 4064 et
1718 4003 1814 4081 te,
1867 4019 2063 4084 quem
2110 3996 2373 4062 fidelem
2416 4005 2826 4063 sacrosancte
2862 4001 3160 4064 Romane
3197 3999 3469 4065 ecclesie
3500 4008 3884 4086 reputamus

834 4106 1039 4171 filium
1112 4111 1180 4169 et
1251 4103 1590 4185 devotum,
1656 4102 2004 4166 habuimus
2070 4108 2137 4165 et
2203 4100 2521 4166 habemus
2584 4102 2653 4166 in
2716 4102 2838 4167 hac
2901 4109 3088 4190 parte
3138 4104 3432 4167 totaliter
3476 4110 3884 4168 excusatum.

835 4210 1332 4296 subsequenter
1388 4227 1542 4271 vero
1601 4204 2160 4293 dispensationem
2212 4253 2227 4268 .
2256 4252 2272 4268 .
2302 4251 2320 4269 .
2347 4252 2364 4268 .
2423 4228 2463 4270 a
2509 4205 2698 4270 nobis
2745 4206 3080 4272 humiliter
3127 4213 3196 4272 et
3241 4208 3566 4272 instanter
3611 4208 3885 4294 petitam

833 4313 1141 4378 duximus
1209 4309 1740 4391 concedendam?
1806 4311 2012 4392 (num.
2084 4309 2261 4392 727).
2355 4309 2662 4374 Dubitari
2726 4331 2881 4395 ergo
2945 4331 3074 4374 non
3136 4316 3391 4396 potest,
3448 4312 3605 4396 quin
3654 4332 3883 4393 causa,

832 4438 947 4482 cur
1010 4417 1173 4481 haec
1243 4414 1644 4501 dispensatio
1695 4434 1868 4478 nunc
1913 4419 2245 4496 recusata,
2293 4434 2449 4478 mox
2495 4435 2650 4479 vero
2697 4415 3033 4500 impertita
3078 4415 3308 4498 fuerit,
3355 4414 3440 4479 ad
3487 4415 3890 4501 reipublicae

833 4523 918 4585 sit
969 4519 1316 4587 referenda
1360 4520 1670 4584 rationes.

1057 4625 1243 4690 Idem
1294 4623 1558 4688 omnino
1609 4620 1956 4687 dicendum
2006 4622 2268 4687 videtur
2315 4621 2396 4687 de
2445 4621 2965 4709 dispensatione,
3015 4642 3210 4707 quam
3244 4643 3347 4686 an.
3390 4623 3558 4687 1347
3595 4623 3883 4688 obtinuit

831 4728 1215 4816 Reynaldus
1277 4726 1384 4792 III
1441 4727 1701 4792 Gelriae
1750 4727 1886 4792 dux
1934 4728 2138 4809 (num.
2193 4727 2414 4809 1220).
2505 4725 2888 4791 Vehemens
2937 4732 3094 4790 tunc
3139 4726 3313 4791 inter
3361 4748 3431 4791 se
3480 4727 3725 4792 bellum
3773 4747 3887 4814 ge·

832 4833 1068 4898 rebant
1113 4832 1459 4918 Philippus
1506 4831 1607 4897 VI
1652 4831 1970 4896 Franciae
2019 4836 2086 4896 et
2132 4828 2480 4896 Eduardus
2528 4829 2633 4893 III
2680 4829 2963 4914 Angliae
3011 4850 3218 4914 reges.
3313 4829 3699 4918 Reynaldus
3740 4829 3879 4894 dux

832 4937 1166 5003 Gelrensis
1230 4937 1512 5024 primum
1574 4935 1838 5023 quidem
1900 4936 2120 5000 stabat
2176 4956 2215 4999 a
2275 4938 2459 5021 parte
2506 4932 2814 4998 avunculi
2861 4933 2959 4996 sui
3009 4932 3308 5018 Anglici,
3358 4956 3397 4998 a
3442 4954 3571 5019 quo
3619 4931 3705 4998 ad
3750 4954 3886 4997 ma-

832 5038 1207 5103 trimonium
1283 5059 1430 5102 cum
1460 5111 1468 5117 ,
1499 5036 1839 5102 Elisabeth
1903 5037 2157 5102 comitis
2219 5036 2611 5103 Juliacensis
2675 5037 2811 5101 filia
2865 5037 3383 5103 contrahendum
3431 5058 3656 5103 mense
3704 5038 3887 5121 Majo

995 5376 1051 5441 1)
1089 5376 1296 5426 Literae
1330 5373 1594 5439 supplices
1628 5373 1769 5439 regis
1806 5372 2027 5439 Angliae
2063 5373 2202 5438 apud
2239 5387 2287 5423 v,
2323 5371 2502 5422 Mieris
2543 5371 2880 5423 mareau-book
2913 5371 2982 5421 11.
3019 5370 3118 5421 204
3151 5376 3205 5421 et
3238 5369 3354 5421 246.

995 5457 1052 5521 2)
1088 5457 1295 5507 Literae
1341 5455 1677 5506 imitatoriae
1723 5455 1864 5519 apud
1906 5469 1953 5505 v.
1989 5453 2169 5505 Mieris
2211 5453 2550 5505 Charton-boel:
2586 5453 2654 5504 ΙΙ.
2690 5452 2817 5519 417,
2853 5452 2979 5519 421,
3018 5452 3144 5519 422,
3191 5451 3492 5503 Matthaeus
3525 5450 3779 5501 Analecta
3814 5447 3892 5500 11.

829 5537 1109 5590 655-662.

996 5618 1052 5683 3)
1089 5618 1195 5670 Cfr.
1230 5617 1529 5668 Matthaeus
1564 5617 1818 5667 Analecta
1855 5616 1922 5667 11.
1957 5615 2073 5667 666.

995 5700 1052 5766 4)
1088 5700 1203 5750 Van
1238 5698 1417 5749 Mieris
1458 5696 1793 5748 Ghmerboek
1828 5697 1894 5749 11.
1930 5694 2044 5747 438.
