4450 6684
922 543 1053 609 126
2219 544 2556 609 Uamnos
2607 542 2693 608 V.

1143 764 1534 831 Honestatis
1581 768 1651 829 et
1696 764 1993 829 scientie.
2021 811 2037 828 .
2065 812 2081 828 .
2111 813 2125 828 .
2176 764 2329 830 Dat.
2379 763 2710 830 Avinione
2731 813 2749 847 ,
2797 764 2903 829 III
2933 764 3045 829 Kl.
3080 764 3497 848 Decembris,
3544 785 3719 831 anno
3750 767 3979 853 primo.

1335 897 1596 962 1209.A0.
1639 898 1696 948 T.
1730 897 1788 960 4,
1816 898 1875 962 s.
1910 894 2027 948 321.

914 1362 1105 1432 1736.
1764 1405 1771 1410 -
1840 1367 2054 1449 1362,
2106 1363 2475 1430 Novembris
2522 1368 2644 1450 29,
2695 1366 3064 1433 Aveniom's.

1222 1519 1479 1585 Decano
1524 1520 1811 1585 ecclesiae
1867 1518 2049 1601 Traj.
2099 1519 2469 1604 mandatur,
2516 1527 2591 1585 ut
2639 1519 2967 1586 Florentio
2997 1520 3074 1585 de
3102 1519 3414 1585 Alcmade
3430 1527 3744 1606 perpetuo
3773 1522 3980 1607 capel-

1140 1626 1288 1691 lano
1334 1627 1403 1689 in
1449 1627 1704 1690 ecclesia
1751 1626 1827 1688 de
1889 1624 2273 1689 Warmonde
2291 1674 2308 1707 ,
2357 1628 2426 1689 in
2472 1626 2720 1691 artibus
2765 1628 3071 1712 maqistro
3112 1633 3170 1691 et
3201 1624 3488 1690 Parisiis
3531 1634 3678 1690 actu
3707 1629 3981 1713 reyenti,

1133 1740 1401 1796 reservet
1447 1733 1652 1797 simile
1701 1730 2065 1814 beneficium
2109 1730 2561 1813 conferendum
2607 1752 2648 1796 α
2694 1734 2978 1817 capitulo
3034 1731 3106 1796 B.
3157 1730 3415 1797 Mariae
3468 1731 3651 1816 Traj.

1132 1912 1423 1999 Dignum
1485 1914 1898 1979 arbitramur.
1930 1962 1945 1977 .
1973 1961 1988 1977 .
2019 1960 2035 1977 .
2100 1912 2254 1978 Dat.
2317 1913 2685 1994 Avinione,
2751 1912 2857 1977 ΠΙ
2902 1912 3015 1978 Kl.
3063 1912 3483 1997 Decembris,
3546 1913 3969 1999 pontificatus

909 2021 1117 2085 nostri
1165 2041 1339 2085 anno
1386 2021 1619 2107 primo.

1324 2153 1452 2217 περ.
1485 2156 1584 2203 Α..
1631 2155 1682 2202 r.
1719 2152 1777 2217 4,
1806 2154 1866 2219 s.
1902 2153 2040 2203 mv.

905 2600 1087 2669 1787.
1851 2605 2057 2688 1362,
2108 2603 2465 2668 Decembris
2511 2606 2628 2687 25,
2679 2603 3042 2671 Aveniom's.

1217 2758 1513 2824 Arnoldo
1559 2758 1635 2822 de
1684 2757 1942 2821 Hoerne
1965 2757 2019 2840 l)
2065 2759 2362 2822 canonico
2419 2755 2601 2840 Traj.
2650 2757 3046 2841 indulqetur‚
3097 2756 3267 2842 quod
3299 2763 3568 2842 praeter
3610 2758 3750 2822 alia
3793 2756 3964 2821 bene·

1129 2863 1281 2946 ficia
1325 2864 1536 2929 adhuc
1580 2865 1953 2949 diqnitatem
2000 2871 2293 2927 curatam
2342 2863 2616 2928 obtinere
2660 2864 2891 2927 valeat.

1126 3045 1386 3111 Dilecto
1434 3046 1569 3111 filio
1615 3046 1914 3111 Arnoldo
1951 3045 2033 3111 de
2065 3045 2336 3112 Hoerne
2368 3048 2682 3112 canonico
2714 3048 3151 3133 Trajectensi‚
3200 3048 3549 3114 licenciato
3577 3047 3648 3111 in
3679 3045 3929 3114 artibus
3949 3094 3968 3130 ,

902 3152 1183 3218 salutem
1230 3160 1340 3217 etc.
3877 3157 3886 3162 ’

1124 3258 1451 3324 Nobilitas
1497 3259 1778 3345 generis.
1807 3308 1822 3324 .
1851 3308 1867 3325 .
1896 3307 1913 3325 .
1979 3260 2154 3324 Hinc
2202 3265 2339 3336 est,
2404 3259 2580 3346 quod
2626 3281 2747 3324 nos
2795 3260 2925 3324 tuis
2972 3260 3566 3348 supplicacionibus
3609 3260 3950 3342 inclinati,

905 3371 1159 3448 tecum,
1223 3367 1367 3452 qui,
1433 3366 1601 3430 sicut
1661 3366 1927 3449 asseris,
1977 3365 2242 3430 scolaris
2290 3366 2358 3430 in
2413 3367 2566 3450 jure
2615 3365 2786 3430 civili
2836 3366 3066 3452 existis
3116 3372 3183 3430 et
3231 3365 3558 3431 defectum
3605 3364 3849 3453 pateris
3892 3361 3963 3428 in

897 3477 1112 3554 etate,
1161 3494 1308 3537 cum
1354 3472 1424 3537 in
1471 3472 1778 3538 vicesimo
1831 3473 2027 3538 tertio
2074 3472 2272 3538 etatis
2319 3477 2433 3537 tue
2480 3493 2653 3538 anno
2693 3473 3093 3540 constitutus
3133 3473 3393 3557 existis,
3443 3479 3520 3538 ut
3558 3472 3954 3558 dignitatem

896 3584 1223 3664 curatam,
1287 3579 1487 3645 etiam
1553 3579 1607 3644 si
1670 3578 1957 3665 dignitas
2020 3579 2164 3667 ipsa
2209 3580 2280 3644 in
2327 3579 2603 3644 ecclesia
2649 3578 3014 3644 cathedrali
3058 3581 3266 3665 maJor
3311 3585 3463 3668 post
3507 3578 3948 3666 pontificalem

898 3687 1143 3752 existat
1204 3693 1271 3752 et
1331 3687 1531 3752 etiam
1594 3686 1650 3751 si
1713 3685 1796 3750 ad
1860 3686 2039 3750 illam
2102 3686 2248 3772 quis
2301 3686 2719 3751 consueverit
2766 3707 2884 3772 per
2931 3686 3321 3751 electionem
3371 3686 3648 3770 assumi,
3698 3686 3754 3750 si
3802 3683 3961 3766 tibi,

896 3795 1010 3881 qui
1077 3793 1148 3857 in
1217 3792 1591 3859 Coloniensi
1663 3813 1811 3857 cum
1883 3791 2241 3880 prebenda.
2282 3798 2350 3856 et
2397 3791 2466 3856 in
2514 3793 2924 3876 Trajectensi
2978 3792 3270 3857 ecclesiis
3316 3793 3438 3857 sub
3485 3791 3946 3879 expectatione

896 3901 1232 3988 prebende
1292 3922 1367 3965 ac
1430 3899 1876 3988 supplementi
1941 3899 2363 3963 canonicatus
2427 3898 2723 3980 obtines,
2792 3904 2861 3963 et
2917 3898 3023 3963 cui
3070 3918 3281 3985 nuper
3326 3897 3408 3963 de
3453 3898 3841 3963 canonicatu
3887 3904 3957 3962 et

904 4007 1241 4096 prebenda
1285 4007 1547 4093 majoris
1581 4028 1655 4071 ac
1686 4006 2103 4093 prepositura
2134 4011 2359 4070 sancte
2396 4005 2623 4071 Crucis
2654 4003 3126 4070 Leodiensium
3157 4003 3606 4086 ecclesiarum,
3656 4004 3768 4091 qui
3797 4009 3955 4068 tunc

899 4121 1078 4180 certo
1146 4114 1340 4179 modo
1409 4124 1641 4178 vacare
1713 4112 2186 4199 sperabantur,
2258 4109 2711 4175 mandavimus
2783 4109 3148 4197 provideri,
3227 4109 3513 4196 dignitas
3581 4107 3956 4195 hujusmodi

909 4222 1068 4286 alias
1131 4220 1443 4286 canonice
1503 4219 1880 4284 conferatur
1946 4219 2050 4284 vel
2118 4217 2200 4283 ad
2269 4238 2414 4283 eam
2476 4217 2717 4282 assumi
2765 4222 2833 4282 te
2880 4217 3256 4302 contingat,
3302 4216 3508 4282 libere
3553 4217 3844 4304 recipere
3890 4220 3960 4280 et

894 4326 1075 4392 licite
1145 4326 1429 4391 retinere
1500 4324 1720 4389 valeas
1793 4323 2057 4389 defectu
2118 4322 2414 4411 predicto
2481 4369 2495 4385 .
2525 4368 2544 4386 .
2573 4370 2588 4386 .
2623 4371 2637 4386 .
2702 4342 3118 4408 nequaquam
3165 4320 3499 4404 obstante,
3571 4321 3961 4386 auctoritate

898 4431 1256 4519 apostolica
1303 4430 1385 4495 de
1434 4431 1699 4517 speciali
1751 4431 1965 4516 gratia
2014 4430 2488 4516 dispensamus.
2516 4475 2532 4493 .
2561 4475 2577 4492 .
2606 4474 2622 4492 .
2671 4426 2826 4493 Dat.
2874 4426 3238 4511 Avinione,
3281 4426 3454 4493 VIII
3484 4425 3595 4491 Kl.
3630 4425 3959 4510 Januarii,

895 4556 1068 4602 anno
1114 4538 1347 4625 primo.

1319 4672 1444 4736 Ray.
1478 4674 1575 4722 Ao.
1622 4674 1677 4723 T.
1710 4671 1770 4735 s,
1797 4674 1859 4737 s.
1894 4670 2022 4735 3483
2059 4672 2183 4734 περ.
2233 4669 2354 4720 ναι.
2397 4670 2451 4719 Τ.
2486 4666 2615 4731 261,
2651 4667 2865 4732 f.15v,
2901 4684 3014 4732 cap.
3047 4667 3129 4718 23.

1053 4816 1111 4882 1)
1159 4817 1262 4877 Qui
1312 4817 1412 4867 fuit
1463 4821 1642 4881 postea
1697 4831 1783 4867 an.
1835 4814 2169 4867 1371—1378
2220 4817 2496 4879 episcopus
2547 4812 2684 4876 Traj.
2736 4817 2790 4863 et
2835 4812 3025 4863 deinde
3070 4826 3241 4877 usque
3282 4812 3349 4863 ad
3394 4826 3483 4864 an.
3525 4810 3660 4863 1389
3702 4813 3979 4877 episcopus

888 4900 1209 4952 Leodiensis.

904 5304 1090 5373 1788.
1364 5363 1369 5370 .
1859 5307 2068 5390 1363,
2118 5307 2437 5371 Januarii
2480 5308 2604 5390 16,
2651 5306 3017 5370 Aveniom's.

1219 5458 1513 5525 Johanm·
1555 5460 1631 5524 de
1687 5459 1844 5524 Tuil
1891 5461 2208 5525 licentiato
2254 5462 2324 5524 in
2373 5459 2607 5545 leyibus
2654 5465 2715 5523 et
2760 5460 2830 5523 in
2876 5458 3137 5522 decretis
3185 5458 3592 5524 baccalaureo
3636 5458 3968 5542 confertur

1130 5567 1536 5630 canonicatus
1598 5573 1657 5630 et
1717 5573 2081 5630 reservatur
2131 5564 2502 5650 praebenda
2561 5585 2702 5629 cum
2747 5565 3179 5650 supplemento
3225 5566 3296 5630 in
3339 5565 3596 5630 ecclesia
3649 5563 3830 5650 Traj.
3883 5603 3964 5616 —

1127 5671 1544 5757 qutantur
1587 5679 1957 5736 executores.
