4450 6684
1932 581 2421 646 Ina-nonnemo.
3553 598 3708 649 xxv

652 797 839 863 valde
909 794 1405 863 sollicitabatur.
1496 799 1658 864 Mox
1732 818 1890 863 vero
1960 798 2352 864 consiliariis
2423 799 2557 863 suis
2627 798 3055 865 suadentibus
3123 798 3205 865 ad
3269 807 3487 888 partes
3545 802 3710 869 Phi·

650 902 810 989 lippi
872 902 1043 986 regis
1104 901 1424 968 Franciae
1487 903 1787 968 nonnihil
1849 901 2179 969 declinare
2243 902 2462 990 coepit
2515 908 2583 968 et
2630 909 2883 969 secreto
2931 904 3364 993 Antverpiam
3410 907 3522 990 iit,
3586 907 3701 971 ubi

650 1026 795 1070 cum
860 1004 1068 1071 Maria
1127 1005 1452 1072 Johannis
1514 1006 1618 1071 III
1679 1007 2076 1071 Brabantiae
2133 1006 2317 1071 ducis
2366 1014 2523 1072 nata
2569 1008 2823 1094 sibique
2860 1010 3000 1093 jam
3049 1029 3088 1073 a
3133 1010 3416 1096 pueritia
3463 1031 3708 1097 sponsa

650 1109 981 1195 assignata
1040 1109 1305 1197 nuptias
1368 1110 1747 1175 solemniter
1808 1109 2168 1175 celebraret
2195 1111 2270 1195 l).
2366 1110 2640 1177 Interim
2702 1132 2820 1198 pro
2885 1112 3138 1198 sponsis
3184 1112 3531 1201 Philippus
3579 1136 3700 1181 rex

649 1234 872 1279 mense
935 1212 1137 1279 Junio
1200 1235 1397 1300 super
1459 1214 1731 1279 diversis
1793 1212 2282 1300 impedimentis
2345 1213 2901 1302 dispensationem
2948 1217 3352 1302 impetravit,
3412 1220 3526 1283 vix
3572 1220 3703 1284 alia

651 1316 887 1382 ductus
931 1318 1188 1383 ratione
1236 1338 1432 1404 quam
1479 1324 1553 1382 ut
1601 1318 1723 1382 sibi
1763 1317 2182 1404 Reynaldum
2230 1318 2464 1384 ducem
2498 1320 2869 1386 associaret.
2937 1320 3389 1386 Aretissimam
3424 1323 3704 1409 proinde

647 1421 821 1486 inter
886 1421 1011 1486 hoc
1082 1442 1290 1507 genus
1364 1421 1924 1508 dispensationum
1997 1428 2064 1488 et
2126 1424 2527 1510 reipublicae
2592 1424 2859 1510 negotia
2906 1425 3433 1511 conjunctionem
3482 1426 3702 1493 denuo

532 1614 545 1621 ψ
651 1525 909 1591 obviam
956 1525 1292 1591 habemus.

873 1630 1175 1717 Denique
1246 1636 1319 1695 ut
1390 1630 1608 1695 nullus
1680 1640 2018 1698 remaneat
2081 1632 2459 1719 ambigendi
2518 1632 2737 1715 locus,
2800 1632 3175 1719 hujusmodi
3236 1635 3702 1719 conjunctione

650 1730 995 1799 deficiente
1060 1755 1164 1798 an.
1235 1735 1403 1799 1373
1468 1733 2024 1821 dispensationem
2081 1736 2664 1821 matrimonialem,
2723 1758 2919 1823 quam
2967 1758 3082 1823 pro
3131 1739 3330 1802 Anna
3377 1744 3533 1804 nata
3579 1760 3700 1803 sua

648 1842 715 1903 et
784 1837 1061 1903 Alberto
1134 1844 1291 1903 nato
1362 1839 1618 1904 Alberti
1697 1838 1919 1920 „ducis
1991 1840 2432 1906 Hollandiae”
2500 1841 2702 1906 semel
2764 1848 2962 1927 atque
3024 1842 3265 1906 iterum
3328 1843 3700 1928 expetierat

645 1941 917 2006 Carolus
981 1942 1432 2008 Romanorum
1495 1943 1862 2030 Imperator
1918 1945 2052 2026 IV,
2113 1952 2479 2011 recusatam
2529 1944 2826 2009 videmus
2873 1947 3077 2030 (num.
3128 1948 3353 2030 2118).
3444 1947 3527 2011 In
3574 1968 3693 2011 suo

646 2046 967 2112 benevolo
1014 2046 1281 2132 quidem
1328 2049 1643 2134 rescripto
1693 2049 2048 2134 Gregorius
2095 2070 2268 2135 papa
2304 2049 2408 2114 XI
2446 2051 2542 2114 ita
2584 2070 2654 2115 se
2695 2056 3000 2115 excusat:
3056 2051 3249 2136 „quia
3288 2051 3461 2116 inter
3503 2051 3699 2116 caris-

650 2150 881 2215 simum
946 2153 1014 2216 in
1078 2152 1337 2218 Christo
1399 2152 1608 2218 filium
1673 2159 1969 2219 nostrum
2016 2154 2486 2227 Wenceslaum
2531 2175 2753 2239 regem
2800 2154 3069 2219 Boemie
3117 2155 3442 2220 illustrem
3488 2155 3696 2221 filium

653 2261 835 2320 tuum
900 2261 969 2322 et
1029 2255 1334 2322 dilectam
1399 2257 1468 2321 in
1530 2257 1791 2323 Christo
1848 2257 2048 2322 filiam
2106 2260 2372 2324 Annam
2419 2258 2622 2344 ipsius
2671 2257 2853 2322 ducis
2901 2263 3090 2322 natos
3138 2263 3546 2325 contractum
3593 2265 3698 2326 est

649 2359 1133 2426 matrimonium
1194 2367 1264 2426 et
1326 2363 1526 2428 etiam
1590 2369 2151 2446 consummatum,
2214 2368 2483 2450 propter
2530 2360 2705 2450 quod
2753 2363 2925 2427 inter
2973 2369 3040 2428 te
3088 2368 3155 2427 et
3199 2363 3415 2450 ipsum
3460 2363 3693 2431 ducem

650 2464 829 2529 nulla
889 2472 992 2531 est
1040 2465 1392 2549 dissentio,
1452 2488 1683 2533 rancor
1730 2466 1835 2532 vel
1884 2466 2106 2531 odium
2156 2487 2277 2531 nec
2326 2471 2671 2553 sperantur
2716 2467 3156 2531 verisimiliter
3202 2467 3489 2533 exhoriri
3538 2516 3554 2532 .
3584 2517 3600 2533 .
3629 2517 3644 2534 .
3675 2517 3693 2535 .

649 2589 768 2634 nec
814 2568 1096 2635 vidimus
1143 2571 1603 2637 necessitatem
1650 2570 1756 2636 vel
1803 2571 2167 2657 periculum
2215 2577 2489 2659 propter
2535 2573 2660 2636 hoc
2708 2571 3085 2654 imminere,
3153 2572 3695 2658 supplicationem

649 2679 826 2739 tuam
874 2673 1249 2760 hujusmodi
1296 2697 1426 2740 non
1476 2675 1782 2740 duximus
1832 2722 1847 2739 .
1876 2721 1892 2738 .
1921 2722 1937 2738 .
1967 2723 1982 2740 .
2034 2674 2529 2741 admittendam.

867 2780 1121 2846 Ultima
1167 2780 1327 2846 haec
1376 2803 1415 2846 a
1462 2780 1865 2868 principibus
1912 2781 2153 2845 nostris
2200 2786 2355 2845 ante
2402 2800 2507 2844 an.
2565 2781 2734 2845 1378
2781 2780 3079 2866 expetita
3115 2778 3519 2866 dispensatio
3561 2802 3697 2846 ma-

648 2884 1033 2950 trimonialis
1079 2906 1213 2949 una
1261 2891 1328 2950 et
1378 2886 1518 2951 sola
1565 2892 1694 2969 est,
1744 2886 1849 2951 cui
1880 2885 2275 2951 Pontificem
2306 2885 2682 2950 Romanum
2723 2884 3240 2951 irrevocabiliter
3272 2906 3463 2950 suum
3498 2886 3697 2952 dene-

644 3007 830 3072 gasse
877 3010 1215 3055 assensum
1261 2992 1583 3057 novimus.

866 3093 1104 3159 Restat
1167 3095 1482 3181 denique,
1547 3101 1622 3160 ut
1684 3095 1752 3159 in
1817 3098 2173 3180 conspectu
2240 3099 2524 3181 ponatur
2587 3093 2855 3177 modus,
2916 3115 3043 3181 quo
3104 3095 3433 3182 principes
3482 3097 3693 3162 nostri
3787 3118 3951 3169 Primi
3907 3137 4037 3186 epos

644 3218 809 3263 saec.
858 3197 1027 3263 XIV
1072 3219 1221 3263 cum
1268 3199 1464 3264 rebus
1511 3198 1812 3264 civilibus
1858 3199 2062 3263 totius
2110 3199 2378 3285 Imperii
2426 3199 2761 3284 conjuncti
2806 3200 2876 3264 in
2922 3200 3214 3265 Bullario
3261 3200 3594 3287 leguntur.
3706 3190 4076 3321 ¹¹⁰⁸t1mtgzriss¹¹
4078 3206 4107 3239 ⁸

868 3301 1120 3377 Quibus
1179 3301 1586 3390 implicatum
1649 3323 1806 3389 prae
1869 3303 2142 3368 caeteris
2198 3303 2497 3370 videmus
2543 3302 2976 3369 Wilhelmum
3025 3303 3132 3369 III
3177 3306 3484 3371 comitem
3529 3306 3693 3371 Hol·
3784 3323 4043 3390 implicati.

642 3405 931 3491 landiae,
997 3428 1191 3494 quem
1251 3428 1398 3473 cum
1445 3406 1713 3493 regibus
1761 3413 1830 3472 et
1876 3408 2278 3494 principibus
2327 3408 2429 3473 sui
2477 3409 2789 3493 temporis
2836 3412 3049 3472 arctas
3097 3429 3339 3495 easque
3387 3409 3692 3496 frequen·

643 3511 924 3577 tissimas
987 3512 1339 3578 relationes
1401 3511 1679 3578 coluisse
1744 3517 1973 3576 notum
2035 3517 2154 3577 est.
2250 3512 2489 3577 Paucis
2553 3511 2880 3597 attingere
2929 3512 3238 3596 sufficiat,
3307 3533 3428 3579 nos
3474 3515 3695 3600 legere

643 3637 791 3681 eum
853 3638 969 3704 pro
1031 3616 1420 3682 liberatione
1481 3614 1905 3682 Mathehudis
1970 3616 2397 3702 principissae
2445 3615 2792 3701 Achayae,
2842 3636 3038 3701 quam
3088 3637 3193 3681 an.
3248 3619 3692 3683 1322-1323

639 3720 972 3786 Robertus
1021 3719 1280 3786 Siciliae
1327 3742 1446 3786 rex
1494 3719 1950 3801 custodiverit,
1998 3740 2182 3785 suam
2215 3720 2686 3807 interposuisse
2719 3719 3179 3784 auctoritatem
3218 3719 3690 3808 Summumque

638 3823 1028 3890 Pontificem
1092 3830 1226 3889 tam
1273 3845 1390 3911 per
1435 3824 1659 3889 literas
1706 3844 1901 3909 quam
1947 3844 2066 3910 per
2111 3824 2424 3889 nuncium
2473 3822 2894 3909 deprecatum
2945 3822 3144 3889 fuisse
3191 3825 3464 3909 (numm.
3516 3828 3683 3910 202,

641 3930 818 4012 627).
3440 3989 3443 3993 .

862 4031 1137 4118 Saepius
1206 4038 1428 4097 autem
1501 4037 1569 4097 et
1638 4031 1901 4119 quidem
1964 4031 2232 4118 propius
2293 4031 2739 4115 altercationi,
2801 4031 2976 4096 inter
3031 4030 3399 4097 {Iohannem
3449 4052 3688 4119 papam

637 4136 842 4203 XXII
890 4143 957 4203 et
1002 4135 1412 4203 Ludovicum
1452 4136 1552 4201 IV
1592 4136 2103 4223 Imperatorem,
2155 4155 2352 4220 quem
2390 4136 2718 4200 Bavarum
2755 4135 2953 4220 vulgo
2991 4140 3406 4221 nuncupant,
3455 4135 3687 4221 perdiu

637 4241 925 4327 agitatae
970 4239 1146 4307 idem
1180 4260 1398 4305 comes
1431 4239 1750 4306 interfuit.
1815 4239 1966 4305 Jam
2001 4240 2082 4304 ab
2115 4240 2304 4304 initio
2340 4244 2629 4305 sectatus
2662 4244 2765 4304 est
2795 4237 3112 4304 Ludovici
3145 4243 3400 4325 partes,
3435 4239 3546 4325 qui
3580 4239 3686 4305 die

640 4347 720 4409 19
768 4345 1068 4411 Octobris
1117 4365 1224 4409 an.
1280 4345 1450 4408 1314
1500 4344 1693 4407 simul
1739 4364 1888 4408 cum
1935 4342 2288 4408 Frederico
2328 4343 2678 4409 Austriaco
2718 4364 2839 4408 rex
2883 4342 3162 4425 electus,
3212 4341 3295 4405 ad
3326 4341 3686 4428 Imperium

635 4448 758 4514 sibi
799 4446 1263 4513 vindicandum
1304 4446 1690 4512 acerrimum
1736 4447 2049 4513 adversus
2083 4447 2414 4512 aemulum
2449 4468 2639 4512 suum
2672 4446 2987 4511 sustinuit
3019 4452 3371 4511 certamen.
3421 4445 3686 4512 Etenim

631 4572 855 4616 mense
923 4550 1160 4616 Martio
1231 4570 1336 4615 an.
1413 4552 1586 4615 1315
1655 4549 2034 4617 Ludovicus
2103 4571 2223 4615 rex
2287 4551 2605 4616 sinceram
2673 4571 2830 4637 erga
2892 4570 2962 4614 se
3023 4549 3365 4614 Wilhelmi
3429 4550 3685 4615 comitis

631 4654 1047 4721 devotionem
1093 4654 1401 4721 laudibus
1448 4654 1667 4736 effert,
1715 4655 1930 4720 eidem
1979 4655 2197 4721 omnia
2246 4655 2592 4743 privilegia
2632 4655 2972 4739 hucusque
3005 4674 3045 4718 a
3076 4652 3342 4738 regibus
3377 4673 3685 4718 concessa

630 4759 903 4825 innovat
949 4766 1019 4825 et
1064 4759 1435 4843 confirmat,
1486 4779 1609 4825 nec
1655 4759 1862 4824 multo
1910 4764 2061 4847 post
2109 4780 2303 4825 omne
2334 4760 2446 4845 jus
2476 4758 2746 4846 Imperii
2781 4757 3059 4823 remittit
3090 4757 3383 4843 aliosque
3413 4757 3683 4842 insuper

630 4863 882 4929 favores
950 4863 1342 4950 impertitur.
1367 4865 1423 4948 2)
1514 4864 1796 4947 Contra,
1868 4863 2201 4929 Frederici
2273 4862 2605 4929 Austriaci
2675 4867 2895 4949 partes
2966 4861 3187 4925 statim
3253 4864 3515 4925 secutus
3578 4864 3682 4923 est

629 4966 1013 5054 Raynaldus
1074 4988 1292 5033 comes
1355 4968 1392 5033 Ι
1452 4968 1749 5051 Gelriae,
1811 4968 2054 5054 quippe
2105 4968 2217 5053 qui
2263 4987 2490 5033 mense
2536 4965 2895 5031 Novembri
2941 4985 3045 5028 an.
3102 4965 3273 5027 1314
3324 4983 3470 5027 cum
3517 4962 3677 5028 Fre-

631 5069 844 5137 derico
916 5056 1296 5139 societatem
1366 5072 1618 5155 inierit,
1692 5071 1893 5137 filiam
1964 5091 2147 5135 suam
2209 5070 2559 5136 Isabellam
2623 5067 3121 5156 desponsaverit
3185 5071 3252 5132 et
3314 5065 3396 5130 ab
3445 5064 3676 5130 eodem

629 5195 780 5261 rege
827 5197 931 5240 an.
988 5177 1155 5241 1317
1205 5176 1473 5264 Imperii
1518 5177 1885 5263 principum
1932 5174 2300 5261 adscriptus
2347 5174 2433 5238 sit
2482 5193 2774 5238 numero.
2799 5172 2853 5257 3)
2931 5170 3161 5256 Usque
3208 5167 3289 5235 ad
3341 5190 3445 5234 an.
3503 5170 3675 5233 1322

787 5563 842 5616 1)
879 5564 992 5614 Van
1030 5563 1205 5627 Spaen
1243 5561 1433 5611 Inlez‘di
1413 5577 1498 5625 ηις
1534 5560 1603 5610 11.
1636 5556 1925 5621 262—267;
1962 5556 2167 5622 Nijhon'
2201 5554 2277 5604 Ge
2278 5551 2796 5616 denkwaardiyheden
2831 5551 2898 5602 11.
2935 5565 2986 5615 p.
3020 5562 3140 5601 xvn
3176 5564 3287 5616 seq.

788 5643 843 5706 2)
878 5644 941 5693 Di
927 5645 1174 5708 nplomata
1209 5644 1345 5707 apud
1381 5657 1483 5692 van
1522 5641 1589 5690 M·
1577 5642 1701 5691 1eris
1741 5639 2043 5689 Charta-boe
2041 5638 2077 5688 k
2112 5633 2656 5700 11.141,145,146.

788 5724 843 5789 3)
880 5724 982 5775 Csr.
1019 5739 1180 5799 supra
1216 5723 1414 5774 Introd.
1450 5737 1498 5787 p.
1536 5720 1688 5772 XXII
1725 5726 1777 5770 et
1814 5735 1915 5770 vau
1955 5718 2126 5782 Spaen
2166 5714 2390 5767 Inzeidin
2359 5732 2423 5779 ny
2459 5714 2526 5765 11.
2561 5713 2675 5779 (94)
2710 5727 2818 5777 seq.
