4450 6684
796 485 928 549 406
1951 484 2173 550 Isou
2228 484 2720 550 Pnnsoiuauu.

795 703 1208 782 Margarita
1241 722 1398 765 uxor
1426 704 1666 765 Nicolai
1695 705 1769 766 de
1797 706 2039 767 Loenen
2067 708 2247 766 2161.

798 847 881 858 -
941 833 1099 875 uxor
1167 814 1418 875 Henrici
1487 815 1562 876 de
1628 816 1887 877 Homoet
1955 816 2110 877 dom.
2173 816 2248 876 de

880 924 1258 1003 Nienwbnrg
1298 926 1473 986 2082.

802 1068 875 1080 -
921 1054 1078 1097 uxor
1118 1035 1392 1095 Danielis
1435 1036 1509 1096 de
1549 1036 1845 1098 Merwede
1883 1037 2060 1096 2173.

799 1145 1031 1205 Maria
1080 1144 1266 1205 vidua
1304 1144 1548 1206 Ottonis
1589 1145 1683 1205 IV
1724 1147 1866 1225 imp.
1911 1147 2057 1223 255,
2098 1147 2249 1226 256,

880 1254 1001 1314 Int.
1043 1255 1277 1315 LXXI.

806 1398 880 1410 —
923 1384 1082 1426 uxor
1102 1365 1356 1426 Arnoldi
1385 1365 1460 1426 de
1482 1366 1823 1426 Ysselstein
1858 1368 2039 1443 1080,
2075 1369 2248 1445 1117,

886 1475 1059 1535 1818.

808 1617 880 1627 --
940 1583 1014 1642 de
1069 1584 1361 1644 Pollanen
1415 1603 1573 1645 uxor
1624 1584 1877 1646 Gerardi
1919 1586 1993 1646 de
2032 1587 2252 1647 Heem·

884 1693 1095 1752 steden
1140 1694 1312 1753 1169.

807 1836 880 1846 -
938 1808 1084 1862 nata
1139 1802 1437 1863 Johannis
1490 1804 1592 1863 111
1643 1804 1815 1865 ducis
1857 1807 2251 1883 Brabantiae,

884 1929 1043 1971 uxor
1096 1912 1379 1972 Reinaldi
1421 1913 1523 1972 111
1566 1914 1739 1974 ducis
1781 1914 2026 1975 Gelriae
2072 1916 2255 1993 1220,

890 2022 1306 2099 1265-1267,
1356 2025 1539 2101 1759,
1582 2025 1703 2085 Int.
1746 2024 2006 2102 XXIII,
2050 2025 2257 2102 XXV,

890 2130 1210 2208 XXXIX,
1252 2132 1482 2209 XLIV,
1524 2134 1823 2194 XLVIII.

812 2270 889 2285 —
923 2246 1070 2300 nata
1089 2241 1351 2302 Walteri
1375 2242 1912 2322 Serwautermans,
1934 2263 2090 2306 uxor
2112 2245 2259 2304 Hel-

891 2350 1002 2409 lini
1047 2350 1122 2411 de
1164 2350 1413 2412 Steland
1459 2354 1633 2413 1223.

815 2495 890 2506 —
934 2482 1092 2523 uxor
1134 2464 1433 2525 «Iohannis
1474 2466 1550 2526 de
1589 2466 1756 2526 Moro
1803 2468 1972 2527 1332.

815 2606 888 2618 —
934 2593 1092 2635 uxor
1139 2574 1511 2636 Gbiselberti
1551 2578 1790 2637 comitis
1833 2578 1907 2638 de
1936 2577 2259 2657 Utengoye

897 2684 1068 2743 1519.

814 2827 887 2838 -
946 2799 1092 2853 nata
1147 2794 1448 2854 Wolfardi
1504 2796 1578 2856 de
1620 2795 1903 2874 Jerseke,
1955 2817 2112 2859 uxor
2154 2800 2262 2860 Jo-

892 2902 1112 2963 hannis
1150 2903 1281 2962 nati
1322 2904 1527 2964 Loden
1570 2905 1644 2965 de
1685 2903 1941 2967 Jerseke
1988 2908 2159 2966 1587.

813 3044 886 3056 -
929 3031 1088 3073 uxor
1129 3012 1171 3073 J
1174 3013 1350 3074 udoci
1392 3014 1466 3075 de
1509 3016 1903 3094 Zomerghem
1951 3018 2121 3076 1684.

817 3155 892 3166 -
949 3127 1095 3181 nata
1136 3123 1479 3183 Balduwini
1519 3125 1798 3201 Mannee,
1842 3144 1999 3186 uxor
2043 3126 2260 3187 Jacobi

894 3233 1043 3293 dicti
1105 3233 1436 3293 Boenaerts
1499 3234 1689 3312 Zoen,
1760 3234 1974 3294 deiude
2035 3237 2260 3296 Alondi

892 3344 1023 3401 nati
1067 3343 1233 3403 Petri
1277 3344 1550 3403 Danielis
1596 3345 1769 3404 1739.

815 3485 888 3496 -
933 3471 1090 3512 uxor
1130 3449 1388 3512 Oliverii
1431 3452 1581 3513 dom.
1615 3453 1689 3512 de
1716 3454 2052 3532 Henenghe
2090 3459 2259 3516 1771.

814 3595 888 3606 -
933 3562 1112 3622 Pauli
1152 3581 1311 3622 uxor
1352 3561 1521 3622 Petri
1557 3563 1870 3625 Michaelis
1912 3567 2088 3625 2134.

812 3671 1137 3732 Marinus
1178 3690 1368 3750 mag„
1420 3672 1717 3733 vicecanc.
1762 3674 2066 3734 Romanus
2115 3679 2255 3743 162.

895 3782 1037 3857 163,
1086 3783 1225 3857 176,
1269 3782 1419 3857 225,
1462 3783 1600 3842 262.

808 3890 1199 3951 Marselius
1228 3891 1471 3951 Alberti
1494 3892 1568 3952 de
1592 3892 2059 3954 Woudrincbem
2082 3897 2225 3956 cler.
2241 3940 2257 3973 ,

887 4006 1088 4062 rector
1129 4003 1276 4063 eccl.
1318 4003 1394 4063 de
1435 4002 1636 4062 Welle
1683 4005 1857 4064 1187.

806 4112 1177 4177 Martinus
1216 4131 1374 4191 papa
1415 4112 1508 4170 IV
1552 4113 1898 4191 349-357,
1937 4117 2084 4191 360,
2111 4117 2259 4193 489,

892 4222 1029 4280 490.

804 4364 887 4399 ,-
931 4349 1124 4409 mag„
1168 4332 1320 4392 thes.
1367 4331 1427 4391 S.
1468 4332 1697 4392 Mariae
1740 4333 1902 4411 Traj.
1952 4336 2083 4393 158.

812 4473 887 4485 —-
931 4441 1231 4518 Alphardi
1262 4443 1335 4501 ‹le
1366 4440 1704 4519 Sutphania
1731 4462 1861 4503 can.
1893 4444 2262 4504 Xanctensis

892 4555 955 4610 et
996 4551 1178 4627 Dav„
1222 4550 1413 4611 benef.
1456 4569 1494 4610 a
1525 4570 1654 4629 cap.
1692 4553 1876 4629 Dav.,
1920 4554 2075 4614 thes.
2114 4555 2262 4614 Zut-

891 4661 1239 4739 phaniensis
1279 4663 1427 4738 696,
1475 4664 1659 4738 1306,
1709 4665 1890 4740 1332,
1940 4665 2112 4723 1426.

814 4805 888 4817 -
932 4773 1006 4832 de
1030 4772 1623 4851 Sanctopetroveteri
1646 4774 1800 4834 thes.
1825 4776 2228 4837 Lausanensis
2245 4820 2261 4853 ,

892 4901 1023 4942 can.
1070 4882 1233 4959 Traj.
1283 4884 1455 4943 1263.

812 5025 894 5037 -
935 4992 1149 5052 Jacobi
1193 5011 1349 5070 mag.
1394 4997 1538 5069 art.,
1582 4993 1726 5053 cler.
1769 4994 1964 5054 benef.
2005 4994 2063 5054 S.
2096 4994 2260 5057 Salv.

797 5140 815 5149 -
895 5102 1059 5179 Traj.
1111 5102 1281 5161 1939.

815 5245 889 5257 -
950 5212 1256 5272 Florencii
1310 5230 1471 5289 proc.
1522 5213 1585 5270 in
1628 5214 1800 5273 curia
1847 5215 2028 5290 1987,
2072 5216 2262 5292 2095,

792 5357 813 5370 ·
894 5323 1015 5382 Int.
1057 5321 1352 5381 LXXVI.

817 5464 890 5476 —
952 5431 1202 5491 Martini
1263 5431 1337 5490 de
1399 5431 1567 5491 Delft
1628 5434 1827 5510 presb.
1893 5435 2083 5510 2263,
2140 5434 2263 5494 Int.

794 5586 805 5615 e
899 5541 1031 5601 XL.

822 5682 895 5694 —
939 5669 1125 5728 mag.,
1170 5651 1469 5711 vicecanc.
1513 5651 1819 5711 Romanus
1860 5654 2063 5712 2276..
2148 5698 2153 5703 -

2427 704 2897 765 Mathehudis
2958 704 3324 783 principissa
3382 704 3672 783 Achayae
3725 706 3866 782 602,

2508 816 2655 891 627,
2699 815 2819 874 Int.
2863 814 3067 874 XXV.

2428 925 2763 987 Matheus
2806 945 2901 1004 ep.
2945 925 3300 987 Portnensis
3342 926 3490 1002 416,
3531 927 3670 985 419.

2434 1069 2507 1081 -
2550 1035 2861 1097 Ciceronis
2903 1040 3200 1095 mercator
3242 1034 3550 1095 Romanus
3593 1035 3728 1094 439.

2432 1179 2505 1191 -
2550 1145 2625 1206 de
2669 1143 3141 1206 Vicecomitibus
3182 1145 3259 1206 de
3302 1144 3641 1206 Mediolano
3681 1145 3814 1204 636.

2433 1290 2506 1301 -
2553 1254 2611 1315 S.
2658 1254 2957 1315 Johannis
2990 1260 3053 1319 et
3083 1256 3260 1316 Pauli
3292 1256 3489 1333 presb.
3520 1253 3700 1316 Oard.
3729 1255 3869 1329 868,

2511 1367 2657 1442 870,
2697 1366 2836 1426 874.

2430 1475 2538 1536 Ma
2552 1476 2749 1536 thias
2779 1474 3043 1554 archiep.
3067 1474 3552 1554 Mognntinensis
3577 1473 3720 1548 720,
3740 1473 3869 1531 721.

2434 1619 2508 1630 -
2554 1585 2627 1644 de
2669 1585 2996 1646 Kalemnnt
3037 1603 3170 1646 can.
3216 1585 3382 1662 Traj.
3425 1585 3565 1644 811.

2437 1730 2510 1740 -
2554 1695 2631 1755 de
2671 1695 2911 1755 Bierste
2950 1714 3080 1755 can.
3126 1695 3292 1771 Traj.
3336 1696 3474 1754 888.

2439 1839 2511 1850 -
2555 1805 2630 1865 de
2668 1805 2886 1867 Castro
2925 1807 3124 1885 presb.
3172 1807 3354 1881 1369,
3396 1804 3518 1863 Int.
3561 1805 3696 1863 XL.

2441 1950 2512 1961 —
2559 1916 2601 1975 J
2604 1916 2859 1977 ohannis
2899 1915 3086 1976 Fabri
3128 1920 3334 1976 custos
3376 1914 3451 1975 de
3481 1912 3874 1991 Boudewijus·

2518 2025 2734 2101 kerke,
2791 2025 3007 2085 deinde
3056 2024 3274 2103 capell.
3319 2022 3379 2084 S.
3422 2024 3594 2083 Petri
3634 2022 3873 2082 Middel-

2521 2136 2841 2214 bnrgensis
2889 2136 3060 2195 1559.

2438 2280 2521 2291 -
2559 2246 2729 2305 Petri
2772 2246 2971 2323 presb.
3013 2244 3208 2305 benef.
3249 2262 3288 2304 a
3327 2262 3484 2305 mon.
3520 2243 3875 2303 Middelbur·

2519 2355 2693 2433 gensi
2738 2355 2912 2414 1968.

2441 2499 2514 2510 -
2558 2465 2906 2544 Roedrager
2949 2465 3126 2523 2172.

2439 2575 2777 2636 Matildis
2819 2574 3157 2651 (Mateldis,
3192 2574 3533 2649 mathildis,
3565 2572 3873 2645 Mattildis)

2522 2686 2858 2747 concubina
2898 2685 3213 2744 Wilhelmi
3255 2684 3411 2745 dom.
3449 2684 3525 2743 de
3554 2682 3721 2742 Strin
3747 2684 3874 2742 246.

2440 2829 2523 2841 -
2575 2801 2720 2855 nata
2774 2795 3030 2857 Arnoldi
3085 2794 3311 2855 domini
3366 2793 3442 2853 de
3495 2791 3874 2865 Qnakebeke,

2521 2924 2679 2965 uxor
2720 2903 2960 2965 Alberti
2988 2904 3062 2964 de
3091 2904 3297 2964 Vorne
3326 2904 3474 2979 666,
3507 2902 3626 2962 Int.
3658 2900 3874 2961 XLVI.

2445 3050 2518 3060 —
2571 3015 2699 3075 fllia
2739 3015 3021 3077 Reinaldi
3066 3014 3132 3073 ΙΙ
3173 3014 3413 3074 comitis
3454 3012 3698 3072 Gelriae
3739 3009 3874 3083 759,

2520 3126 2643 3185 Int.
2687 3125 2937 3184 XXIII.

2445 3270 2518 3280 —
2580 3241 2726 3295 nata
2789 3236 2828 3294 J
2833 3235 3088 3296 ohannis
3143 3234 3218 3295 de
3274 3235 3496 3309 Zulen,
3545 3230 3875 3305 domicella,

2522 3365 2679 3407 uxor
2722 3345 2966 3406 Ottonis
3008 3345 3083 3405 de
3123 3345 3461 3422 Iselsteyne
3507 3343 3678 3402 1103.

2444 3491 2517 3501 -
2558 3461 2705 3515 nata
2744 3455 2786 3514 J
2789 3455 3044 3516 ohannis
3086 3455 3241 3514 dom.
3284 3453 3360 3514 de
3400 3453 3588 3513 Arkel
3635 3453 3802 3512 1252.

2444 3600 2517 3610 -
2561 3565 2798 3626 domina
2840 3566 2914 3625 de
2956 3564 3177 3626 Vornis
3224 3566 3396 3624 1330.

2444 3709 2518 3721 -
2559 3680 2704 3734 nata
2746 3675 3057 3754 Vopponis
3100 3674 3174 3734 de
3215 3673 3525 3733 Alcmaria
3565 3673 3740 3732 2098.

2444 3820 2517 3830 -
2561 3804 2718 3846 uxor
2761 3784 3011 3844 Suederi
3055 3784 3411 3862 borggravii
3453 3782 3528 3843 de
3563 3780 3878 3843 Montfoort

2519 3896 2697 3955 2220.

2440 4004 2817 4064 Manrinus
2857 4006 3039 4063 nat'ns
3082 4003 3399 4063 Bertholdi
3443 4001 3602 4080 Saye
3647 4003 3810 4062 1308.

2439 4115 2842 4174 Mauritius
2932 4120 3112 4174 natus
3205 4113 3476 4172 Danielis
3569 4111 3882 4172 Theodrici

2520 4226 2747 4303 presb.,
2831 4229 3031 4284 rector
3112 4224 3258 4284 eccl.
3338 4222 3413 4283 de
3480 4220 3881 4295 Ridderkerk,

2522 4335 2714 4395 benef.
2760 4337 2822 4394 in
2865 4335 3013 4395 eccl.
3058 4333 3199 4411 Traj
3266 4335 3456 4410 2168,
3497 4333 3674 4392 2177.

2440 4443 2869 4505 Mecbtildis
2912 4464 2971 4504 v.
3014 4443 3394 4503 Machteldis.

2441 4554 3028 4633 Meguntbardus
3071 4572 3268 4615 comes
3310 4553 3638 4613 Flandriae
3673 4554 3738 4628 5,
3766 4551 3883 4610 Int.

2523 4664 2614 4741 X,
2655 4663 2958 4739 LXXIV,
3002 4662 3300 4724 LXXIX.

2442 4776 2687 4835 Mense
2728 4775 2927 4834 dictus
2969 4774 3260 4833 Plucrose
3302 4773 3439 4831 435.

2442 4886 2762 4946 Mericus
2806 4884 2879 4943 de
2921 4882 3348 4961 Osingehusen
3389 4882 3589 4961 presb.
3637 4883 3806 4941 1621.

2442 4971 2755 5054 Micbael
2820 4993 3118 5054 vicecanc.
3176 4992 3483 5052 Romanus
3539 4993 3689 5068 292,
3746 4992 3890 5064 296,

2524 5106 2659 5164 300.

2447 5246 2520 5256 -
2580 5212 2639 5272 S.
2700 5212 2993 5292 Stephani
3049 5213 3113 5271 in
3168 5212 3377 5273 Coelio
3431 5211 3636 5271 Monte
3692 5210 3889 5288 presb.

2525 5323 2702 5385 Gard.
2746 5323 2881 5382 552.

2447 5466 2519 5477 —-
2578 5433 2654 5491 de
2709 5434 2898 5492 Linea
2946 5432 3103 5493 dom.
3159 5432 3234 5492 de
3291 5432 3568 5508 Pontoit,
3624 5449 3785 5510 proc.
3829 5429 3889 5488 in

2429 5542 2436 5551 ·
2525 5542 2696 5602 ouria
2740 5542 2882 5616 719,
2929 5544 3073 5617 727,
3116 5540 3236 5600 [nt.
3280 5539 3541 5599 Lxxv.

2448 5687 2521 5697 —
2567 5652 2640 5711 de
2682 5652 2915 5712 Cezena
2958 5650 3295 5711 haereticus
3339 5652 3475 5710 812.
