4450 6684
1821 566 2280 630 Imocmvrms
2325 560 2445 626 VI.
3581 556 3666 622 δῖ

607 813 891 860 annuam
958 790 1343 879 pensionem
1407 788 1489 853 ad
1552 791 1973 876 patronatum
2033 784 2348 848 laicorum
2414 785 2787 868 spectantes
2850 780 3137 845 nosceris
3204 780 3523 847 obtinere.
3557 827 3572 844 .
3602 828 3621 846 .
3652 828 3668 845 .

605 899 759 966 Dat.
804 898 1163 978 Avinione,
1213 895 1282 959 Π
1327 895 1497 960 Non.
1547 894 1886 975 octobrio,
1936 912 2108 956 anno
2157 890 2388 976 primo.

1021 1030 1143 1093 Rey.
1181 1031 1278 1078 Δυ.
1321 1030 1376 1079 Τ.
1410 1029 1468 1093 ’1,
1493 1030 1554 1093 f.
1589 1026 1727 1078 295r.

757 1174 814 1240 1)
848 1172 956 1225 Cfr.
987 1187 1154 1238 supra
1189 1188 1337 1224 num.
1374 1171 1523 1223 1357.
1723 1171 1779 1236 2)
1815 1171 2121 1238 Legendum
2158 1171 2390 1222 videtur:
2428 1169 2810 1236 Wemeldinge.

609 1701 801 1770 1488.
1539 1705 1754 1786 1353,
1801 1702 2171 1768 Novembris
2217 1704 2336 1783 12,
2383 1701 2746 1766 Avenionis.

948 1858 1250 1923 Wernero
1295 1859 1371 1923 de
1417 1858 1612 1923 Heest
1660 1860 1880 1922 clerico
1926 1878 2052 1922 non
2098 1861 2432 1943 conjuyato
2478 1879 2586 1923 nec
2630 1860 2699 1923 in
2744 1861 2944 1923 sacris
2974 1860 3302 1924 ordinibus
3333 1865 3671 1927 constituto

843 1962 1024 2048 Traj.
1072 1964 1260 2028 dioec.
1308 1964 1638 2047 confertur
1684 1963 1970 2046 officium
2018 1963 2481 2028 tabellionatus,
2562 2050 2571 2059 α

848 2144 949 2212 Ne
996 2150 1470 2211 contractuum.
1499 2193 1514 2209 .
1545 2195 1560 2210 .
1587 2194 1603 2211 .
1652 2145 1806 2211 Dat.
1854 2146 2220 2230 Avinione,
2270 2148 2340 2213 H
2385 2145 2485 2211 Id.
2533 2145 2956 2229 NovembriS,
3004 2168 3177 2213 anno
3225 2149 3453 2235 primo.

1032 2279 1155 2343 Ray.
1190 2281 1288 2329 Av.
1331 2281 1384 2330 Τ.
1420 2280 1478 2343 5,
1502 2281 1565 2343 s.
1599 2278 1707 2330 96⁵.

612 2758 807 2828 1489.
1489 2763 1704 2845 1353,
1752 2762 2122 2828 Novembris
2165 2763 2287 2846 20,
2337 2763 2794 2848 Avenionis(?)

926 2917 1280 3001 (Johanni)
1327 2921 1609 3003 episcopo
1665 2917 2054 3000 Trajectensi
2099 2921 2541 3003 committitur,
2590 2927 2663 2984 ut
2710 2940 2847 2984 cum
2895 2919 3192 2985 Johanne
3237 2921 3313 2985 de
3358 2919 3669 2986 Hokelem

834 3026 1034 3089 milite
1093 3033 1153 3089 et
1213 3025 1505 3090 Elisabet
1568 3026 1644 3090 de
1700 3025 1958 3091 Hoerne
2015 3026 2193 3107 Traj.
2247 3027 2434 3091 dioec.
2458 3075 2476 3109 ,
2525 3028 2640 3111 qui
2682 3027 2831 3091 olim
2877 3048 3046 3092 more
3090 3027 3395 3092 nobilium
3439 3032 3663 3095 matri-

836 3134 1113 3196 monium
1158 3140 1612 3198 contraxerunt
1657 3140 1717 3198 et
1761 3135 1950 3199 etiam
1994 3141 2541 3217 consummarunt,
2590 3154 2781 3219 super
2823 3135 3257 3219 impedimento
3295 3137 3671 3221 consanyui-

840 3241 1061 3304 nitatis
1106 3241 1174 3304 in
1222 3247 1453 3325 quarto
1494 3242 1709 3325 qradu
1756 3241 2103 3325 dispenset,·
2149 3240 2483 3305 Johannes
2529 3248 2769 3322 autem,
2818 3243 2932 3325 qui
2962 3240 3132 3306 illud
3162 3241 3672 3326 impedimentum
3790 3226 3795 3231 ’

837 3366 913 3410 ex
949 3347 1317 3431 aliquorum
1356 3348 1804 3418 assertionibus
1844 3368 1969 3412 non
2012 3350 2319 3432 iquorans
2352 3348 2826 3411 matrimonium
2856 3350 3071 3431 inivit,
3099 3351 3296 3433 prius
3328 3349 3407 3413 ab
3437 3369 3675 3414 excom-

832 3455 1274 3517 municationis
1319 3457 1626 3519 sententia
1672 3454 2037 3518 absolvatur
2083 3462 2142 3518 et
2189 3456 2248 3518 si
2286 3456 2495 3538 ipsum
2533 3454 2737 3518 dictae
2766 3454 3060 3519 Elizabet
3097 3460 3489 3540 supervivere
3530 3477 3677 3522 con·

837 3559 1075 3643 tinqat,
1121 3561 1430 3645 innuptus
1472 3568 1774 3645 perpetuo
1821 3569 2164 3625 remaneat.

832 3738 1149 3806 Exhibita
1194 3742 1402 3806 nobie.
1433 3790 1448 3805 .
1476 3790 1492 3807 .
1519 3789 1536 3807 .
1587 3741 1740 3808 Dat.
1789 3741 2158 3827 Avinione,
2206 3743 2348 3809 XII
2397 3744 2507 3810 Kl.
2556 3744 2980 3829 Decembris,
3028 3766 3201 3812 anno
3247 3746 3478 3834 primo.

1025 3876 1151 3940 Rea.
1202 3878 1298 3927 Ac.
1357 3873 1418 3927 T.
1469 3876 1527 3937 5,
1568 3878 1631 3938 s.
1681 3875 1797 3928 504.
1864 3877 2090 3928 Eaedem
2143 3877 2331 3929 literae
2384 3878 2583 3928 iterum
2626 3882 2919 3929 occurrunt
2959 3877 3018 3928 T.
3065 3877 3123 3942 6,
3170 3878 3207 3930 f.
3239 3877 3365 3944 515,
3401 3881 3518 3932 sed:
3568 3880 3688 3932 Dat.

954 3959 1238 4026 Avinione,
1271 3959 1366 4012 XV
1403 3960 1485 4011 Kl.
1520 3958 1860 4025 NovembriS,
1896 3975 2038 4011 anno
2072 3962 2333 4013 secundo.
3592 4000 3596 4004 Α

611 4488 809 4559 1490.
1543 4493 1750 4575 1353,
1799 4491 2168 4557 Novembris
2213 4494 2335 4576 22,
2385 4493 2749 4559 Avenionis.

924 4646 1269 4733 Raynaldo
1316 4645 1383 4711 S.
1430 4646 1722 4711 Adriani
1764 4645 2026 4712 diacono
2077 4647 2423 4712 Cardinali
2466 4649 2886 4732 conferuntur
2929 4653 3336 4714 canonicatus
3380 4655 3439 4713 et
3473 4670 3668 4735 prae-

841 4754 1038 4820 benda
1115 4775 1254 4819 cum
1322 4755 1750 4839 supplemento
1818 4760 1878 4817 et
1946 4754 2357 4819 thesauraria
2426 4757 2712 4821 ecclesiae
2787 4755 3205 4840 Trajectensis
3221 4804 3239 4839 ,
3310 4755 3385 4820 de
3449 4756 3677 4841 quibus

822 4860 1098 4943 dudum,
1167 4882 1308 4925 cum
1363 4881 1488 4946 per
1550 4861 2067 4925 consecrationem
2120 4859 2445 4926 Johannis
2506 4864 2682 4926 electi
2740 4862 3029 4927 Rivensis
3089 4871 3399 4928 vacatura
3462 4884 3681 4951 spera-

838 4975 1084 5050 rentur,
1131 4969 1258 5052 ipsi
1290 4971 1623 5053 provisum
1667 4974 1757 5031 est
1787 4968 1866 5052 ¹),
1915 4974 1975 5032 et
2003 4988 2172 5032 nunc
2198 4990 2316 5053 per
2347 4968 2607 5033 eundem
2638 4968 2997 5034 Johannem
3031 4972 3298 5055 leyitime
3328 4974 3675 5058 resiqnata.

838 5150 1064 5237 Nuper
1109 5150 1589 5216 canonicatum.
1618 5197 1634 5215 .
1666 5197 1682 5214 .
1712 5199 1728 5215 .
1774 5148 1928 5216 Dat.
1977 5150 2348 5235 Avinione,
2399 5151 2504 5218 XI
2547 5151 2658 5216 Kl.
2704 5150 3125 5235 Decembris,
3172 5172 3346 5219 anno
3392 5153 3623 5240 primo.

1036 5286 1161 5351 περ.
1193 5287 1293 5337 Ao.
1336 5288 1391 5337 T.
1425 5285 1483 5351 5,
1510 5287 1571 5352 s.
1605 5285 1745 5339 1832.
1879 5278 1882 5283 ’

769 5428 827 5496 1)
860 5428 967 5483 Cfr.
999 5443 1163 5496 supra
1196 5444 1347 5484 num.
1380 5429 1534 5483 1486.
