<?xml version="1.0" encoding="UTF-8"?>
<!DOCTYPE html PUBLIC "-//W3C//DTD XHTML 1.0 Transitional//EN"
    "http://www.w3.org/TR/xhtml1/DTD/xhtml1-transitional.dtd">
<html xmlns="http://www.w3.org/1999/xhtml" xml:lang="en" lang="en">
 <head>
  <title>
</title>
<meta http-equiv="Content-Type" content="text/html;charset=utf-8" />
  <meta name='ocr-system' content='tesseract 3.04.00' />
  <meta name='ocr-capabilities' content='ocr_page ocr_carea ocr_par ocr_line ocrx_word'/>
</head>
<body>
  <div class='ocr_page' id='page_1' title='image "./bullariumtrajec00nethgoog_0106.png"; bbox 0 0 4450 6684; ppageno 0'>
   <div class='ocr_carea' id='block_1_1' title="bbox 818 492 2595 559">
    <p class='ocr_par' dir='ltr' id='par_1_1' title="bbox 818 492 2595 559">
     <span class='ocr_line' id='line_1_1' title="bbox 818 492 2595 559; baseline 0.001 -5"><span class='ocrx_word' id='word_1_1' title='bbox 818 493 899 555; x_wconf 82' lang='lat'><strong><em>14</em></strong></span> <span class='ocrx_word' id='word_1_2' title='bbox 2114 493 2433 559; x_wconf 68' lang='lat' dir='ltr'><strong><em>OLEuEus</em></strong></span> <span class='ocrx_word' id='word_1_3' title='bbox 2473 492 2595 557; x_wconf 88' lang='lat' dir='ltr'><strong><em>VI.</em></strong></span> 
     </span>
    </p>
   </div>
   <div class='ocr_carea' id='block_1_2' title="bbox 1039 714 2392 896">
    <p class='ocr_par' dir='ltr' id='par_1_2' title="bbox 1039 714 2392 896">
     <span class='ocr_line' id='line_1_2' title="bbox 1039 714 2392 802; baseline -0.001 -21"><span class='ocrx_word' id='word_1_4' title='bbox 1039 715 1423 802; x_wconf 78' lang='lat' dir='ltr'><strong><em>Apostolice</em></strong></span> <span class='ocrx_word' id='word_1_5' title='bbox 1472 714 1666 781; x_wconf 80' lang='lat' dir='ltr'><strong><em>sedis.</em></strong></span> <span class='ocrx_word' id='word_1_6' title='bbox 1695 763 1711 780; x_wconf 89' lang='lat'><strong><em>.</em></strong></span> <span class='ocrx_word' id='word_1_7' title='bbox 1739 762 1755 779; x_wconf 89' lang='lat'><strong><em>.</em></strong></span> <span class='ocrx_word' id='word_1_8' title='bbox 1785 764 1800 780; x_wconf 89' lang='lat'><strong><em>.</em></strong></span> <span class='ocrx_word' id='word_1_9' title='bbox 1849 715 2004 780; x_wconf 79' lang='lat' dir='ltr'><strong><em>Dat.</em></strong></span> <span class='ocrx_word' id='word_1_10' title='bbox 2053 722 2127 780; x_wconf 85' lang='lat' dir='ltr'><strong><em>ut</em></strong></span> <span class='ocrx_word' id='word_1_11' title='bbox 2168 735 2392 800; x_wconf 85' lang='lat' dir='ltr'><strong><em>supra.</em></strong></span> 
     </span>
     <span class='ocr_line' id='line_1_3' title="bbox 1234 830 1957 896; baseline 0.001 -16"><span class='ocrx_word' id='word_1_12' title='bbox 1234 832 1360 895; x_wconf 59' lang='grc' dir='ltr'><strong><em>περ.</em></strong></span> <span class='ocrx_word' id='word_1_13' title='bbox 1394 833 1493 881; x_wconf 66' lang='lat' dir='ltr'><strong><em>Aa.</em></strong></span> <span class='ocrx_word' id='word_1_14' title='bbox 1537 834 1591 881; x_wconf 83' lang='lat' dir='ltr'><strong><em>T.</em></strong></span> <span class='ocrx_word' id='word_1_15' title='bbox 1625 830 1719 894; x_wconf 78' lang='lat'><strong><em>47,</em></strong></span> <span class='ocrx_word' id='word_1_16' title='bbox 1745 832 1804 896; x_wconf 82' lang='lat' dir='ltr'><strong><em>s.</em></strong></span> <span class='ocrx_word' id='word_1_17' title='bbox 1841 831 1957 881; x_wconf 77' lang='lat'><strong><em>298.</em></strong></span> 
     </span>
    </p>
   </div>
   <div class='ocr_carea' id='block_1_3' title="bbox 966 959 2193 1026">
    <p class='ocr_par' dir='ltr' id='par_1_3' title="bbox 966 959 2193 1026">
     <span class='ocr_line' id='line_1_4' title="bbox 966 959 2193 1026; baseline 0.001 -16"><span class='ocrx_word' id='word_1_18' title='bbox 966 959 1024 1025; x_wconf 81' lang='lat'><strong><em>1)</em></strong></span> <span class='ocrx_word' id='word_1_19' title='bbox 1064 959 1328 1026; x_wconf 72' lang='lat' dir='ltr'><strong><em>Rijswijk.</em></strong></span> <span class='ocrx_word' id='word_1_20' title='bbox 1526 959 1583 1025; x_wconf 75' lang='lat'><strong><em>2)</em></strong></span> <span class='ocrx_word' id='word_1_21' title='bbox 1619 960 1869 1012; x_wconf 82' lang='lat' dir='ltr'><strong><em>Dreumel</em></strong></span> <span class='ocrx_word' id='word_1_22' title='bbox 1906 961 1963 1012; x_wconf 84' lang='lat' dir='ltr'><strong><em>iu</em></strong></span> <span class='ocrx_word' id='word_1_23' title='bbox 2000 959 2193 1011; x_wconf 72' lang='lat' dir='ltr'><strong><em>Geli-ia.</em></strong></span> 
     </span>
    </p>
   </div>
   <div class='ocr_carea' id='block_1_4' title="bbox 807 1332 2951 1419">
    <p class='ocr_par' dir='ltr' id='par_1_4' title="bbox 807 1332 2951 1419">
     <span class='ocr_line' id='line_1_5' title="bbox 807 1332 2951 1419; baseline -0.001 -19"><span class='ocrx_word' id='word_1_24' title='bbox 807 1332 1002 1400; x_wconf 75' lang='lat'><strong><em>1261.</em></strong></span> <span class='ocrx_word' id='word_1_25' title='bbox 1754 1335 1966 1419; x_wconf 75' lang='lat'><strong><em>1348,</em></strong></span> <span class='ocrx_word' id='word_1_26' title='bbox 2013 1333 2372 1399; x_wconf 82' lang='lat' dir='ltr'><strong><em>Decembris</em></strong></span> <span class='ocrx_word' id='word_1_27' title='bbox 2417 1334 2539 1418; x_wconf 86' lang='lat'><strong><em>29,</em></strong></span> <span class='ocrx_word' id='word_1_28' title='bbox 2587 1334 2951 1398; x_wconf 82' lang='lat' dir='ltr'><strong><em>Avenionis.</em></strong></span> 
     </span>
    </p>
   </div>
   <div class='ocr_carea' id='block_1_5' title="bbox 1034 1483 3879 1784">
    <p class='ocr_par' dir='ltr' id='par_1_5' title="bbox 1034 1483 3879 1784">
     <span class='ocr_line' id='line_1_6' title="bbox 1128 1483 3876 1573; baseline -0.001 -22"><span class='ocrx_word' id='word_1_29' title='bbox 1128 1487 1418 1552; x_wconf 78' lang='lat' dir='ltr'><strong><em>Gerardo</em></strong></span> <span class='ocrx_word' id='word_1_30' title='bbox 1441 1486 1604 1552; x_wconf 83' lang='lat' dir='ltr'><strong><em>Foec</em></strong></span> <span class='ocrx_word' id='word_1_31' title='bbox 1633 1489 1968 1573; x_wconf 81' lang='lat' dir='ltr'><strong><em>utriusque</em></strong></span> <span class='ocrx_word' id='word_1_32' title='bbox 1978 1488 2163 1570; x_wconf 84' lang='lat' dir='ltr'><strong><em>juris</em></strong></span> <span class='ocrx_word' id='word_1_33' title='bbox 2183 1487 2400 1572; x_wconf 84' lang='lat' dir='ltr'><strong><em>perito</em></strong></span> <span class='ocrx_word' id='word_1_34' title='bbox 2431 1486 2855 1569; x_wconf 81' lang='lat' dir='ltr'><strong><em>conferuntur</em></strong></span> <span class='ocrx_word' id='word_1_35' title='bbox 2885 1487 3320 1567; x_wconf 83' lang='lat' dir='ltr'><strong><em>canonicatus,</em></strong></span> <span class='ocrx_word' id='word_1_36' title='bbox 3336 1483 3706 1569; x_wconf 81' lang='lat' dir='ltr'><strong><em>praebenda</em></strong></span> <span class='ocrx_word' id='word_1_37' title='bbox 3735 1504 3876 1549; x_wconf 75' lang='lat' dir='ltr'><strong><em>cum</em></strong></span> 
     </span>
     <span class='ocr_line' id='line_1_7' title="bbox 1034 1590 3879 1679; baseline -0.001 -21"><span class='ocrx_word' id='word_1_38' title='bbox 1034 1596 1463 1679; x_wconf 81' lang='lat' dir='ltr'><strong><em>supplemento</em></strong></span> <span class='ocrx_word' id='word_1_39' title='bbox 1508 1601 1568 1658; x_wconf 89' lang='lat' dir='ltr'><strong><em>et</em></strong></span> <span class='ocrx_word' id='word_1_40' title='bbox 1611 1594 1954 1658; x_wconf 87' lang='lat' dir='ltr'><strong><em>decanatus</em></strong></span> <span class='ocrx_word' id='word_1_41' title='bbox 1994 1599 2261 1658; x_wconf 85' lang='lat' dir='ltr'><strong><em>curatus</em></strong></span> <span class='ocrx_word' id='word_1_42' title='bbox 2292 1595 2362 1657; x_wconf 91' lang='lat' dir='ltr'><strong><em>in</em></strong></span> <span class='ocrx_word' id='word_1_43' title='bbox 2392 1594 2643 1659; x_wconf 85' lang='lat' dir='ltr'><strong><em>ecclesio</em></strong></span> <span class='ocrx_word' id='word_1_44' title='bbox 2678 1590 2747 1657; x_wconf 81' lang='lat' dir='ltr'><strong><em>S.</em></strong></span> <span class='ocrx_word' id='word_1_45' title='bbox 2782 1590 3143 1657; x_wconf 85' lang='lat' dir='ltr'><strong><em>Salvatoris</em></strong></span> <span class='ocrx_word' id='word_1_46' title='bbox 3183 1590 3397 1673; x_wconf 87' lang='lat' dir='ltr'><strong><em>Traj.,</em></strong></span> <span class='ocrx_word' id='word_1_47' title='bbox 3446 1599 3737 1656; x_wconf 88' lang='lat' dir='ltr'><strong><em>vacantes</em></strong></span> <span class='ocrx_word' id='word_1_48' title='bbox 3754 1612 3879 1676; x_wconf 85' lang='lat' dir='ltr'><strong><em>per</em></strong></span> 
     </span>
     <span class='ocr_line' id='line_1_8' title="bbox 1039 1697 3875 1784; baseline -0.001 -21"><span class='ocrx_word' id='word_1_49' title='bbox 1039 1699 1299 1763; x_wconf 82' lang='lat' dir='ltr'><strong><em>liberam</em></strong></span> <span class='ocrx_word' id='word_1_50' title='bbox 1337 1701 1819 1784; x_wconf 74' lang='lat' dir='ltr'><strong><em>resiynationem</em></strong></span> <span class='ocrx_word' id='word_1_51' title='bbox 1850 1699 2174 1764; x_wconf 79' lang='lat' dir='ltr'><strong><em>Johannis</em></strong></span> <span class='ocrx_word' id='word_1_52' title='bbox 2204 1701 2479 1784; x_wconf 73' lang='lat' dir='ltr'><strong><em>episcopi</em></strong></span> <span class='ocrx_word' id='word_1_53' title='bbox 2518 1697 2900 1763; x_wconf 78' lang='lat' dir='ltr'><strong><em>Tridentini.</em></strong></span> <span class='ocrx_word' id='word_1_54' title='bbox 2938 1735 3021 1746; x_wconf 91' lang='lat'>-</span> <span class='ocrx_word' id='word_1_55' title='bbox 3058 1697 3474 1784; x_wconf 83' lang='lat' dir='ltr'><strong><em>Deputantur</em></strong></span> <span class='ocrx_word' id='word_1_56' title='bbox 3503 1703 3875 1762; x_wconf 76' lang='lat' dir='ltr'><strong><em>executores.</em></strong></span> 
     </span>
    </p>
   </div>
   <div class='ocr_carea' id='block_1_6' title="bbox 1032 1879 3834 2063">
    <p class='ocr_par' dir='ltr' id='par_1_6' title="bbox 1032 1879 3834 2063">
     <span class='ocr_line' id='line_1_9' title="bbox 1032 1879 3834 1967; baseline -0.001 -21"><span class='ocrx_word' id='word_1_57' title='bbox 1032 1880 1436 1946; x_wconf 78' lang='lat' dir='ltr'><strong><em>Litterarum</em></strong></span> <span class='ocrx_word' id='word_1_58' title='bbox 1483 1880 1777 1946; x_wconf 79' lang='lat' dir='ltr'><strong><em>scientia.</em></strong></span> <span class='ocrx_word' id='word_1_59' title='bbox 1809 1928 1824 1945; x_wconf 91' lang='lat'><strong><em>.</em></strong></span> <span class='ocrx_word' id='word_1_60' title='bbox 1852 1928 1868 1944; x_wconf 93' lang='lat'><strong><em>.</em></strong></span> <span class='ocrx_word' id='word_1_61' title='bbox 1898 1928 1914 1945; x_wconf 88' lang='lat'><strong><em>.</em></strong></span> <span class='ocrx_word' id='word_1_62' title='bbox 1965 1880 2117 1947; x_wconf 80' lang='lat' dir='ltr'><strong><em>Dat.</em></strong></span> <span class='ocrx_word' id='word_1_63' title='bbox 2167 1880 2535 1967; x_wconf 78' lang='lat' dir='ltr'><strong><em>Avinione,</em></strong></span> <span class='ocrx_word' id='word_1_64' title='bbox 2582 1880 2723 1947; x_wconf 95' lang='lat' dir='ltr'>IIII</span> <span class='ocrx_word' id='word_1_65' title='bbox 2770 1880 2881 1946; x_wconf 88' lang='lat' dir='ltr'><strong><em>Kl.</em></strong></span> <span class='ocrx_word' id='word_1_66' title='bbox 2929 1879 3264 1964; x_wconf 78' lang='lat' dir='ltr'><strong><em>Januarii,</em></strong></span> <span class='ocrx_word' id='word_1_67' title='bbox 3312 1900 3486 1945; x_wconf 80' lang='lat' dir='ltr'><strong><em>anno</em></strong></span> <span class='ocrx_word' id='word_1_68' title='bbox 3534 1879 3834 1966; x_wconf 83' lang='lat' dir='ltr'><strong><em>septimo.</em></strong></span> 
     </span>
     <span class='ocr_line' id='line_1_10' title="bbox 1227 1997 1971 2063; baseline 0.001 -16"><span class='ocrx_word' id='word_1_69' title='bbox 1227 1998 1352 2062; x_wconf 59' lang='grc' dir='ltr'><strong><em>περ.</em></strong></span> <span class='ocrx_word' id='word_1_70' title='bbox 1388 2000 1483 2050; x_wconf 65' lang='lat' dir='ltr'><strong><em>Aa.</em></strong></span> <span class='ocrx_word' id='word_1_71' title='bbox 1529 2001 1582 2047; x_wconf 81' lang='lat' dir='ltr'><strong><em>T.</em></strong></span> <span class='ocrx_word' id='word_1_72' title='bbox 1616 1997 1708 2061; x_wconf 75' lang='lat'><strong><em>48,</em></strong></span> <span class='ocrx_word' id='word_1_73' title='bbox 1736 2001 1797 2063; x_wconf 83' lang='lat' dir='ltr'><strong><em>s.</em></strong></span> <span class='ocrx_word' id='word_1_74' title='bbox 1831 1997 1971 2049; x_wconf 73' lang='lat'><strong><em>2890.</em></strong></span> 
     </span>
    </p>
   </div>
   <div class='ocr_carea' id='block_1_7' title="bbox 806 2466 2879 2551">
    <p class='ocr_par' dir='ltr' id='par_1_7' title="bbox 806 2466 2879 2551">
     <span class='ocr_line' id='line_1_11' title="bbox 806 2466 2879 2551; baseline -0.002 -17"><span class='ocrx_word' id='word_1_75' title='bbox 806 2466 999 2534; x_wconf 77' lang='lat'><strong><em>1262.</em></strong></span> <span class='ocrx_word' id='word_1_76' title='bbox 1806 2469 2016 2551; x_wconf 76' lang='lat'><strong><em>1349,</em></strong></span> <span class='ocrx_word' id='word_1_77' title='bbox 2065 2467 2302 2532; x_wconf 77' lang='lat' dir='ltr'><strong><em>Martii</em></strong></span> <span class='ocrx_word' id='word_1_78' title='bbox 2345 2468 2465 2550; x_wconf 84' lang='lat'><strong><em>20,</em></strong></span> <span class='ocrx_word' id='word_1_79' title='bbox 2512 2467 2879 2532; x_wconf 67' lang='lat' dir='ltr'><strong><em>Avenionis.</em></strong></span> 
     </span>
    </p>
   </div>
   <div class='ocr_carea' id='block_1_8' title="bbox 1029 2613 3868 2812">
    <p class='ocr_par' dir='ltr' id='par_1_8' title="bbox 1029 2613 3868 2812">
     <span class='ocr_line' id='line_1_12' title="bbox 1118 2613 3868 2716; baseline -0.002 -33"><span class='ocrx_word' id='word_1_80' title='bbox 1118 2619 1431 2685; x_wconf 84' lang='lat' dir='ltr'><strong><em>Julianae</em></strong></span> <span class='ocrx_word' id='word_1_81' title='bbox 1490 2621 1747 2685; x_wconf 84' lang='lat' dir='ltr'><strong><em>relictae</em></strong></span> <span class='ocrx_word' id='word_1_82' title='bbox 1809 2620 2129 2706; x_wconf 81' lang='lat' dir='ltr'><strong><em>quondam</em></strong></span> <span class='ocrx_word' id='word_1_83' title='bbox 2189 2618 2511 2716; x_wconf 77' lang='lat' dir='ltr'><strong><em>Nicholay</em></strong></span> <span class='ocrx_word' id='word_1_84' title='bbox 2572 2617 2649 2682; x_wconf 84' lang='lat' dir='ltr'><strong><em>de</em></strong></span> <span class='ocrx_word' id='word_1_85' title='bbox 2709 2616 3046 2698; x_wconf 83' lang='lat' dir='ltr'><strong><em>Huesden,</em></strong></span> <span class='ocrx_word' id='word_1_86' title='bbox 3110 2615 3338 2681; x_wconf 82' lang='lat' dir='ltr'><strong><em>viduae</em></strong></span> <span class='ocrx_word' id='word_1_87' title='bbox 3407 2613 3590 2700; x_wconf 84' lang='lat' dir='ltr'><strong><em>Traj.</em></strong></span> <span class='ocrx_word' id='word_1_88' title='bbox 3637 2614 3868 2699; x_wconf 84' lang='lat' dir='ltr'><strong><em>dioec.,</em></strong></span> 
     </span>
     <span class='ocr_line' id='line_1_13' title="bbox 1029 2723 3803 2812; baseline -0.002 -22"><span class='ocrx_word' id='word_1_89' title='bbox 1029 2726 1386 2791; x_wconf 80' lang='lat' dir='ltr'><strong><em>conceditur</em></strong></span> <span class='ocrx_word' id='word_1_90' title='bbox 1417 2727 1833 2812; x_wconf 74' lang='lat' dir='ltr'><strong><em>privileqium</em></strong></span> <span class='ocrx_word' id='word_1_91' title='bbox 1865 2726 2206 2811; x_wconf 81' lang='lat' dir='ltr'><strong><em>plenariae</em></strong></span> <span class='ocrx_word' id='word_1_92' title='bbox 2240 2732 2647 2810; x_wconf 83' lang='lat' dir='ltr'><strong><em>peccatorum</em></strong></span> <span class='ocrx_word' id='word_1_93' title='bbox 2692 2724 3080 2788; x_wconf 73' lang='lat' dir='ltr'><strong><em>remissionis</em></strong></span> <span class='ocrx_word' id='word_1_94' title='bbox 3126 2725 3197 2787; x_wconf 90' lang='lat' dir='ltr'><strong><em>in</em></strong></span> <span class='ocrx_word' id='word_1_95' title='bbox 3241 2723 3518 2787; x_wconf 85' lang='lat' dir='ltr'><strong><em>articulo</em></strong></span> <span class='ocrx_word' id='word_1_96' title='bbox 3561 2723 3803 2786; x_wconf 81' lang='lat' dir='ltr'><strong><em>mortis.</em></strong></span> 
     </span>
    </p>
   </div>
   <div class='ocr_carea' id='block_1_9' title="bbox 1029 2904 3552 3089">
    <p class='ocr_par' dir='ltr' id='par_1_9' title="bbox 1029 2904 3552 3089">
     <span class='ocr_line' id='line_1_14' title="bbox 1029 2904 3552 2993; baseline -0.001 -21"><span class='ocrx_word' id='word_1_97' title='bbox 1029 2905 1346 2972; x_wconf 79' lang='lat' dir='ltr'><strong><em>Provenit</em></strong></span> <span class='ocrx_word' id='word_1_98' title='bbox 1392 2927 1499 2972; x_wconf 77' lang='lat' dir='ltr'><strong><em>ex.</em></strong></span> <span class='ocrx_word' id='word_1_99' title='bbox 1526 2954 1544 2972; x_wconf 93' lang='lat'><strong><em>.</em></strong></span> <span class='ocrx_word' id='word_1_100' title='bbox 1574 2955 1590 2971; x_wconf 92' lang='lat'><strong><em>.</em></strong></span> <span class='ocrx_word' id='word_1_101' title='bbox 1617 2954 1635 2972; x_wconf 93' lang='lat'><strong><em>.</em></strong></span> <span class='ocrx_word' id='word_1_102' title='bbox 1682 2907 1842 2973; x_wconf 80' lang='lat' dir='ltr'><strong><em>Dat.</em></strong></span> <span class='ocrx_word' id='word_1_103' title='bbox 1888 2907 2258 2990; x_wconf 79' lang='lat' dir='ltr'><strong><em>Avinione,</em></strong></span> <span class='ocrx_word' id='word_1_104' title='bbox 2306 2907 2482 2973; x_wconf 83' lang='lat' dir='ltr'>XIII</span> <span class='ocrx_word' id='word_1_105' title='bbox 2526 2906 2637 2973; x_wconf 87' lang='lat' dir='ltr'><strong><em>Kl.</em></strong></span> <span class='ocrx_word' id='word_1_106' title='bbox 2685 2906 2972 2993; x_wconf 77' lang='lat' dir='ltr'><strong><em>Aprilis,</em></strong></span> <span class='ocrx_word' id='word_1_107' title='bbox 3020 2926 3199 2971; x_wconf 80' lang='lat' dir='ltr'><strong><em>anno</em></strong></span> <span class='ocrx_word' id='word_1_108' title='bbox 3250 2904 3552 2992; x_wconf 79' lang='lat' dir='ltr'><strong><em>septimo.</em></strong></span> 
     </span>
     <span class='ocr_line' id='line_1_15' title="bbox 1225 3021 1946 3089; baseline 0.001 -17"><span class='ocrx_word' id='word_1_109' title='bbox 1225 3024 1350 3087; x_wconf 66' lang='lat' dir='ltr'><strong><em>Ray.</em></strong></span> <span class='ocrx_word' id='word_1_110' title='bbox 1384 3024 1481 3073; x_wconf 77' lang='lat' dir='ltr'><strong><em>Ao.</em></strong></span> <span class='ocrx_word' id='word_1_111' title='bbox 1528 3025 1583 3075; x_wconf 87' lang='lat' dir='ltr'><strong><em>T.</em></strong></span> <span class='ocrx_word' id='word_1_112' title='bbox 1614 3023 1707 3088; x_wconf 71' lang='lat'><strong><em>45,</em></strong></span> <span class='ocrx_word' id='word_1_113' title='bbox 1732 3026 1796 3089; x_wconf 74' lang='lat' dir='ltr'><strong><em>f.</em></strong></span> <span class='ocrx_word' id='word_1_114' title='bbox 1829 3021 1946 3074; x_wconf 81' lang='lat'><strong><em>181.</em></strong></span> 
     </span>
    </p>
   </div>
   <div class='ocr_carea' id='block_1_10' title="bbox 800 3490 2884 3578">
    <p class='ocr_par' dir='ltr' id='par_1_10' title="bbox 800 3490 2884 3578">
     <span class='ocr_line' id='line_1_16' title="bbox 800 3490 2884 3578; baseline 0 -21"><span class='ocrx_word' id='word_1_115' title='bbox 800 3490 994 3559; x_wconf 78' lang='lat'><strong><em>1263.</em></strong></span> <span class='ocrx_word' id='word_1_116' title='bbox 1793 3494 2012 3577; x_wconf 78' lang='lat'><strong><em>1349,</em></strong></span> <span class='ocrx_word' id='word_1_117' title='bbox 2059 3492 2300 3557; x_wconf 85' lang='lat' dir='ltr'><strong><em>Martii</em></strong></span> <span class='ocrx_word' id='word_1_118' title='bbox 2343 3495 2470 3578; x_wconf 86' lang='lat'><strong><em>20,</em></strong></span> <span class='ocrx_word' id='word_1_119' title='bbox 2516 3495 2884 3559; x_wconf 88' lang='lat' dir='ltr'><strong><em>Avenionis.</em></strong></span> 
     </span>
    </p>
   </div>
   <div class='ocr_carea' id='block_1_11' title="bbox 1022 3645 3868 3946">
    <p class='ocr_par' dir='ltr' id='par_1_11' title="bbox 1022 3645 3868 3946">
     <span class='ocr_line' id='line_1_17' title="bbox 1115 3645 3865 3732; baseline -0 -21"><span class='ocrx_word' id='word_1_120' title='bbox 1115 3646 1408 3712; x_wconf 81' lang='lat' dir='ltr'><strong><em>Martino</em></strong></span> <span class='ocrx_word' id='word_1_121' title='bbox 1452 3646 1529 3711; x_wconf 85' lang='lat' dir='ltr'><strong><em>de</em></strong></span> <span class='ocrx_word' id='word_1_122' title='bbox 1574 3646 2183 3732; x_wconf 80' lang='lat' dir='ltr'><strong><em>Sanctopetroveteri</em></strong></span> <span class='ocrx_word' id='word_1_123' title='bbox 2225 3647 2627 3712; x_wconf 82' lang='lat' dir='ltr'><strong><em>thesaurario</em></strong></span> <span class='ocrx_word' id='word_1_124' title='bbox 2659 3647 2946 3711; x_wconf 86' lang='lat' dir='ltr'><strong><em>ecclesiae</em></strong></span> <span class='ocrx_word' id='word_1_125' title='bbox 2977 3645 3414 3711; x_wconf 85' lang='lat' dir='ltr'><strong><em>Lausanensis</em></strong></span> <span class='ocrx_word' id='word_1_126' title='bbox 3443 3646 3865 3729; x_wconf 82' lang='lat' dir='ltr'><strong><em>conferuntur</em></strong></span> 
     </span>
     <span class='ocr_line' id='line_1_18' title="bbox 1022 3753 3868 3840; baseline 0.001 -24"><span class='ocrx_word' id='word_1_127' title='bbox 1022 3755 1455 3837; x_wconf 87' lang='lat' dir='ltr'><strong><em>canonicatus,</em></strong></span> <span class='ocrx_word' id='word_1_128' title='bbox 1492 3753 1862 3840; x_wconf 81' lang='lat' dir='ltr'><strong><em>praebenda</em></strong></span> <span class='ocrx_word' id='word_1_129' title='bbox 1907 3761 1969 3819; x_wconf 85' lang='lat' dir='ltr'><strong><em>et</em></strong></span> <span class='ocrx_word' id='word_1_130' title='bbox 2012 3775 2177 3840; x_wconf 87' lang='lat' dir='ltr'><strong><em>supp</em></strong></span> <span class='ocrx_word' id='word_1_131' title='bbox 2185 3755 2546 3837; x_wconf 77' lang='lat' dir='ltr'><strong><em>lomentum,</em></strong></span> <span class='ocrx_word' id='word_1_132' title='bbox 2592 3757 2663 3818; x_wconf 89' lang='lat' dir='ltr'><strong><em>in</em></strong></span> <span class='ocrx_word' id='word_1_133' title='bbox 2693 3755 2947 3818; x_wconf 84' lang='lat' dir='ltr'><strong><em>ccclesia</em></strong></span> <span class='ocrx_word' id='word_1_134' title='bbox 2986 3753 3377 3838; x_wconf 74' lang='lat' dir='ltr'><strong><em>Tray‘ectensi</em></strong></span> <span class='ocrx_word' id='word_1_135' title='bbox 3394 3774 3519 3839; x_wconf 83' lang='lat' dir='ltr'><strong><em>per</em></strong></span> <span class='ocrx_word' id='word_1_136' title='bbox 3548 3774 3868 3818; x_wconf 86' lang='lat' dir='ltr'><strong><em>consecra·</em></strong></span> 
     </span>
     <span class='ocr_line' id='line_1_19' title="bbox 1024 3858 3855 3946; baseline 0 -22"><span class='ocrx_word' id='word_1_137' title='bbox 1024 3861 1248 3924; x_wconf 88' lang='lat' dir='ltr'><strong><em>tionem</em></strong></span> <span class='ocrx_word' id='word_1_138' title='bbox 1294 3858 1602 3925; x_wconf 83' lang='lat' dir='ltr'><strong><em>Lazerini</em></strong></span> <span class='ocrx_word' id='word_1_139' title='bbox 1644 3861 1824 3925; x_wconf 88' lang='lat' dir='ltr'><strong><em>electi</em></strong></span> <span class='ocrx_word' id='word_1_140' title='bbox 1867 3860 2189 3925; x_wconf 85' lang='lat' dir='ltr'><strong><em>Albiensis</em></strong></span> <span class='ocrx_word' id='word_1_141' title='bbox 2224 3862 2521 3945; x_wconf 77' lang='lat' dir='ltr'><strong><em>proxime</em></strong></span> <span class='ocrx_word' id='word_1_142' title='bbox 2558 3867 2884 3925; x_wconf 83' lang='lat' dir='ltr'><strong><em>vacatura.</em></strong></span> <span class='ocrx_word' id='word_1_143' title='bbox 2924 3898 3006 3908; x_wconf 93' lang='lat'>—</span> <span class='ocrx_word' id='word_1_144' title='bbox 3040 3860 3457 3946; x_wconf 83' lang='lat' dir='ltr'><strong><em>Deputantur</em></strong></span> <span class='ocrx_word' id='word_1_145' title='bbox 3486 3868 3855 3926; x_wconf 72' lang='lat' dir='ltr'><strong><em>executores.</em></strong></span> 
     </span>
    </p>
   </div>
   <div class='ocr_carea' id='block_1_12' title="bbox 1023 4040 3697 4222">
    <p class='ocr_par' dir='ltr' id='par_1_12' title="bbox 1023 4040 3697 4222">
     <span class='ocr_line' id='line_1_20' title="bbox 1023 4040 3697 4132; baseline 0.001 -25"><span class='ocrx_word' id='word_1_146' title='bbox 1023 4040 1471 4126; x_wconf 77' lang='lat' dir='ltr'><strong><em>Suffragancia</em></strong></span> <span class='ocrx_word' id='word_1_147' title='bbox 1517 4040 1657 4106; x_wconf 88' lang='lat' dir='ltr'><strong><em>tibi.</em></strong></span> <span class='ocrx_word' id='word_1_148' title='bbox 1687 4088 1703 4104; x_wconf 91' lang='lat'><strong><em>.</em></strong></span> <span class='ocrx_word' id='word_1_149' title='bbox 1732 4089 1748 4105; x_wconf 92' lang='lat'><strong><em>.</em></strong></span> <span class='ocrx_word' id='word_1_150' title='bbox 1775 4089 1790 4106; x_wconf 90' lang='lat'><strong><em>.</em></strong></span> <span class='ocrx_word' id='word_1_151' title='bbox 1843 4041 1998 4107; x_wconf 82' lang='lat' dir='ltr'><strong><em>Dat.</em></strong></span> <span class='ocrx_word' id='word_1_152' title='bbox 2049 4041 2380 4109; x_wconf 79' lang='lat' dir='ltr'><strong><em>Avinione</em></strong></span> <span class='ocrx_word' id='word_1_153' title='bbox 2400 4093 2417 4127; x_wconf 94' lang='lat'><strong><em>,</em></strong></span> <span class='ocrx_word' id='word_1_154' title='bbox 2466 4043 2642 4109; x_wconf 88' lang='lat' dir='ltr'>XIII</span> <span class='ocrx_word' id='word_1_155' title='bbox 2687 4043 2795 4109; x_wconf 87' lang='lat' dir='ltr'><strong><em>Kl.</em></strong></span> <span class='ocrx_word' id='word_1_156' title='bbox 2843 4044 3128 4131; x_wconf 78' lang='lat' dir='ltr'><strong><em>Aprilis,</em></strong></span> <span class='ocrx_word' id='word_1_157' title='bbox 3176 4066 3351 4110; x_wconf 82' lang='lat' dir='ltr'><strong><em>anno</em></strong></span> <span class='ocrx_word' id='word_1_158' title='bbox 3398 4045 3697 4132; x_wconf 79' lang='lat' dir='ltr'><strong><em>septimo.</em></strong></span> 
     </span>
     <span class='ocr_line' id='line_1_21' title="bbox 1217 4156 1933 4222; baseline 0.004 -16"><span class='ocrx_word' id='word_1_159' title='bbox 1217 4157 1341 4221; x_wconf 63' lang='lat' dir='ltr'><strong><em>Ray.</em></strong></span> <span class='ocrx_word' id='word_1_160' title='bbox 1376 4158 1473 4207; x_wconf 73' lang='lat' dir='ltr'><strong><em>Ao.</em></strong></span> <span class='ocrx_word' id='word_1_161' title='bbox 1516 4158 1568 4207; x_wconf 86' lang='lat' dir='ltr'><strong><em>T.</em></strong></span> <span class='ocrx_word' id='word_1_162' title='bbox 1606 4156 1697 4222; x_wconf 79' lang='lat'><strong><em>49,</em></strong></span> <span class='ocrx_word' id='word_1_163' title='bbox 1720 4159 1783 4220; x_wconf 82' lang='lat' dir='ltr'><strong><em>s.</em></strong></span> <span class='ocrx_word' id='word_1_164' title='bbox 1819 4156 1933 4209; x_wconf 78' lang='lat'><strong><em>332.</em></strong></span> 
     </span>
    </p>
   </div>
   <div class='ocr_carea' id='block_1_13' title="bbox 793 4626 2869 4712">
    <p class='ocr_par' dir='ltr' id='par_1_13' title="bbox 793 4626 2869 4712">
     <span class='ocr_line' id='line_1_22' title="bbox 793 4626 2869 4712; baseline -0.001 -18"><span class='ocrx_word' id='word_1_165' title='bbox 793 4626 991 4696; x_wconf 73' lang='lat'><strong><em>1264.</em></strong></span> <span class='ocrx_word' id='word_1_166' title='bbox 1793 4628 2006 4712; x_wconf 74' lang='lat'><strong><em>1349,</em></strong></span> <span class='ocrx_word' id='word_1_167' title='bbox 2052 4627 2293 4691; x_wconf 85' lang='lat' dir='ltr'><strong><em>Martii</em></strong></span> <span class='ocrx_word' id='word_1_168' title='bbox 2336 4628 2454 4711; x_wconf 86' lang='lat'><strong><em>26,</em></strong></span> <span class='ocrx_word' id='word_1_169' title='bbox 2501 4627 2869 4693; x_wconf 82' lang='lat' dir='ltr'><strong><em>Avenionis.</em></strong></span> 
     </span>
    </p>
   </div>
   <div class='ocr_carea' id='block_1_14' title="bbox 1019 4778 3862 4971">
    <p class='ocr_par' dir='ltr' id='par_1_14' title="bbox 1019 4778 3862 4971">
     <span class='ocr_line' id='line_1_23' title="bbox 1109 4778 3862 4867; baseline 0.001 -23"><span class='ocrx_word' id='word_1_170' title='bbox 1109 4780 1308 4844; x_wconf 89' lang='lat' dir='ltr'><strong><em>Petro</em></strong></span> <span class='ocrx_word' id='word_1_171' title='bbox 1354 4779 1431 4844; x_wconf 84' lang='lat' dir='ltr'><strong><em>de</em></strong></span> <span class='ocrx_word' id='word_1_172' title='bbox 1473 4778 1732 4864; x_wconf 81' lang='lat' dir='ltr'><strong><em>Leyden</em></strong></span> <span class='ocrx_word' id='word_1_173' title='bbox 1778 4780 2110 4862; x_wconf 81' lang='lat' dir='ltr'><strong><em>confertur</em></strong></span> <span class='ocrx_word' id='word_1_174' title='bbox 2154 4781 2564 4844; x_wconf 79' lang='lat' dir='ltr'><strong><em>canonicatus</em></strong></span> <span class='ocrx_word' id='word_1_175' title='bbox 2608 4787 2668 4844; x_wconf 88' lang='lat' dir='ltr'><strong><em>et</em></strong></span> <span class='ocrx_word' id='word_1_176' title='bbox 2711 4787 3073 4845; x_wconf 84' lang='lat' dir='ltr'><strong><em>reservatur</em></strong></span> <span class='ocrx_word' id='word_1_177' title='bbox 3104 4780 3474 4867; x_wconf 80' lang='lat' dir='ltr'><strong><em>praebenda</em></strong></span> <span class='ocrx_word' id='word_1_178' title='bbox 3502 4784 3573 4846; x_wconf 87' lang='lat' dir='ltr'><strong><em>in</em></strong></span> <span class='ocrx_word' id='word_1_179' title='bbox 3602 4783 3862 4847; x_wconf 82' lang='lat' dir='ltr'><strong><em>ecclesia</em></strong></span> 
     </span>
     <span class='ocr_line' id='line_1_24' title="bbox 1019 4884 2632 4971; baseline 0.001 -21"><span class='ocrx_word' id='word_1_180' title='bbox 1019 4885 1074 4950; x_wconf 84' lang='lat' dir='ltr'><strong><em>b.</em></strong></span> <span class='ocrx_word' id='word_1_181' title='bbox 1120 4885 1378 4950; x_wconf 85' lang='lat' dir='ltr'><strong><em>Mariae</em></strong></span> <span class='ocrx_word' id='word_1_182' title='bbox 1429 4884 1612 4970; x_wconf 85' lang='lat' dir='ltr'><strong><em>Traj.</em></strong></span> <span class='ocrx_word' id='word_1_183' title='bbox 1665 4921 1746 4934; x_wconf 92' lang='lat'>—</span> <span class='ocrx_word' id='word_1_184' title='bbox 1795 4885 2212 4971; x_wconf 84' lang='lat' dir='ltr'><strong><em>Deputantur</em></strong></span> <span class='ocrx_word' id='word_1_185' title='bbox 2263 4893 2632 4951; x_wconf 75' lang='lat' dir='ltr'><strong><em>executores.</em></strong></span> 
     </span>
    </p>
   </div>
   <div class='ocr_carea' id='block_1_15' title="bbox 792 5064 3859 5461">
    <p class='ocr_par' dir='ltr' id='par_1_15' title="bbox 792 5064 3859 5367">
     <span class='ocr_line' id='line_1_25' title="bbox 1018 5064 3859 5153; baseline 0.001 -20"><span class='ocrx_word' id='word_1_186' title='bbox 1018 5067 1176 5133; x_wconf 78' lang='lat' dir='ltr'><strong><em>Vite</em></strong></span> <span class='ocrx_word' id='word_1_187' title='bbox 1223 5088 1298 5131; x_wconf 81' lang='lat' dir='ltr'><strong><em>ao</em></strong></span> <span class='ocrx_word' id='word_1_188' title='bbox 1344 5087 1616 5132; x_wconf 88' lang='lat' dir='ltr'><strong><em>morum.</em></strong></span> <span class='ocrx_word' id='word_1_189' title='bbox 1648 5114 1664 5130; x_wconf 92' lang='lat'><strong><em>.</em></strong></span> <span class='ocrx_word' id='word_1_190' title='bbox 1691 5114 1707 5131; x_wconf 92' lang='lat'><strong><em>.</em></strong></span> <span class='ocrx_word' id='word_1_191' title='bbox 1736 5114 1752 5131; x_wconf 89' lang='lat'><strong><em>.</em></strong></span> <span class='ocrx_word' id='word_1_192' title='bbox 1816 5066 1969 5131; x_wconf 87' lang='lat' dir='ltr'><strong><em>Non</em></strong></span> <span class='ocrx_word' id='word_1_193' title='bbox 2016 5065 2434 5132; x_wconf 78' lang='lat' dir='ltr'><strong><em>obstantibus</em></strong></span> <span class='ocrx_word' id='word_1_194' title='bbox 2483 5114 2499 5131; x_wconf 91' lang='lat'><strong><em>.</em></strong></span> <span class='ocrx_word' id='word_1_195' title='bbox 2526 5115 2541 5131; x_wconf 89' lang='lat'><strong><em>.</em></strong></span> <span class='ocrx_word' id='word_1_196' title='bbox 2570 5112 2587 5131; x_wconf 90' lang='lat'><strong><em>.</em></strong></span> <span class='ocrx_word' id='word_1_197' title='bbox 2638 5064 2814 5153; x_wconf 85' lang='lat' dir='ltr'><strong><em>quod</em></strong></span> <span class='ocrx_word' id='word_1_198' title='bbox 2862 5066 3338 5152; x_wconf 78' lang='lat' dir='ltr'><strong><em>parrochialem</em></strong></span> <span class='ocrx_word' id='word_1_199' title='bbox 3384 5069 3728 5134; x_wconf 78' lang='lat' dir='ltr'><strong><em>ecclesiam</em></strong></span> <span class='ocrx_word' id='word_1_200' title='bbox 3774 5068 3859 5135; x_wconf 78' lang='lat' dir='ltr'><strong><em>de</em></strong></span> 
     </span>
     <span class='ocr_line' id='line_1_26' title="bbox 792 5171 3858 5260; baseline 0.001 -20"><span class='ocrx_word' id='word_1_201' title='bbox 792 5173 1263 5260; x_wconf 79' lang='lat' dir='ltr'><strong><em>Wemeldingh</em></strong></span> <span class='ocrx_word' id='word_1_202' title='bbox 1292 5174 1343 5257; x_wconf 85' lang='grc'><strong><em>1)</em></strong></span> <span class='ocrx_word' id='word_1_203' title='bbox 1390 5173 1835 5258; x_wconf 80' lang='lat' dir='ltr'><strong><em>Trajectensis</em></strong></span> <span class='ocrx_word' id='word_1_204' title='bbox 1882 5171 2203 5239; x_wconf 79' lang='lat' dir='ltr'><strong><em>dioecesis</em></strong></span> <span class='ocrx_word' id='word_1_205' title='bbox 2253 5174 2542 5239; x_wconf 79' lang='lat' dir='ltr'><strong><em>nosceris</em></strong></span> <span class='ocrx_word' id='word_1_206' title='bbox 2588 5173 2908 5239; x_wconf 79' lang='lat' dir='ltr'><strong><em>obtinere.</em></strong></span> <span class='ocrx_word' id='word_1_207' title='bbox 2940 5221 2956 5238; x_wconf 88' lang='lat'><strong><em>.</em></strong></span> <span class='ocrx_word' id='word_1_208' title='bbox 2989 5222 3005 5238; x_wconf 91' lang='lat'><strong><em>.</em></strong></span> <span class='ocrx_word' id='word_1_209' title='bbox 3033 5221 3049 5237; x_wconf 92' lang='lat'><strong><em>.</em></strong></span> <span class='ocrx_word' id='word_1_210' title='bbox 3107 5173 3260 5240; x_wconf 80' lang='lat' dir='ltr'><strong><em>Dat.</em></strong></span> <span class='ocrx_word' id='word_1_211' title='bbox 3306 5175 3669 5260; x_wconf 81' lang='lat' dir='ltr'><strong><em>Avinione,</em></strong></span> <span class='ocrx_word' id='word_1_212' title='bbox 3723 5177 3858 5243; x_wconf 89' lang='lat' dir='ltr'><strong><em>VII</em></strong></span> 
     </span>
     <span class='ocr_line' id='line_1_27' title="bbox 793 5279 1812 5367; baseline -0.003 -21"><span class='ocrx_word' id='word_1_213' title='bbox 793 5280 904 5347; x_wconf 87' lang='lat' dir='ltr'><strong><em>Kl.</em></strong></span> <span class='ocrx_word' id='word_1_214' title='bbox 950 5280 1236 5367; x_wconf 84' lang='lat' dir='ltr'><strong><em>Aprilis,</em></strong></span> <span class='ocrx_word' id='word_1_215' title='bbox 1285 5300 1458 5345; x_wconf 80' lang='lat' dir='ltr'><strong><em>anno</em></strong></span> <span class='ocrx_word' id='word_1_216' title='bbox 1507 5279 1812 5366; x_wconf 78' lang='lat' dir='ltr'><strong><em>septime.</em></strong></span> 
     </span>
    </p>

    <p class='ocr_par' dir='ltr' id='par_1_16' title="bbox 1209 5394 1946 5461">
     <span class='ocr_line' id='line_1_28' title="bbox 1209 5394 1946 5461; baseline 0.003 -15"><span class='ocrx_word' id='word_1_217' title='bbox 1209 5399 1335 5459; x_wconf 61' lang='grc' dir='ltr'><strong><em>περ.</em></strong></span> <span class='ocrx_word' id='word_1_218' title='bbox 1367 5395 1464 5446; x_wconf 75' lang='lat' dir='ltr'><strong><em>Ao.</em></strong></span> <span class='ocrx_word' id='word_1_219' title='bbox 1509 5398 1561 5446; x_wconf 81' lang='lat' dir='ltr'><strong><em>T.</em></strong></span> <span class='ocrx_word' id='word_1_220' title='bbox 1597 5394 1688 5458; x_wconf 80' lang='lat'><strong><em>45,</em></strong></span> <span class='ocrx_word' id='word_1_221' title='bbox 1710 5398 1772 5461; x_wconf 73' lang='lat' dir='ltr'><strong><em>f.</em></strong></span> <span class='ocrx_word' id='word_1_222' title='bbox 1807 5395 1946 5448; x_wconf 71' lang='lat'><strong><em>5380.</em></strong></span> 
     </span>
    </p>
   </div>
   <div class='ocr_carea' id='block_1_16' title="bbox 942 5521 1961 5588">
    <p class='ocr_par' dir='ltr' id='par_1_17' title="bbox 942 5521 1961 5588">
     <span class='ocr_line' id='line_1_29' title="bbox 942 5521 1961 5588; baseline 0.001 -15"><span class='ocrx_word' id='word_1_223' title='bbox 942 5522 1001 5586; x_wconf 71' lang='lat'><strong><em>1,</em></strong></span> <span class='ocrx_word' id='word_1_224' title='bbox 1035 5522 1401 5588; x_wconf 74' lang='lat' dir='ltr'><strong><em>Wemeldinsse</em></strong></span> <span class='ocrx_word' id='word_1_225' title='bbox 1435 5523 1492 5573; x_wconf 82' lang='lat' dir='ltr'><strong><em>in</em></strong></span> <span class='ocrx_word' id='word_1_226' title='bbox 1529 5521 1961 5574; x_wconf 78' lang='lat' dir='ltr'><strong><em>Sutbevelandia.</em></strong></span> 
     </span>
    </p>
   </div>
  </div>
 </body>
</html>
