4450 6684
1895 509 2216 576 Cuma
2257 505 2383 574 VI.
3582 506 3667 571 41

596 734 794 804 14⁰7.
1645 732 1860 816 1351,
1903 730 2082 795 Julii
2125 730 2206 810 8,
2248 729 2616 794 Avenionis.

926 888 1266 954 Wilhelmo
1311 887 1478 953 dicto
1528 883 1807 971 Goyman
1852 885 2076 950 clerico
2130 882 2314 968 Traj.
2364 883 2555 948 dioec.
2578 930 2596 965 ,
2642 883 2951 968 maqistro
2996 884 3068 947 in
3110 882 3390 969 artibus,
3438 885 3556 971 qui
3598 885 3670 950 in

818 995 1131 1062 medicina
1174 994 1291 1059 diu
1334 991 1622 1075 studuit,
1685 990 2134 1074 conferendum
2177 997 2543 1055 reservatur
2588 988 2949 1071 beneficium
2991 996 3280 1074 spectans
3312 990 3414 1056 -ad
3456 991 3669 1077 dispo-

817 1104 1107 1168 sitionem
1175 1100 1448 1186 capituli
1518 1097 1588 1164 S.
1658 1097 1984 1163 Johannis
2052 1095 2238 1181 Traj.
2299 1103 2360 1162 et
2418 1117 2560 1162 cum
2620 1116 2779 1161 cura
2821 1096 2946 1180 25,
3009 1097 3145 1161 sine
3189 1117 3348 1162 cura
3391 1119 3536 1164 vero
3580 1100 3672 1165 18

820 1228 1187 1276 marcarum
1232 1207 1487 1293 arqenti
1529 1205 1808 1271 valorem
1852 1224 2143 1271 annuum
2178 1223 2317 1277 ‚non
2352 1202 2668 1270 excedens.
2714 1240 2797 1252 —-
2836 1202 3254 1288 Deputantur
3290 1213 3665 1272 eoeecutores.

813 1393 1215 1460 Litterarum
1259 1390 1554 1457 scientia.
1580 1436 1597 1455 .
1626 1435 1644 1454 .
1674 1437 1691 1453 .
1737 1388 1893 1456 Dat.
1940 1388 2272 1455 Avinione
2290 1437 2309 1473 ,
2354 1385 2527 1454 VIII
2568 1384 2670 1453 Id.
2716 1386 2761 1454 J
2763 1387 2915 1473 ulii,
2962 1408 3137 1454 anno
3185 1386 3460 1455 decimu.

1015 1526 1142 1591 περ.
1175 1525 1275 1576 Δυ.
1317 1527 1372 1575 r.
1404 1522 1502 1589 ω,
1524 1525 1586 1589 s.
1619 1521 1738 1574 180.

595 2022 793 2092 14⁰8.
1644 2022 1857 2106 1351,
1904 2021 2081 2087 Julii
2126 2023 2200 2105 9,
2250 2022 2615 2088 Avenionis.

915 2176 1206 2243 Gerardo
1237 2174 1469 2261 Mayni
1498 2173 1949 2258 conferendum
1976 2182 2341 2241 reservatur
2371 2174 2733 2257 beneficium
2761 2183 3049 2261 spectans
3081 2175 3170 2241 ad
3197 2175 3669 2262 dispositionem

820 2285 1092 2369 capituli
1153 2282 1221 2348 S.
1284 2282 1344 2347 J
1339 2283 1609 2348 ohannis
1681 2280 1863 2365 Traj.
1930 2288 1989 2345 et
2032 2301 2173 2345 cum
2218 2302 2378 2347 cura
2421 2282 2511 2346 25
2528 2330 2546 2365 ,
2593 2283 2729 2346 sine
2772 2301 2931 2346 cura
2974 2302 3119 2347 vero
3167 2283 3256 2347 18
3298 2304 3666 2349 marcarum

822 2391 1075 2475 arqenti
1116 2390 1395 2454 valorem
1441 2408 1727 2452 annuum
1772 2408 1899 2453 non
1936 2387 2261 2471 excedens,
2308 2387 2643 2453 dummodo
2671 2389 2732 2452 si
2758 2395 3055 2452 curatum
3083 2396 3402 2454 assecutus
3429 2389 3665 2473 fuerit,

806 2496 1063 2579 priores
1112 2496 1331 2559 literae
1356 2494 1439 2578 1),
1502 2513 1780 2580 quarum
1828 2495 2037 2578 viqore
2082 2492 2446 2576 beneficium
2490 2513 2532 2557 α
2576 2494 2858 2578 capitulo
2905 2495 3193 2559 ecclesiae
3245 2493 3665 2578 Trajectensis

819 2599 1267 2683 conferendum
1341 2606 1697 2685 exspectat,
1775 2599 1990 2685 quoad
2057 2607 2356 2664 curatum
2422 2599 2783 2681 beneficium
2847 2607 3081 2667 extunc
3146 2602 3344 2665 irrita
3409 2603 3541 2667 siut
3607 2608 3668 2667 et

815 2727 1014 2771 cassa.
1067 2744 1150 2756 —-
1199 2706 1617 2792 Deputantur
1661 2713 2035 2773 eccecutores.

811 2888 1073 2954 Dilecto
1119 2888 1254 2955 filio
1300 2887 1595 2955 Gerardo
1641 2889 1866 2974 Magni
1912 2888 2149 2954 clerico
2195 2888 2638 2975 'trajectensis
2684 2887 2964 2954 diocesis
3009 2889 3290 2955 salutem
3335 2897 3446 2956 etc.

814 2993 1148 3060 Honestas
1192 3014 1468 3060 morum.
1494 3041 1510 3058 .
1538 3040 1555 3058 .
1582 3043 1600 3059 .
1648 2994 1802 3060 Dat.
1849 2993 2215 3078 Avinione,
2263 2994 2400 3060 VH
2442 2993 2542 3059 Id.
2590 2992 2635 3060 J
2637 2994 2784 3078 ulii,
2831 3014 3006 3060 auno
3054 2993 3327 3060 decimo,

809 3097 901 3164 In
939 3120 990 3164 e.
1021 3120 1104 3163 m.
1150 3098 1409 3166 dilectis
1454 3099 1607 3165 filiis
1654 3147 1670 3164 .
1699 3147 1716 3164 .
1765 3105 1990 3165 sancte
2035 3099 2245 3166 Mario
2291 3106 2360 3165 et
2407 3147 2425 3165 .
2451 3147 2469 3166 .
2518 3101 2728 3167 sancti
2759 3099 2804 3167 J
2807 3100 3085 3167 ohannis
3115 3101 3639 3187 Trajectensium

589 3206 852 3273 decanis
896 3227 973 3272 ac
1021 3255 1038 3272 .
1066 3255 1084 3272 .
1130 3208 1598 3274 Avinionensis
1644 3209 1915 3274 sacriste
1961 3209 2386 3274 ecclesiarum
2431 3209 2712 3276 salutem
2757 3216 2868 3275 etc.

1011 3343 1137 3407 Req.
1172 3343 1272 3394 Ao.
1316 3345 1371 3395 T.
1404 3341 1498 3408 62,
1524 3345 1587 3408 f.
1620 3341 1739 3394 352.

743 3485 800 3552 1)
837 3485 1013 3553 Supra
1046 3501 1198 3539 num.
1232 3485 1384 3539 1401.

589 3912 792 3982 1409.
1618 3916 1828 3998 1351,
1878 3914 2056 3980 ,παι-ι·
2099 3914 2217 3997 21,
2266 3914 2634 3979 Avenionis.

902 4067 1233 4133 Johannes
1291 4067 1500 4132 dictus
1558 4068 1771 4133 Albus
1833 4074 2162 4153 tamquam
2218 4073 2427 4132 rector
2485 4074 2876 4153 surroqatur
2933 4069 3004 4132 in
3063 4089 3241 4133 omne
3284 4071 3443 4154 jus,
3492 4069 3665 4156 quod

829 4172 1170 4239 Wilhelmo
1229 4173 1391 4240 Loet
1435 4194 1639 4260 nuper
1683 4181 1872 4241 extra
1916 4176 2164 4239 curiam
2208 4172 2508 4256 defuncto
2553 4172 2929 4259 competebat
2974 4173 3064 4239 ad
3105 4175 3423 4240 ecclesiam
3454 4196 3658 4262 paro-

818 4279 1089 4346 chialem
1132 4279 1210 4345 de
1258 4278 1559 4367 Vadenoy
1586 4281 1638 4365 1)
1694 4279 1877 4364 Traj.
1923 4279 2114 4344 dioec.
2135 4326 2153 4362 ,
2198 4298 2393 4364 super
2438 4298 2571 4364 qua
2614 4277 2859 4343 dudum
2902 4279 3071 4344 inter
3113 4299 3180 4344 se
3226 4280 3654 4366 litiqaverant.

813 4459 1175 4526 Probitatis
1221 4466 1310 4526 et.
1335 4507 1354 4527 .
1382 4508 1399 4526 .
1425 4507 1443 4526 .
1490 4461 1648 4527 Dat.
1693 4461 2059 4544 Avinione,
2105 4459 2247 4526 XII
2290 4459 2402 4527 Kl.
2450 4460 2778 4547 Augusti,
2824 4481 2999 4527 anno
3044 4459 3320 4527 docimo.

1009 4594 1135 4671 Rea.
1169 4595 1269 4646 Ac.
1314 4597 1368 4645 T.
1401 4593 1496 4660 64,
1522 4596 1586 4659 f.
1622 4592 1763 4645 3ssv.

742 4739 800 4806 1)
832 4738 1176 4807 Wadenoyen
1211 4740 1269 4792 in
1305 4740 1501 4793 Golria.

593 5159 784 5230 1410.
1614 5162 1789 5227 1351
1812 5211 1830 5247 ,
1878 5161 2057 5227 Julii
2101 5163 2185 5227 31
2208 5210 2226 5245 ,
2278 5162 2642 5227 Aveuionis.

917 5314 1305 5381 Tidemmmo
1362 5315 1530 5381 dicto
1590 5316 1811 5382 Parvo
1870 5317 2166 5381 canonico
2225 5315 2514 5381 ecclesiae
2574 5313 2643 5379 S.
2707 5314 2897 5380 Petri
2966 5313 3149 5400 Traj.
3167 5364 3186 5400 ‚
3248 5314 3658 5383 baccalaureo

819 5424 889 5487 in
950 5421 1257 5488 medicina
1279 5469 1297 5505 ,
1356 5421 1749 5506 conceditur,
1811 5422 1984 5509 quod
2042 5423 2388 5508 acceptatio
2447 5428 2508 5486 et
2557 5422 2881 5507 provisio,
2944 5420 3067 5486 sibi
3106 5423 3258 5504 jam
3314 5421 3529 5504 factae
3585 5422 3663 5487 de

810 5526 1181 5613 praebenda
1248 5529 1319 5593 in
1385 5527 1600 5594 eadem
1666 5529 1923 5594 ecclesio
1981 5535 2244 5594 vacante
2293 5547 2416 5614 per
2475 5526 2712 5592 obitum
2767 5525 3044 5612 Riquini
3087 5525 3361 5610 Ploech,
3408 5529 3659 5594 omuino

820 5632 1094 5699 valeant.

817 5767 905 5828 11.
3402 5769 3441 5828 6
