4450 6684
1784 502 2243 566 Inrocmmus
2297 500 2419 565 VI.
3510 500 3540 563 1
3556 499 3586 563 1
3602 500 3632 564 1

567 724 763 795 1659.
1538 723 1752 804 1360,
1804 719 2088 785 Octobris
2132 720 2216 784 11
2245 768 2261 801 ,
2309 720 2673 784 Avenionis.

889 877 1350 961 Infrascriptis
1417 873 1797 956 mandatur,
1867 879 1942 935 ut
2009 871 2296 956 Remiqio
2373 871 2724 936 Thurionis
2791 871 2867 935 de
2927 871 3278 957 Dombiayo
3341 875 3639 938 canonico

811 984 1206 1049 Virdunensi
1249 981 1585 1062 conferant
1628 980 2070 1042 canonicatum
2116 985 2175 1041 et
2217 977 2677 1062 praebendam,
2727 979 2797 1041 in
2835 977 3093 1041 ecclesia
3120 976 3188 1040 S.
3222 978 3413 1042 Petri
3449 977 3633 1063 Traj.

789 1096 1081 1155 vacantes
1121 1110 1239 1174 per
1283 1087 1518 1152 obitum
1568 1085 1827 1151 Gerlaci
1875 1084 1951 1148 de
1998 1084 2292 1148 Doerinc.
2320 1083 2375 1167 1)
3378 1078 3385 1085 ’

792 1270 1177 1336 Venerabili
1222 1268 1406 1333 fratri
1455 1316 1469 1331 .
1500 1316 1514 1331 .
1565 1268 1871 1354 episcopo
1914 1267 2396 1333 Columbriensi
2444 1272 2513 1332 et
2560 1266 2816 1331 dilectis
2863 1266 3014 1331 filiis
3063 1267 3313 1333 decano
3361 1268 3636 1335 ecclesie

571 1376 780 1444 sancti
824 1375 1122 1463 Agricoli
1162 1374 1634 1441 Avinionensis
1680 1395 1755 1439 ac
1804 1374 2062 1439 officiali
2109 1373 2519 1457 Trajectensi
2567 1374 2846 1438 salutem
2899 1380 3010 1437 etc.

798 1480 1194 1548 Laudabilia
1236 1479 1604 1568 probitatis.
1634 1526 1650 1542 .
1678 1527 1693 1543 .
1725 1527 1741 1543 .
1790 1479 1946 1544 Dat.
1996 1479 2363 1561 Avinione,
2413 1478 2475 1543 V
2521 1478 2620 1543 Id.
2673 1478 3011 1561 Octobris,
3060 1499 3233 1545 anno
3283 1485 3538 1546 octavo.

990 1598 1117 1660 Rea.
1151 1598 1251 1647 Αυ.
1293 1598 1351 1646 Τ.
1382 1593 1471 1658 22,
1496 1595 1558 1659 s.
1594 1593 1733 1646 276².

726 1711 781 1776 1)
817 1711 989 1763 Codex
1026 1710 1211 1761 habet:
1248 1709 1313 1760 de
1347 1708 1609 1761 Doerunc.

569 2071 768 2140 1660.
1529 2070 1742 2151 1360,
1794 2067 2075 2133 Octobris
2121 2070 2241 2150 14,
2289 2070 2652 2133 Avenionis.

888 2224 1179 2289 Goswino
1249 2223 1325 2287 de
1391 2222 1570 2287 Mere
1640 2222 1970 2303 confertur
2030 2223 2434 2285 canonicatus
2495 2228 2555 2285 et
2602 2221 2969 2306 praebenda
3014 2244 3153 2286 cum
3197 2225 3625 2309 supplemento

800 2330 1085 2394 ecclesiae
1158 2328 1605 2411 Trajectensis,
1670 2347 1833 2412 quae
1894 2346 2033 2389 cum
2088 2324 2388 2390 Johanne
2445 2325 2703 2390 Vastini
2745 2327 2821 2390 de
2869 2325 3114 2392 Oasleto
3150 2349 3277 2412 pro
3313 2337 3628 2414 perpetua

798 2435 1162 2520 capellania
1223 2435 1458 2498 altaris
1517 2431 1587 2496 S.
1654 2432 1721 2496 S.
1790 2432 2120 2496 Clementis
2186 2438 2245 2495 et
2291 2429 2651 2496 Sebastiani
2692 2435 2804 2497 siti
2845 2435 2917 2496 in
2961 2435 3215 2498 ecclesia
3261 2433 3329 2498 S.
3376 2435 3636 2500 Nicolai

796 2539 976 2626 apud
1029 2539 1407 2604 Transitum
1452 2536 1857 2602 Leodiensem
1892 2539 2155 2621 putavit
2187 2538 2644 2622 permutanda.
2689 2573 2774 2588 —
2816 2539 3231 2624 Deputantur
3266 2547 3635 2606 executores.

800 2720 1188 2808 Apostolice
1235 2720 1431 2786 sedis.
1458 2767 1474 2783 .
1504 2766 1521 2784 .
1550 2766 1567 2784 .
1615 2718 1770 2784 Dat.
1816 2717 2192 2802 Avinione,
2242 2717 2313 2783 Π
2358 2719 2457 2783 Id.
2508 2720 2848 2804 Octobris,
2896 2741 3070 2786 anno
3120 2727 3372 2787 octavo.

993 2837 1119 2901 Ray.
1153 2836 1253 2887 Ao.
1293 2837 1352 2886 T.
1385 2834 1476 2900 22,
1504 2836 1567 2900 s.
1600 2832 1739 2884 214⁹.

576 3237 769 3305 1661.
1039 3246 1044 3253 ’
1532 3237 1749 3319 1360,
1803 3234 2086 3301 Octobris
2130 3237 2255 3318 17,
2302 3236 2667 3299 Avenionis.

889 3392 1033 3457 Pro
1095 3394 1501 3478 reparatione
1560 3393 1846 3456 ecclesiae
1906 3389 1975 3455 S.
2032 3390 2307 3454 Lebuini
2361 3391 2839 3457 Daventriensis
2898 3393 2987 3458 ad
3031 3394 3393 3459 decennium
3439 3413 3644 3458 conce-

808 3498 990 3564 ditur
1036 3499 1438 3583 indulyentia
1483 3499 1678 3562 unius
1723 3498 1883 3561 anni
1926 3503 1985 3559 et
2029 3498 2118 3560 40
2164 3496 2431 3560 dierum.

813 3678 1155 3744 Universis
1204 3677 1449 3744 Christi
1498 3676 1803 3742 fidelibus
1851 3682 2195 3762 presentes
2243 3678 2500 3742 litteras
2545 3679 2936 3765 inspecturis
2984 3680 3262 3743 salutem
3308 3687 3418 3744 etc.

814 3781 1253 3848 Ecclesiamm
1324 3783 1607 3847 fabricis.
1635 3829 1651 3845 .
1682 3830 1696 3845 .
1727 3831 1741 3844 .
1816 3781 1982 3847 Cum
2054 3783 2279 3868 itaque
2298 3831 2315 3865 ,
2390 3784 2557 3847 sicut
2626 3784 3029 3869 accepimus,
3101 3786 3378 3850 ecclesia
3445 3785 3654 3850 sancti

591 3888 876 3954 Lebuini
907 3889 1408 3954 Daventriensis
1440 3888 1886 3973 Trajectensis
1919 3886 2226 3971 diocesis,
2264 3890 2334 3953 in
2368 3910 2496 3974 qua
2528 3909 2760 3975 corpus
2794 3890 2999 3975 ipsius
3033 3891 3242 3955 sancti
3271 3890 3652 3977 requiescit,

593 3994 678 4060 ob
723 3997 910 4081 qu'us
956 3995 1191 4060 merita
1238 3994 1560 4059 Dominus
1606 3994 1815 4058 multa
1859 3993 2176 4059 miracula
2223 4002 2568 4081 operatur,
2614 4016 2769 4060 casu
2814 3996 3085 4061 fortuito
3119 3996 3424 4062 incendio
3456 3996 3663 4062 fuerit·

592 4106 1007 4166 concremata
1052 4105 1120 4166 et
1166 4102 1353 4187 quasi
1387 4100 1680 4166 totaliter
1713 4099 2080 4184 destructa,
2129 4103 2383 4187 magnis
2415 4101 2938 4186 reparationibus
2968 4101 3295 4187 indigeat,
3342 4101 3426 4167 ad
3457 4123 3650 4189 quas,

596 4226 745 4271 cum
804 4206 889 4272 ad
953 4206 1078 4272 hoo
1142 4205 1529 4271 dilectorum
1579 4206 1860 4271 filiorum
1906 4252 1924 4269 .
1961 4254 1976 4270 .
2025 4205 2258 4271 decani
2307 4214 2376 4271 et
2421 4208 2691 4293 capituli
2737 4208 2942 4293 ipsius
2989 4207 3262 4274 ecclesie
3307 4208 3655 4273 facultates

593 4331 726 4378 non
772 4318 1167 4400 suppetant,
1215 4312 1505 4377 fidelium
1554 4312 1910 4377 elemosine
1959 4312 2091 4375 sint
2138 4312 2488 4399 plurimum
2539 4318 2897 4398 oportune,
2952 4362 2968 4377 .
2996 4362 3012 4377 .
3042 4361 3058 4378 .
3087 4361 3103 4378 .
3154 4315 3455 4379 omnibus
3505 4335 3658 4380 vere

598 4417 1049 4504 penitentibus
1104 4423 1174 4483 et
1220 4417 1562 4500 confessis,
1612 4418 1725 4504 qui
1758 4438 1990 4482 manus
2022 4417 2106 4482 ad
2140 4418 2266 4483 hoo
2297 4419 2715 4503 porrexerint
2746 4418 3130 4504 adjutrices,
3180 4440 3383 4484 unum
3414 4441 3663 4486 annum

507 4574 514 4583 .
601 4527 671 4587 et
714 4521 1154 4610 quadraginta
1200 4521 1340 4587 dies
1387 4521 1470 4586 de
1517 4523 1829 4606 injunctis
1880 4523 1975 4587 eis
2022 4524 2415 4609 penitenciis
2461 4522 2970 4588 misericorditer
3016 4523 3420 4589 relaxamus.⁴
3499 4524 3661 4590 Pre-

602 4626 899 4693 sentibus
945 4635 1097 4715 post
1144 4627 1536 4693 decennium
1583 4628 1852 4692 minime
1902 4628 2220 4692 valituris.
2281 4627 2460 4703 Quas
2506 4629 2681 4693 mitti
2711 4649 2829 4715 per
2860 4630 3272 4715 questuarios
3305 4628 3664 4695 districtius

601 4732 1005 4815 inhibemus,
1055 4753 1197 4816 eas,
1246 4734 1301 4797 si
1333 4754 1520 4799 secus
1552 4737 1773 4797 actum
1805 4733 2032 4817 fuerit,
2066 4753 2287 4798 carere
2321 4734 2569 4798 viribus
2603 4734 3051 4800 decernentes.
3116 4734 3270 4800 Dat.
3304 4735 3663 4821 Avinione,

601 4836 769 4903 XVI
812 4837 923 4902 Kl.
974 4838 1393 4922 Novembris,
1444 4859 1617 4903 anno
1665 4845 1918 4903 octavo.

1010 4955 1133 5018 Ray.
1170 4956 1268 5005 Av.
1312 4958 1370 5005 T.
1402 4954 1493 5017 24,
1518 4955 1580 5019 s.
1614 4953 1732 5004 327.

602 5350 794 5420 1662.
1576 5354 1787 5435 1360,
1840 5351 2123 5418 Octobris
2167 5357 2285 5437 23,
2333 5357 2698 5420 Avenionis.

928 5504 1284 5570 Theobaldo
1315 5505 1391 5569 de
1420 5504 1696 5570 Herwen
1724 5508 1955 5570 rectori
1981 5508 2382 5591 parochialis
2411 5509 2694 5571 ecclesiae
2731 5504 2854 5587 „de
2886 5503 3128 5589 Hyen”
3158 5505 3208 5588 ¹)
3249 5503 3432 5588 Traj.
3465 5504 3654 5569 dioec.

823 5610 1185 5676 conceditur
1218 5613 1634 5696 privileqium
1666 5612 2005 5695 plenariae
2047 5622 2443 5697 peccatorum
2490 5612 2871 5676 remissionis
2915 5613 2987 5676 in
3031 5612 3306 5675 articulo
3350 5613 3592 5675 mortis.
