4450 6684
1820 500 2224 567 Ganoonms
2269 499 2393 564 XI.
3519 501 3646 563 195

581 724 636 788 si
698 744 852 789 vero
913 723 1152 788 absens
1215 721 1450 804 fuerit,
1515 720 1896 785 infirmitate
1961 719 2251 803 seclusa,
2310 720 2579 784 omnino
2639 718 3015 804 hujusmodi
3075 718 3654 786 distribucionibus

583 837 836 913 careat,
905 830 1076 895 sicut
1144 827 1439 893 canonici
1503 826 1890 913 supradicti;
1941 825 2284 912 quodque,
2347 827 2399 890 si
2449 826 2649 912 aliqui
2697 826 3157 891 canonicorum
3205 826 3648 911 predictorum

581 936 1008 1002 residenciam
1070 935 1486 1022 personalem
1548 934 1619 998 in
1681 931 1858 998 dicta
1915 933 2169 1019 capella
2227 954 2359 997 non
2407 932 2724 1015 fecerint,
2771 932 3144 1017 hujusmodi
3194 934 3434 1018 grossis
3481 934 3650 998 fruc-

581 1046 759 1110 tibus
805 1050 873 1109 et
920 1041 1500 1107 distribucionibus
1548 1045 1816 1105 careant
1863 1040 2166 1122 omnino,
2223 1039 2426 1104 nichil
2472 1040 2912 1126 percipientes
2960 1061 3045 1103 ex
3094 1038 3342 1105 eisdem
3390 1041 3515 1105 nisi
3565 1040 3646 1105 de

584 1153 850 1241 speciali
892 1151 1162 1215 licentia
1210 1148 1441 1213 decani
1487 1169 1603 1233 pro
1653 1154 1949 1234 tempore
1996 1148 2346 1211 existentis
2388 1154 2458 1212 et
2490 1147 2762 1232 capituli
2793 1146 3264 1232 predictorum,
3313 1149 3424 1234 qui
3456 1170 3656 1234 super

583 1259 707 1323 hoc
771 1279 898 1345 quo
965 1256 1043 1320 ad
1109 1275 1367 1341 grossos
1426 1254 1712 1336 fructus,
1760 1273 1895 1318 non
1944 1258 2164 1317 autem
2214 1275 2344 1339 quo
2393 1253 2475 1318 ad
2525 1253 3028 1318 distribuciones
3075 1255 3477 1338 cotidianas,
3528 1278 3660 1343 que

586 1365 749 1429 solvi
810 1363 1137 1428 debentur
1198 1359 1651 1447 presentibus,
1716 1380 1799 1424 ex
1850 1360 2045 1423 certis
2092 1361 2304 1424 causis
2353 1359 2895 1442 racionabilibus,
2946 1382 3141 1446 super
3186 1383 3316 1448 quo
3364 1363 3653 1449 ipsorum

584 1469 1024 1534 consciencias
1071 1487 1447 1547 oneramus,
1498 1464 1750 1551 possint
1797 1464 2175 1550 dispensare
2224 1470 2293 1529 et
2339 1466 2496 1551 ipsis
2547 1466 2877 1530 canonicis
2928 1467 3276 1531 abessendi
3315 1468 3655 1533 licenciam

580 1575 919 1663 impertiri.
970 1573 1077 1638 Ad
1125 1573 1247 1637 hec
1295 1571 1594 1636 volumus
1628 1591 1702 1634 ac
1735 1571 1941 1635 eciam
1975 1572 2323 1636 statuimus
2357 1573 2749 1636 auctoritate
2782 1572 3108 1660 predicta,
3159 1573 3332 1660 quod
3366 1574 3655 1641 decanus

584 1688 652 1746 et
698 1681 937 1766 singuli
988 1679 1314 1758 canonici,
1365 1698 1530 1763 quos
1578 1677 1647 1740 in
1696 1676 1873 1740 dicta
1919 1676 2172 1764 capella
2219 1676 2530 1764 deinceps
2578 1678 2781 1766 recipi
2815 1679 3194 1764 contigerit,
3246 1681 3377 1744 sint
3411 1686 3476 1744 et
3510 1702 3654 1746 esse

584 1785 869 1852 debeant
928 1791 1080 1850 actu
1124 1785 1196 1848 in
1243 1782 1613 1848 sacerdocio
1665 1782 2014 1847 constituti
2060 1781 2166 1845 vel
2213 1783 2445 1846 saltem
2492 1783 2663 1847 infra
2710 1804 2954 1848 annum
3002 1806 3041 1848 a
3088 1792 3381 1873 tempore
3427 1807 3652 1872 recep-

584 1892 779 1956 tionis
827 1912 942 1956 sue
990 1889 1501 1977 computandum
1550 1908 1619 1952 se
1667 1887 1911 1952 faciant
1958 1889 2027 1952 in
2075 1888 2496 1973 presbyteros
2546 1889 2852 1954 ordinari.
2917 1891 3232 1977 Alioquin
3281 1898 3527 1957 extunc
3572 1913 3649 1957 eo

582 1999 760 2084 ipso,
806 1997 1101 2083 legitimo
1152 2004 1371 2061 tamen
1418 1994 1889 2083 impedimento
1938 2001 2268 2077 cessante,
2313 1996 2365 2058 si
2406 1994 2724 2078 decanus,
2767 1996 3122 2079 decanatu,
3165 2000 3217 2062 si
3260 2020 3414 2064 vero
3454 2021 3647 2065 cano-

581 2104 764 2167 nicus
809 2103 1044 2184 fuerit,
1095 2103 1485 2166 canonicatu
1534 2105 1602 2165 et
1649 2097 2023 2185 prebenda,
2072 2120 2267 2185 quem
2315 2101 2418 2164 vel
2466 2121 2632 2186 quos
2681 2102 2749 2165 in
2799 2102 2941 2189 ipsa
2986 2105 3238 2190 capella
3285 2105 3653 2190 obtinebit,

584 2209 905 2295 privatus,
956 2213 1024 2273 et
1071 2228 1152 2273 ea
1197 2208 1338 2272 vice
1387 2205 1735 2269 dumtaxat
1781 2204 2090 2269 inhabilis
2138 2205 2220 2269 ad
2270 2206 2484 2292 ipsum
2534 2206 2927 2272 decanatum
2967 2209 3074 2272 vel
3113 2209 3379 2275 eosdem
3419 2211 3650 2290 callno-

584 2314 874 2379 nicatum
936 2319 1004 2378 et
1066 2311 1469 2400 prebendam
1531 2310 1749 2375 denno
1814 2310 2350 2397 consequendum
2401 2332 2515 2376 seu
2564 2313 3062 2399 consequendos
3111 2316 3375 2381 existat.
3469 2319 3649 2383 Nulli

589 2438 743 2504 ergo
809 2418 1073 2483 omnino
1137 2418 1388 2483 homini
1435 2416 1632 2481 liceat
1677 2416 1847 2480 hanc
1894 2417 2199 2502 paginam
2249 2424 2470 2482 nostre
2519 2419 3073 2504 confirmacionis,
3123 2424 3657 2508 constitucionis,

585 2522 1018 2589 ordinacionis
1080 2531 1147 2588 et
1214 2522 1575 2588 voluntatis
1637 2522 1994 2607 infringere
2058 2523 2165 2588 vel
2227 2523 2288 2588 ei
2335 2545 2498 2588 ausu
2549 2526 2895 2591 temerario
2944 2528 3289 2593 contraire.
3384 2528 3454 2594 Si
3503 2531 3648 2616 quis

585 2636 804 2695 autem
837 2631 962 2696 hoc
996 2635 1391 2716 attemptare
1424 2630 1922 2716 presumpserit,
1957 2629 2524 2715 indignasscionem
2562 2634 3028 2719 omnipotentis
3054 2635 3180 2699 Dei
3212 2643 3279 2699 et
3305 2636 3648 2703 beatorum

585 2736 769 2801 Petri
834 2744 901 2802 et
962 2735 1154 2801 Pauli
1217 2737 1663 2823 apostolorum
1711 2737 1854 2820 ejus
1902 2756 1972 2800 se
2022 2737 2280 2800 noverit
2325 2737 2760 2802 incursurum.
2858 2739 3009 2803 Dat.
3060 2741 3431 2825 Avinione,
3479 2743 3651 2808 Non.

583 2840 868 2928 Aprilis,
915 2841 1338 2928 pontificatus
1386 2841 1593 2906 nostri
1639 2862 1812 2906 anno
1860 2842 2093 2927 primo.

995 2976 1381 3039 Autoyraplmm
1427 2977 1482 3025 in
1527 2975 1731 3026 archivo
1776 2977 1953 3025 Status
1999 2977 2212 3041 Hayae-
2222 2976 2510 3039 Comitano,
2556 2993 2663 3026 eum
2708 2977 2880 3041 sigillo
2913 2978 3143 3041 plumbeo
3164 2981 3286 3045 filis
3318 2981 3492 3031 sericis
3523 2983 3671 3033 rubri

919 3059 1152 3124 flavique
1183 3060 1368 3109 eoloris
1401 3075 1622 3124 appenso
1633 3082 1656 3117 ‚·
1690 3060 1955 3124 inscriptio
1987 3060 2364 3109 characteribus
2387 3060 2717 3124 prolanyatis
2726 3084 2749 3119 ‚·
2786 3062 2947 3111 latore
2973 3062 3183 3112 sinistro
3212 3064 3541 3129 sabea-ipim
3564 3070 3667 3115 est.-

932 3208 991 3259 p·
1026 3142 1338 3274 ssxss‘affgm
1373 3176 1429 3225 a„
1458 3176 1605 3240 pum
1637 3175 1889 3240 inferiore
1924 3180 2104 3227 atra.-
2142 3144 2478 3274 Armffffdu„
2514 3193 2548 3226 a
2583 3181 2751 3241 ωηο.-
2789 3177 3054 3229 Martinus
3086 3178 3375 3244 morencii,
3410 3184 3460 3230 et
3481 3182 3670 3245 paullo

929 3292 1104 3356 infra.-
1141 3291 1225 3354 R.;
1263 3292 1609 3356 apo-arapham
1640 3309 1768 3343 saec.
1802 3292 1867 3342 X
1874 3293 1922 3341 1⁷
1952 3292 2071 3344 ibid.
2107 3293 2165 3343 in
2193 3294 2414 3344 chartul.
2449 3294 2675 3358 capellae
2706 3294 2920 3344 curialis
2943 3296 3056 3360 sol.
3090 3295 3174 3360 8v;
3213 3298 3339 3361 Req.
3373 3298 3472 3347 Av.
3516 3300 3570 3347 T.
3607 3297 3669 3357 1,

922 3376 986 3439 s.
1019 3373 1136 3425 597.

999 3457 1075 3505 De
1108 3457 1310 3507 Bionis-r
1344 3458 1693 3522 Besclwiy‘vinq
1724 3474 1825 3507 van
1859 3458 1901 3508 's
1923 3460 2283 3523 &aven-haye
2318 3459 2356 3510 Ι.
2394 3472 2429 3511 1.
2468 3459 2583 3511 195.

998 3540 1182 3604 Ipsum
1227 3540 1528 3592 donationis
1570 3542 1879 3607 diplomata,
1916 3543 1984 3593 ab
2020 3543 2238 3595 Alberto
2279 3544 2413 3595 duce
2445 3550 2500 3595 et
2535 3544 2872 3612 Margaretha
2908 3547 3118 3599 ducissa
3153 3548 3238 3598 die
3270 3546 3333 3598 31
3373 3547 3496 3600 Dec.
3530 3546 3666 3599 1367

930 3623 1154 3686 editum,
1203 3624 1343 3687 apud
1388 3625 1452 3674 de
1497 3625 1712 3675 Riemer
1755 3625 1789 3676 l.
1838 3641 1882 3677 c.
1929 3624 2030 3676 189
2076 3632 2130 3676 et
2175 3642 2224 3691 p.
2270 3626 2394 3692 193,
2443 3627 2534 3677 ubi
2580 3628 2685 3678 alia
2721 3630 2939 3693 insuper
2972 3630 3288 3681 documenta
3324 3630 3665 3695 quamplura,

933 3706 1190 3770 capellam
1224 3706 1275 3757 b.
1311 3706 1509 3758 Mariae
1545 3707 2091 3775 flagae-Comitanam
2127 3712 2527 3775 concernentia,
2566 3713 2889 3775 praecedunt
2922 3718 2975 3763 et
3010 3718 3328 3777 sequuntur.

730 3850 789 3917 1)
823 3852 1227 3917 Autographum
1262 3852 1446 3903 habet:
1482 3852 1639 3904 vinis.
1750 3832 1754 3835 Α
1839 3853 1897 3918 2)
1931 3856 2060 3920 Reg.
2096 3854 2195 3905 AV.
2230 3855 2457 3907 habent:
2494 3853 3046 3921 Groetivinkoncamp.

734 3932 791 3998 3)
826 3934 1054 3984 Ibidem:
1092 3932 1663 4000 Cleynelimkencamp.

581 4354 775 4423 1988.
1593 4358 1802 4440 1371,
1849 4359 2109 4442 Aprilis
2154 4361 2230 4441 5,
2281 4360 2642 4423 Avenionis.

896 4509 1196 4575 Omnibus
1232 4511 1697 4596 poenitentibus
1744 4517 1803 4574 et
1846 4511 2177 4593 confessis,
2224 4513 2339 4596 qui
2367 4510 2678 4595 capellam
2716 4511 2834 4575 loci
2863 4511 2932 4574 in
2965 4508 3162 4595 Haya
3205 4510 3383 4594 Trcy‘.
3417 4509 3642 4593 dioec„

809 4618 917 4698 „in
961 4638 1093 4703 qua
1137 4617 1411 4703 reliquie
1459 4616 1540 4682 de
1585 4617 1765 4703 ligno
1813 4622 2039 4714 sancte
2085 4615 2314 4682 Crucis
2357 4620 2425 4680 et
2466 4615 2549 4680 de
2583 4620 2809 4679 sancta
2839 4614 3100 4682 Corona
3131 4618 3357 4702 spinea
3391 4616 3639 4681 domini

801 4723 1007 4788 nostri
1053 4722 1264 4789 Jhesu
1308 4723 1552 4789 Christi
1596 4722 1735 4788 fore
1781 4722 2204 4805 noscantur”,
2252 4721 2465 4786 diebus
2509 4721 2754 4803 festivis
2800 4742 3005 4807 supra
3041 4743 3215 4789 num.
3257 4725 3440 4788 1977
3477 4724 3644 4788 indi-

801 4832 959 4894 catis
1003 4829 1214 4895 devote
1256 4831 1652 4894 visitaverint
1693 4837 1754 4893 et
1797 4828 1885 4893 ad
1920 4831 2126 4913 ipsius
2156 4829 2436 4914 capellae
2465 4829 2932 4912 reparationem
2961 4829 3356 4912 adjuverint,
3402 4831 3638 4895 similes

803 4955 877 5000 ac
921 4938 992 5000 in
1035 4956 1209 5000 num.
1261 4935 1523 5001 laudato
1566 4935 1999 5020 indulqentiae
2043 4936 2518 5019 impertiuntur.

803 5115 995 5181 Licet
1056 5116 1149 5199 is,
1210 5115 1295 5180 de
1357 5116 1565 5201 cujus.
1595 5161 1611 5179 .
1640 5162 1656 5180 .
1684 5161 1704 5181 .
1772 5115 2205 5180 Presentibus
2267 5120 2419 5201 post
2466 5115 2703 5201 viginti
2748 5134 2956 5180 annos
3002 5116 3268 5180 minime
3315 5116 3632 5182 valituris.

577 5220 729 5287 Dat.
777 5222 1109 5287 Avinione
1131 5270 1149 5305 ,
1194 5219 1365 5287 Non.
1416 5220 1701 5307 Aprilis,
1749 5242 1923 5286 anno
1971 5222 2204 5308 primo.

993 5357 1122 5419 Bw.
1164 5357 1263 5406 Ao.
1318 5358 1374 5406 T.
1419 5356 1477 5421 1,
1513 5358 1575 5421 s.
1617 5355 1767 5419 595v3
1816 5356 2164 5421 apuys-epm
2206 5371 2337 5405 sace.
2373 5355 2577 5405 1762·
2610 5354 2815 5403 archivo
2850 5354 3028 5403 Statu
3060 5354 3561 5419 Evae-Comitum,
3598 5355 3654 5404 in

926 5439 1148 5490 chartul.
1179 5439 1405 5503 capellae
1436 5439 1651 5490 curialis
1671 5440 1787 5504 sol.
1820 5438 1893 5488 5².
