4450 6684
789 571 830 635 6
2075 569 2392 634 CLEnRs
2437 567 2559 634 VI.

1013 787 1306 875 Dignum
1355 787 1765 853 arbitramur.
1795 835 1812 852 .
1843 836 1858 851 .
1887 835 1904 853 .
1953 787 2108 853 Dat.
2157 787 2527 872 Avinione,
2575 787 2674 854 VI
2721 787 2832 854 Kl.
2881 786 3222 870 Octobris,
3271 807 3443 851 anno
3494 790 3707 851 sexto.

1214 923 1336 985 Ray.
1383 925 1500 975 ναι.
1544 925 1599 972 r.
1634 921 1723 985 40,
1751 924 1811 987 s.
1848 921 1986 976 1530.

943 1071 1000 1135 1)
1035 1071 1154 1122 Vel:
1192 1070 1463 1136 Dolague‘?

786 1519 979 1587 1283.
1720 1521 1921 1602 1347,
1972 1520 2348 1585 Novembris
2392 1522 2513 1604 23,
2561 1521 2931 1585 Avenionis.

1115 1674 1348 1738 Viveno
1419 1674 1496 1737 de
1563 1674 1901 1738 Akersloet
1969 1674 2194 1738 elerico
2266 1674 2450 1758 Traj.
2518 1675 2707 1739 dioec.
2771 1673 3222 1755 conferendum
3283 1678 3642 1736 reservatur
3689 1669 3859 1735 bene-

1010 1782 1226 1863 ficium
1273 1788 1561 1865 spectans
1607 1780 1695 1844 ad
1740 1781 2211 1864 dispositionem
2259 1780 2524 1845 abbatas
2575 1788 2635 1845 et
2672 1787 3006 1845 conventus
3049 1778 3583 1864 Eymondensium
3622 1784 3682 1842 et
3718 1797 3858 1841 oum

1011 1909 1169 1952 cura
1233 1889 1321 1951 25
1340 1936 1357 1970 ,
1422 1888 1556 1951 sine
1616 1909 1772 1950 cura
1832 1908 1974 1953 vero
2018 1889 2111 1952 18
2156 1907 2525 1952 marcarum
2571 1888 2825 1972 arqenti
2867 1887 3145 1951 valorem
3193 1905 3480 1950 annuum
3523 1904 3650 1948 non
3694 1904 3861 1947 exce-

1011 1995 1181 2060 dens.
1234 2032 1316 2042 —
1364 1993 1781 2079 Deputantur
1828 2004 2200 2059 executores.

1012 2178 1406 2245 Laudabilia
1452 2178 1705 2243 merita.
1739 2226 1754 2240 .
1783 2226 1798 2241 .
1828 2226 1844 2241 .
1900 2177 2056 2243 Dat.
2105 2176 2478 2260 Avinione,
2526 2175 2733 2243 VIIII
2779 2177 2890 2241 Kl.
2939 2175 3364 2258 Decembris,
3411 2194 3584 2239 anno
3639 2178 3849 2237 sexto.

1204 2312 1330 2375 περ.
1362 2313 1462 2362 ᾼυ.
1504 2312 1559 2361 T.
1592 2309 1681 2374 39,
1706 2312 1766 2376 s.
1801 2309 1917 2361 228.

795 2808 993 2876 1234.
1780 2810 1988 2891 1348,
2037 2808 2355 2874 Januarii
2396 2812 2462 2893 7,
2506 2811 2873 2875 Avenionis.

1102 2962 1558 3027 Executoribus
1604 2963 1974 3044 mandatur,
2026 2972 2099 3028 ut
2129 2963 2476 3049 Peleqrino
2518 2964 2594 3027 de
2624 2963 2800 3027 Reno
2827 2963 2881 3047 1)
2922 2965 3218 3028 canonico
3249 2963 3536 3027 ecclesiae
3566 2961 3635 3027 S.
3671 2962 3857 3026 Petri

1024 3070 1206 3154 Traj.
1254 3070 1586 3152 conferant
1621 3073 2144 3155 praeposituram
2193 3071 2466 3153 ejusdem
2515 3072 2802 3135 ecclesiae
2846 3090 2923 3134 ex
2951 3090 3018 3133 eo
3050 3077 3401 3152 vacantem,
3450 3068 3620 3154 quod
3651 3071 3857 3154 ipsam

1012 3176 1319 3241 Ricoldus
1364 3177 1440 3240 de
1486 3176 1825 3261 Hessewijo
1872 3178 2135 3240 clericus
2168 3177 2434 3241 insimul
2463 3198 2602 3240 cum
2624 3178 3089 3261 praepositura
3125 3175 3596 3261 Zutphaniensi
3625 3175 3857 3260 absque

1013 3283 1239 3367 aliqua
1285 3282 1693 3366 dispositione
1738 3284 2007 3346 retinere
2043 3284 2486 3367 praesumpsit
2531 3289 2589 3346 et
2636 3282 2847 3347 adhuc
2883 3283 3265 3367 praesumit.

1012 3448 1319 3528 Dilectis'
1352 3462 1503 3527 filiis
1570 3512 1584 3526 .
1616 3512 1630 3526 .
1693 3463 1919 3527 abbati
1980 3466 2364 3530 monasterii
2426 3465 2906 3551 Egmondensis
2961 3465 3403 3550 Trajectonsis
3449 3463 3728 3530 diocesis
3776 3470 3844 3529 et

792 3570 1082 3635 Henrico
1131 3570 1214 3634 de
1261 3569 1525 3654 Weyda
1573 3590 1646 3633 ac
1679 3569 2044 3635 Thederieo
2080 3568 2162 3634 de
2196 3571 2240 3636 J
2243 3572 2456 3637 utfaes
2489 3572 2821 3637 canonicis
2853 3572 3390 3657 Trajeotensibus
3422 3572 3703 3636 salutem
3736 3578 3848 3635 eto.

1011 3676 1251 3741 Merita
1309 3675 1677 3762 probitatis,
1710 3724 1725 3739 .
1754 3724 1769 3739 .
1800 3724 1814 3739 .
1878 3676 2031 3741 Non
2096 3678 2511 3743 obstantibus
2561 3726 2575 3742 .
2608 3725 2624 3742 .
2652 3726 2667 3741 .
2729 3678 2903 3764 quod
2950 3678 3125 3744 idem
3173 3678 3563 3764 Pelegrinus
3613 3726 3628 3741 .
3659 3724 3672 3739 .
3704 3726 3719 3741 .
3770 3676 3851 3742 de

786 3787 1143 3869 personatu
1189 3782 1470 3874 ecclesie·
1510 3781 1591 3846 de
1638 3781 1857 3847 Puten
1883 3782 1937 3865 2)
1985 3782 2429 3868 Trajeotensis
2476 3783 2754 3849 diocesis
2803 3784 2872 3848 in
2922 3785 3224 3849 Romana
3271 3785 3450 3849 ouria
3497 3805 3567 3849 se
3617 3784 3848 3849 asserit

788 3889 1064 3974 litigare.
1093 3936 1109 3952 .
1138 3936 1153 3951 .
1182 3935 1199 3953 .
1247 3888 1399 3951 Dat.
1448 3885 1817 3970 Avinione‚
1869 3887 2004 3952 VH
2049 3888 2149 3952 Id.
2200 3889 2538 3973 Januarii,
2587 3911 2759 3955 anno
2810 3896 3023 3955 sexto,

1208 4020 1332 4083 Ray.
1369 4023 1465 4069 Av.
1511 4022 1564 4070 T.
1599 4020 1689 4083 42,
1717 4022 1777 4084 s.
1813 4019 1952 4073 3702.

937 4165 995 4230 1)
1032 4165 1203 4216 Codex
1241 4167 1430 4216 habet:
1470 4167 1533 4215 de
1572 4166 1750 4216 Recio·
1952 4166 2006 4230 2)
2044 4167 2240 4217 Putten
2281 4169 2335 4218 in
2374 4168 2604 4219 Velavia.

786 4694 978 4762 1235.
1761 4698 1973 4780 1348,
2024 4694 2340 4761 Januarii
2385 4700 2458 4781 8,
2505 4699 2872 4763 Avenionis.

1104 4851 1378 4915 Suedero
1441 4851 1516 4915 de
1575 4849 1967 4934 Manaforde
1995 4853 2045 4935 l)
2112 4854 2269 4917 laico
2342 4852 2522 4935 Traj.
2588 4852 2777 4917 dioec.
2843 4852 3202 4918 conceditur
3251 4854 3665 4939 privileqium
3711 4855 3853 4939 ple-

1012 4960 1237 5021 nariae
1269 4965 1675 5041 peecatorum
1722 4960 2104 5023 remissionis
2151 4961 2220 5023 in
2267 4960 2543 5023 articulo
2591 4961 2831 5023 mortis.
3530 4944 3534 4949 ⁹

1102 5140 1418 5205 Provenit
1464 5161 1570 5205 ex.
1601 5187 1616 5202 .
1643 5187 1659 5203 .
1690 5188 1705 5203 .
1754 5138 1906 5204 Dat.
1955 5139 2324 5224 Avinione‚
2373 5141 2473 5208 VI
2518 5141 2618 5207 Id.
2669 5142 2712 5206 J
2716 5141 3006 5226 aunarii,
3057 5162 3231 5207 anno
3280 5148 3494 5207 sexto.

1207 5273 1332 5337 Rey.
1366 5272 1460 5323 Δυ.
1507 5275 1560 5322 Τ.
1597 5270 1682 5335 39,
1712 5273 1770 5336 s.
1805 5270 1945 5323 395?-

942 5415 999 5481 1>
1034 5416 1356 5467 Montsoort‘l
