4450 6684
1774 521 2177 587 Ganoomns
2221 519 2348 586 XI.
3463 517 3595 583 243

750 745 1011 810 Dilecto
1059 742 1195 808 fflio
1243 742 1536 807 Johanni
1585 740 1784 808 Strist
1830 742 2067 807 clerico
2114 740 2562 826 TraJectensis
2610 738 2888 805 diocesis
2936 740 3215 805 salutem
3263 746 3372 803 etc.
3649 812 3658 819 ⁶

748 848 954 917 Sedes
1000 848 1380 936 apostolica.
1408 895 1424 912 .
1450 895 1471 914 .
1499 897 1514 912 .
1562 847 1882 913 Exhibita
1926 848 2251 934 siquidem
2301 847 2494 912 nobis
2543 866 2753 933 nuper
2798 866 2915 932 pro
2965 850 3150 932 parte
3197 850 3315 910 tua
3350 845 3586 931 petitio

536 956 955 1039 continebat,
1017 954 1192 1041 quod
1254 954 1409 1020 olim
1470 960 1580 1037 tu,
1643 955 1937 1020 Parisius
1993 956 2259 1020 scolaris
2306 955 2633 1034 existens,
2682 973 2830 1017 cum
2877 952 3077 1017 animi
3122 953 3395 1017 levitate
3442 972 3592 1016 cum

524 1062 806 1152 quodam
869 1063 997 1127 alio
1046 1061 1279 1125 scolari
1324 1062 1497 1148 (per)
1545 1061 1797 1147 aliquos
1842 1060 2020 1126 vicos
2066 1060 2314 1126 ibidem
2363 1060 2446 1124 de
2496 1057 2601 1123 die
2649 1058 3052 1140 ambulares,
3100 1057 3277 1123 idem
3323 1057 3591 1122 scolaris

526 1169 818 1235 obviavit
880 1166 1138 1233 cuidam
1198 1167 1366 1233 laico
1429 1167 1555 1232 sibi
1616 1167 1896 1231 multum
1959 1166 2182 1232 odioso
2203 1216 2221 1249 ,
2272 1168 2339 1231 in
2390 1185 2586 1252 quem
2633 1166 2873 1230 laicum
2920 1164 3246 1229 hostiliter
3292 1165 3586 1247 irruens,

522 1278 737 1364 ipsum
800 1296 947 1339 cum
1012 1273 1295 1360 quodam
1358 1272 1576 1359 gladio
1621 1273 1912 1338 letaliter
1956 1274 2333 1338 vulneravit
2379 1278 2584 1357 tuque
2634 1271 2848 1336 eidem
2895 1271 3062 1335 laico
3111 1271 3365 1356 aliquos
3409 1270 3593 1336 leves

524 1387 594 1447 et
653 1402 788 1447 non
846 1380 1078 1445 letales
1125 1381 1295 1444 ictus
1342 1400 1491 1443 cum
1538 1378 1821 1466 quodam
1867 1379 2102 1444 baculo
2151 1380 2467 1460 intulisti,
2532 1399 2617 1443 ex
2664 1399 2793 1464 quo
2841 1377 3115 1442 vulnere
3159 1376 3336 1442 idem
3383 1377 3590 1442 laicus

522 1493 672 1576 post
719 1487 1011 1552 triduum
1056 1486 1357 1551 decessit.
1420 1485 1637 1560 Quare
1686 1507 1802 1572 pro
1851 1493 2038 1572 parte
2090 1492 2205 1551 tua
2254 1486 2442 1550 nobis
2489 1485 2717 1551 extitit
2747 1485 3085 1548 humiliter
3116 1485 3584 1571 supplicatum,

522 1602 629 1676 ut,
679 1616 828 1659 cum
878 1599 951 1657 tu
996 1591 1349 1658 homicidio
1397 1591 1774 1675 hujusmodi
1821 1593 2168 1658 casualiter
2199 1599 2268 1657 et
2302 1614 2434 1657 non
2473 1591 2667 1657 modo
2709 1589 3143 1677 premeditato
3182 1590 3590 1672 interfueris,

526 1699 870 1787 providere
920 1699 1042 1763 tibi
1089 1747 1104 1762 .
1136 1748 1150 1762 .
1178 1746 1194 1762 .
1245 1697 1683 1784 dignaremur.
1712 1746 1728 1762 .
1757 1747 1771 1762 .
1801 1747 1816 1763 .
1866 1699 2019 1763 Dat.
2069 1699 2441 1781 Avinione,
2489 1698 2631 1763 IIII
2677 1699 2773 1762 Id.
2827 1697 3026 1780 Julii,
3074 1720 3246 1763 anno
3297 1699 3512 1763 tertie.

938 1836 1061 1898 Ray.
1100 1835 1198 1883 Aa.
1242 1837 1299 1884 T.
1330 1833 1424 1895 19,
1451 1836 1511 1898 s.
1548 1833 1664 1883 241.

526 2313 720 2382 2146.
1554 2316 1768 2397 1373,
1816 2312 1994 2380 Julii
2038 2318 2125 2380 14
2150 2365 2167 2398 ,
2215 2318 2577 2382 Aveniom's.

848 2470 1337 2555 Archiepiscopo
1398 2469 1692 2534 Remensi
1716 2470 1768 2554 1)
1830 2472 2273 2552 committitur,
2334 2478 2410 2534 ut
2471 2470 2754 2535 Henrico
2815 2473 2891 2537 de
2949 2473 3159 2538 Viana
3213 2483 3274 2540 et
3320 2475 3601 2560 Helwiqi

754 2577 831 2640 de
873 2575 1187 2657 Herlaer,
1236 2577 1351 2660 qui
1395 2596 1536 2639 cum
1575 2576 2010 2660 impedimento
2049 2579 2621 2661 consanquinitatis
2657 2581 2726 2642 in
2768 2587 3000 2664 quarto
3025 2580 3241 2664 yradu
3273 2584 3594 2647 matrimo-

749 2683 927 2745 nium
971 2683 1284 2763 inierunt,
1332 2679 1780 2747 absolutionem
1828 2680 1905 2744 ab
1946 2686 2600 2747 excommunicationis
2637 2687 2944 2749 sententia
2980 2688 3333 2771 impertiat,
3370 2689 3593 2773 poeni-

755 2790 1012 2852 tentiam
1057 2788 1411 2852 salutarem
1456 2789 1755 2873 injunqat
1799 2796 1860 2851 et
1904 2809 2096 2872 super
2144 2790 2308 2855 dicto
2354 2790 2790 2874 impedimento
2821 2813 2962 2856 cum
2991 2794 3148 2878 ipsis
3178 2794 3508 2878 dispenset.
3535 2794 3591 2876 2)

757 2969 1140 3035 Venerabili
1185 2970 1370 3035 fratri
1418 2970 1907 3057 archiepiscopo
1955 2970 2273 3036 Remensi
2320 2970 2599 3036 salutem
2647 2978 2756 3035 etc.

755 3076 984 3163 Nuper
1038 3096 1154 3163 pro
1201 3080 1388 3163 parte
1434 3075 1658 3142 dilecti
1705 3075 1824 3141 filii
1872 3077 2112 3142 nobilis
2159 3076 2282 3142 viri
2328 3075 2562 3142 Jacobi
2611 3076 2694 3142 de
2740 3079 3073 3145 Borbonio
3120 3080 3587 3158 militis‚nobis

528 3181 653 3246 fuit
699 3184 1107 3269 expositum,
1157 3181 1335 3268 quod
1381 3182 1619 3247 nobilis
1665 3182 1765 3247 vir
1808 3182 2140 3248 Henricus
2188 3181 2270 3247 de
2322 3181 2536 3249 Viana
2584 3181 2807 3248 dilecti
2852 3183 2972 3248 filii
3003 3186 3243 3251 nobilis
3274 3187 3398 3251 viri
3430 3186 3593 3252 Ghi-

532 3287 800 3353 selberti
849 3286 1097 3352 domini
1142 3288 1272 3352 loci
1314 3286 1395 3352 de
1427 3288 1645 3354 Viana
1681 3288 1906 3353 militis
1940 3293 2163 3370 natus,
2216 3287 2599 3353 domicellus
2630 3289 2700 3352 in
2734 3289 3210 3372 sextodecimo,
3260 3298 3328 3356 et
3360 3292 3599 3357 nobilis

529 3392 763 3456 mulier
807 3391 1128 3478 Helwigis
1175 3392 1258 3457 de
1305 3392 1587 3458 Herlaer
1632 3393 1963 3480 quondam
2010 3393 2057 3461 J
2059 3394 2335 3459 ohannis
2369 3392 2618 3458 domini
2648 3395 2775 3459 loci
2810 3394 2893 3460 de
2925 3395 3228 3482 Aymeda
3258 3397 3408 3481 (sic)
3440 3403 3598 3461 nata

527 3497 870 3563 domicella
929 3498 1369 3583 TraJectensis
1433 3498 1743 3584 diocesis,
1808 3500 1876 3564 in
1938 3498 2427 3587 quintodecimo
2475 3505 2729 3565 etatum
2775 3522 3038 3566 suarum
3087 3503 3275 3567 annis
3322 3504 3428 3568 vel
3476 3504 3597 3568 cir-

530 3605 692 3669 citer
737 3605 1117 3682 constituti,
1166 3627 1298 3670 non
1344 3607 1724 3691 ignorantes
1767 3628 1837 3672 se
1871 3613 2103 3693 quarto
2147 3608 2739 3692 consanguinitatis
2770 3607 2976 3693 gradu
3008 3609 3146 3674 fore
3178 3611 3598 3695 conjunctos,

531 3712 1018 3775 matrimonium
1083 3732 1201 3798 per
1262 3713 1466 3778 verba
1529 3712 1610 3778 de
1674 3714 1968 3799 presenti
2014 3713 2296 3777 invicem
2344 3712 2751 3779 clandestine
2799 3719 3272 3780 contraxerunt
3318 3722 3387 3781 et
3431 3718 3595 3783 illud

530 3817 773 3880 carnali
819 3817 1054 3903 copula
1100 3825 1664 3901 consummarunt,
1714 3818 2021 3905 quodque
2055 3839 2140 3883 ex
2175 3838 2404 3883 eorum
2438 3807 2857 3905 separacione
2890 3826 3238 3906 perpetua,
3287 3823 3341 3886 si
3372 3822 3593 3900 fieret,

529 3922 753 4005 gravia
810 3923 1103 4008 pericula
1166 3944 1241 3988 ac
1303 3923 1654 3988 homicidia
1715 3931 1782 3989 et
1839 3923 2149 3990 scandala
2195 3924 2480 4011 plurima
2525 3930 2795 4010 possent
2843 3925 3280 3992 verisimiliter
3325 3929 3590 3993 exoriri.

529 4026 666 4091 Nos
726 4027 963 4112 igitur,
1011 4029 1125 4115 qui
1172 4030 1450 4094 salutem
1498 4031 1830 4116 querimus
1879 4032 2286 4116 singulorum
2334 4036 2403 4095 et
2449 4030 2733 4095 libenter
2780 4031 3023 4095 Christi
3068 4030 3361 4097 fidelium
3407 4035 3587 4120 pacis

532 4138 599 4196 et
644 4118 884 4219 quietis
932 4133 1272 4199 commoda
1316 4156 1771 4220 procuramus,
1841 4123 2373 4201 consideracione
2422 4138 2628 4200 eciam
2675 4136 2833 4201 dicti
2878 4137 3113 4203 Jacobi
3160 4139 3348 4204 nobis
3396 4161 3595 4226 super

531 4236 657 4302 hoc
717 4237 1053 4304 humiliter
1117 4240 1577 4326 supplicantis,
1637 4242 1936 4306 volentes
1996 4241 2354 4307 eorundem
2404 4241 2678 4305 Henrici
2726 4247 2794 4305 et
2841 4242 3160 4328 Helwigis
3209 4264 3404 4330 super
3449 4266 3595 4331 pre-

531 4343 744 4407 missis
805 4345 1167 4409 animarum
1227 4344 1572 4431 providere
1636 4347 1836 4411 saluti
1898 4353 1966 4411 et
2012 4348 2354 4433 cupientes
2402 4346 2715 4433 predictis
2762 4348 3070 4433 periculis
3118 4356 3185 4413 et
3231 4349 3593 4434 scandalis,

533 4454 849 4535 quantum
897 4471 1044 4514 cum
1091 4450 1234 4516 Deo
1282 4471 1655 4538 possumus,
1705 4453 2054 4517 salubriter
2100 4453 2397 4537 obviare,
2446 4453 2844 4520 fraternitati
2891 4459 3037 4536 tue,
3088 4453 3170 4518 de
3204 4475 3333 4540 qua
3365 4457 3436 4519 in
3468 4456 3595 4521 hiis

531 4560 601 4619 et
662 4555 804 4619 aliis
867 4556 1217 4641 specialem
1276 4557 1347 4621 in
1411 4558 1695 4623 Domino
1751 4557 2058 4622 fiduciam
2107 4558 2519 4642 obtinemus,
2568 4579 2685 4645 per
2729 4559 3090 4645 apostolica
3135 4561 3375 4644 scripta
3422 4582 3595 4626 com-

531 4661 852 4725 mittimus
913 4666 982 4726 et
1043 4662 1464 4746 mandamus,
1528 4664 1872 4750 quatinus,
1936 4664 1991 4727 si
2049 4669 2150 4727 est
2195 4664 2292 4729 ita
2339 4669 2409 4729 et
2456 4664 2575 4728 tibi
2623 4662 2986 4751 expediens
3035 4663 3368 4748 videatur,
3417 4666 3593 4751 quod

533 4766 711 4833 dicta
776 4767 1175 4833 concedatur
1245 4769 1689 4857 dispensacio,
1761 4791 1957 4856 super
2019 4790 2148 4856 quo
2214 4776 2396 4835 tuam
2459 4771 2928 4835 conscientiam
2992 4791 3374 4853 oneramus,
3435 4773 3599 4860 ipsis

534 4872 825 4939 Hem-ico
874 4881 943 4941 et
986 4875 1277 4961 Helwigi
1323 4876 1640 4962 separatis
1686 4875 1770 4941 ad
1818 4881 2105 4962 tempus,
2154 4875 2239 4941 de
2271 4897 2401 4963 quo
2435 4877 2558 4940 tibi
2588 4875 2917 4941 videbitur
2955 4876 3299 4964 expedire,
3348 4897 3492 4961 eos,
3541 4879 3596 4942 si

532 4979 657 5044 hoc
704 4980 1037 5046 humiliter
1083 4981 1424 5068 petierint,
1473 5003 1513 5047 a
1558 4982 1896 5047 sentencia
1940 4982 2680 5065 excommunicacionis,
2729 5003 2926 5068 quam
2974 4990 3243 5069 propter
3279 4985 3598 5069 premissa

468 5139 473 5142 .
534 5086 880 5153 incurrisse
928 5093 1318 5169 noscuntur,
1359 5088 1560 5171 juxta
1606 5088 1880 5152 formam
1928 5088 2204 5154 ecclesie
2252 5089 2586 5172 absolvas,
2632 5089 2949 5173 injunctis
2981 5089 3075 5153 eis
3105 5090 3280 5154 inter
3311 5091 3441 5156 alia
3471 5091 3596 5155 sub

535 5192 778 5257 virtute
828 5193 1192 5277 juramenti
1249 5192 1625 5279 prestandi,
1682 5192 1857 5279 quod
1905 5193 2208 5259 decetero
2258 5195 2494 5258 similia
2539 5214 2673 5259 non
2720 5196 3136 5259 committant
3182 5215 3304 5260 nec
3350 5196 3593 5261 facien-

536 5295 711 5361 tibus
769 5299 1093 5384 prebeant
1151 5299 1467 5363 auxilium
1489 5348 1506 5382 ,
1571 5300 1916 5364 consilium
1976 5300 2088 5365 vel
2143 5301 2469 5382 favorem,
2536 5320 2795 5365 necnon
2855 5299 3030 5387 quod
3089 5300 3170 5366 de
3217 5301 3407 5366 bonis
3455 5303 3591 5367 suis

537 5405 812 5491 propriis
858 5406 1021 5471 duas
1066 5407 1460 5494 capellanias
1506 5414 1857 5494 perpetuas
1904 5409 1975 5472 in
2023 5408 2301 5474 ecclesia
2346 5409 2735 5496 parrochiali
2780 5409 2975 5475 beate
3024 5410 3230 5474 Marie
3261 5409 3344 5475 de
3376 5410 3594 5475 Viana

537 5508 711 5575 dicte
758 5510 1033 5577 diocesis
1079 5511 1362 5578 fundent
1408 5518 1477 5578 et
1522 5514 1902 5596 instituant,
1952 5520 2019 5579 et
2067 5535 2294 5579 earum
2342 5515 2705 5601 quamlibet
2748 5514 2829 5580 de
2872 5515 3142 5600 triginta
3170 5515 3354 5580 libris
3386 5517 3592 5581 Turo-

538 5617 840 5682 nensium
907 5638 1258 5705 parvorum
1325 5618 1396 5682 in
1464 5620 1800 5705 perpetuis
1870 5620 2106 5685 annuis
2168 5619 2535 5686 redditibus
2595 5642 2715 5707 pro
2774 5621 3261 5687 sustentacione
3308 5642 3598 5708 congrua
