4450 6684
1808 580 2031 644 Immx
2087 580 2579 647 Pnnsomnmt.
3610 582 3737 646 401

738 799 1086 859 Oasaveteri
1141 798 1585 877 Magaloneneis
1642 799 1860 875 dioeo.,
1912 798 2107 858 benef.

739 930 776 968 a
816 928 947 987 eap.
992 909 1156 986 Traj.
1205 910 1378 968 1358.

658 1019 701 1078 J
714 1019 1032 1080 ohannes
1088 1019 1163 1077 de
1215 1018 1644 1095 Ameronghen
1687 1017 2108 1079 Overdeveeht

740 1129 884 1189 cler.
925 1127 1120 1187 benef.
1162 1146 1198 1186 8
1241 1146 1371 1205 cap.
1419 1127 1583 1204 Traj.
1633 1130 1810 1187 1371.

662 1273 737 1285 -
781 1244 961 1298 natus
988 1237 1240 1296 Hem-ici
1270 1234 1522 1313 Squelin
1550 1236 1623 1296 de
1651 1236 1936 1297 Helmont
1965 1238 2108 1296 cler.

742 1348 925 1408 Leod.
968 1348 1155 1407 dioee.
1197 1346 1393 1406 benef.
1437 1365 1474 1405 8
1514 1365 1644 1424 cap.
1689 1346 1840 1406 Dav.
1892 1348 2063 1406 1373.

660 1492 743 1503 -
796 1457 939 1517 Albi
964 1460 1009 1533 ¹)
1067 1458 1319 1533 (Albus,
1375 1457 1586 1516 etiam:
1638 1456 1832 1534 Wite,
1873 1456 2111 1516 Witten

745 1568 1019 1643 vocatus)
1077 1568 1222 1641 vie„
1282 1566 1498 1625 deinde
1540 1584 1671 1625 8811.
1717 1565 1880 1642 Traj.
1928 1567 2109 1642 1375,

750 1677 932 1753 1412,
979 1678 1162 1752 1632,
1210 1677 1384 1735 1634.

672 1821 745 1832 -
791 1785 1082 1864 Spluthof
1121 1786 1294 1846 1378.

666 1933 739 1943 -
784 1896 1118 1957 Bierwisoh
1164 1897 1345 1972 1381,
1396 1897 1581 1972 1436,
1629 1897 1801 1956 1480.

668 2042 742 2052 -
787 2005 982 2066 Oloud
1011 2007 1176 2064 bace.
1207 2005 1271 2062 in
1298 2004 1592 2081 decretis,
1629 2006 1815 2064 abbas
1845 2005 2113 2082 Egmun·

748 2117 947 2176 densis
994 2116 1175 2191 1384,
1224 2115 1406 2189 1414,
1457 2116 1637 2191 1507,
1681 2115 1803 2174 Int.
1846 2114 2016 2174 XLI.

668 2261 742 2272 —
787 2227 861 2285 de
887 2226 1249 2284 Westrenen
1275 2225 1431 2300 tab„
1468 2242 1599 2283 8811.
1631 2222 1691 2283 S.
1721 2225 1891 2283 Petri
1921 2224 2113 2302 Traj.,

749 2355 911 2413 proc.
952 2335 1016 2392 in
1052 2334 1224 2393 ouria
1257 2333 1439 2409 1405,
1474 2334 1655 2408 1449,
1690 2334 2113 2411 1542-1544,

749 2446 867 2504 Int.
911 2444 1157 2520 XLIX,
1199 2442 1458 2502 LXXV.

669 2588 746 2601 --
789 2554 987 2613 dietus
1027 2553 1222 2612 Albus
1255 2553 1296 2626 ¹)
1349 2557 1546 2611 rector
1588 2552 1733 2612 8881.
1778 2552 1852 2611 (18
1893 2552 2114 2612 Wade·

750 2682 946 2742 noyon
993 2664 1165 2721 1409.

672 2809 746 2819 -
804 2774 956 2832 Ῑ)881
997 2773 1142 2832 cler.
1183 2773 1378 2832 benef.
1422 2791 1459 2832 8
1501 2778 1802 2832 conventu
1845 2773 2113 2850 Egmun-

750 2886 916 2946 densi
963 2886 1136 2944 1416.

672 3029 742 3039 —
802 2995 997 3054 Albus
1054 2993 1177 3069 (vel
1233 2992 1458 3053 dietus:
1515 2992 1673 3067 wit)
1715 2993 1790 3052 de
1831 2992 2116 3053 Embriea

750 3106 892 3164 oler.
950 3103 1143 3163 benef.
1190 3104 1266 3163 ab
1308 3122 1401 3180 ep.
1445 3108 1506 3161 et
1548 3120 1676 3180 eap.
1724 3103 1918 3179 Traj.,
1961 3104 2115 3180 tab„

757 3216 936 3290 1417,
987 3215 1170 3290 1553,
1214 3213 1333 3271 Int.
1377 3212 1612 3272 XLIX.

673 3359 746 3368 —
783 3324 981 3384 dietus
1004 3324 1077 3382 de
1099 3323 1359 3382 Dulmen
1382 3323 1503 3382 tab.
1533 3323 1712 3395 1420,
1736 3323 1857 3382 lut.
1880 3322 2111 3383 XLIX.

674 3468 748 3478 —
786 3433 939 3494 dom.
982 3433 1057 3492 de
1096 3432 1391 3492 Hokelem
1439 3433 1620 3508 1431,
1669 3434 1853 3510 1489,
1901 3434 2071 3493 1493.

674 3578 747 3587 -
792 3542 866 3601 de
905 3543 1072 3601 Moto
1119 3542 1291 3599 1432.

674 3685 749 3696 -
794 3652 993 3710 dietus
1037 3650 1203 3709 Smet
1244 3651 1387 3710 cler.
1436 3651 1607 3709 1440.

676 3794 749 3805 -
795 3761 959 3820 Boen
983 3761 1058 3819 de
1079 3760 1137 3820 N
1140 3760 1335 3820 ortieh
1357 3761 1571 3838 capell.
1596 3761 1670 3820 de
1690 3760 2118 3838 Heemsteden,

758 3872 919 3931 baec.
949 3870 1013 3929 in
1041 3869 1309 3947 legibus,
1343 3870 1536 3929 benef.
1569 3889 1608 3929 8
1631 3888 1788 3931 mon.
1819 3871 1893 3930 de
1921 3872 2119 3950 Ryns·

756 3981 913 4057 burg
958 3980 1132 4039 1459.

684 4124 755 4134 -
797 4091 973 4167 Meye
1013 4090 1243 4168 presb„
1284 4107 1444 4167 mag.
1488 4095 1633 4167 art„
1674 4090 1868 4150 benef.
1911 4110 1949 4151 8
1988 4111 2121 4171 cap.

762 4199 820 4259 S.
864 4200 1034 4259 Petri
1077 4197 1621 4277 Middelburgensie
1668 4201 1839 4261 1464.

684 4344 758 4354 -
802 4307 986 4370 Fabri
1026 4308 1474 4368 matricularius
1517 4308 1591 4368 de
1631 4309 1843 4386 Hulst,
1887 4329 2019 4371 8811.
2064 4310 2127 4370 S.

767 4418 929 4478 Salv.
973 4419 1136 4495 Traj.
1185 4419 1359 4477 1470.

685 4562 759 4573 -
822 4532 1003 4588 natue
1064 4527 1384 4588 Guillermi
1449 4528 1601 4588 dom.
1659 4527 1733 4588 de
1785 4529 2129 4589 Wezemale

762 4637 943 4698 Leod.
988 4638 1203 4713 dioec„
1247 4656 1377 4697 8811.
1423 4635 1587 4715 Traj.
1635 4639 1807 4698 1485.

684 4779 762 4791 -
803 4747 925 4808 Coo
965 4748 1229 4825 armiger
1275 4749 1447 4807 1502.

690 4890 763 4900 -
806 4855 1004 4916 dietus
1043 4856 1172 4917 Vos
1212 4856 1615 4935 Vandengoer
1655 4858 1868 4918 domie.
1917 4860 2089 4918 1503.

689 4999 764 5011 —
803 4967 876 5026 de
896 4966 1134 5027 Brullio
1161 4985 1292 5028 ean.
1317 4967 1718 5027 'tornacensis
1745 4968 1928 5043 1510,
1958 4970 2129 5029 1601.

691 5110 764 5120 -
809 5076 883 5135 de
924 5075 1166 5136 Erkelis
1213 5078 1395 5154 1522,
1440 5076 1561 5137 Int.
1605 5076 1740 5138 XL.

693 5220 767 5230 —
830 5185 905 5244 de
965 5185 1281 5246 Hoesdaen
1344 5186 1717 5264 (Heuedenl’)
1780 5187 1994 5265 capell.
2059 5187 2133 5248 de

771 5293 1261 5374 Ridekendorpe,
1325 5296 1540 5356 deinde
1600 5314 1732 5356 8811.
1789 5296 2134 5356 Amor-efur-

774 5404 961 5464 teneis
1006 5407 1175 5465 1532.

799 5749 855 5814 1)
892 5748 1076 5801 Idem?

2290 799 2332 859 J
2343 799 2657 873 8118111188
2698 799 2772 858 de
2814 800 3090 878 Ruynss’)
3124 818 3252 859 8811.
3284 799 3734 860 Amerefurten·

2371 906 2479 985 sie,
2502 909 2717 968 deinde
2738 909 2953 987 oapell.
2979 910 3054 969 de
3075 909 3539 988 Ridekendorpe
3565 910 3743 970 1532.

2293 1051 2366 1062 -
2407 1024 2587 1079 natue
2608 1018 2814 1078 Pontii
2839 1019 2911 1078 de
2925 1019 3298 1080 castrobono
3319 1039 3450 1080 8811.
3471 1019 3531 1079 S.
3550 1019 3714 1081 Salv.
3729 1068 3743 1096 ,

2374 1126 2587 1187 deinde
2647 1130 2862 1206 capell.
2924 1130 3067 1189 8881.
3129 1130 3188 1190 S.
3244 1130 3483 1190 Nicolai
3549 1131 3742 1207 Traj.,

2373 1256 2628 1314 persona
2668 1239 2743 1297 de
2784 1238 3068 1299 Naarden
3116 1241 3297 1317 1540,
3344 1242 3530 1317 1561,
3566 1240 3741 1301 1596.

2295 1379 2369 1390 -
2426 1347 2626 1407 dietus
2683 1348 3035 1428 Tengnagel
3094 1369 3251 1428 mag.
3309 1359 3455 1427 art„
3510 1370 3641 1411 8811.
3683 1353 3742 1412 b.

2378 1456 2607 1517 Mariae
2650 1457 2843 1535 Traj„
2887 1478 3048 1537 proe.
3095 1460 3159 1519 in
3193 1461 3364 1520 ouria
3397 1461 3577 1537 1542,
3621 1462 3742 1520 Int.

2378 1567 2638 1628 LXXV.

2298 1711 2372 1721 —
2416 1677 2492 1737 de
2531 1678 2730 1756 Herpt
2771 1698 3028 1757 persona
3068 1680 3132 1739 in
3160 1681 3479 1758 Almkerk,
3524 1681 3741 1742 deinde

2375 1805 2506 1846 8811.
2549 1789 2608 1846 b.
2650 1787 2875 1847 Mariae
2918 1788 3082 1866 Traj.
3130 1791 3311 1867 1546,
3361 1792 3532 1850 1547.

2303 1930 2370 1939 -
2416 1895 2491 1955 de
2532 1896 2714 1955 Beest
2747 1898 2934 1957 abbae
2961 1899 3208 1958 Insulae
3237 1900 3306 1958 B.
3337 1901 3416 1959 M.
3447 1901 3524 1959 V.
3563 1902 3743 1977 1548,

2381 2007 2563 2083 1576,
2611 2008 2784 2066 1825.

2299 2149 2374 2160 -
2417 2114 2676 2175 Borluut
2705 2123 2904 2176 rector
2933 2118 3079 2177 8881.
3110 2137 3237 2196 par.
3267 2119 3341 2178 de
3369 2120 3529 2178 Axel
3565 2120 3743 2179 1549.

2298 2259 2372 2270 —-
2416 2226 2492 2285 de
2531 2226 2770 2285 Fraetie
2816 2228 2990 2287 1555.

2299 2370 2371 2380 —
2416 2335 2613 2396 Breeh
2656 2336 2829 2395 miles
2876 2337 3051 2396 1575.

2300 2479 2374 2489 -
2417 2448 2597 2504 natus
2640 2445 2846 2505 Loden
2888 2445 2961 2505 de
3005 2445 3046 2504 J
3050 2446 3257 2505 erseke
3304 2447 3476 2507 1587.

2303 2589 2374 2599 -
2420 2556 2494 2614 de
2534 2554 2731 2615 Blesie
2774 2555 2927 2614 dom.
2972 2555 3045 2615 de
3088 2554 3522 2618 Sehoonhoven
3562 2562 3624 2617 et
3665 2558 3741 2618 de

2382 2662 2595 2723 Gouda
2642 2665 2824 2740 1592,
2872 2665 3055 2741 1593,
3102 2666 3282 2743 1821,
3330 2668 3515 2745 1830,
3563 2667 3745 2745 1982,

2378 2775 2500 2833 Int.
2543 2773 2791 2833 XLVII
2834 2793 2960 2851 seq.

2297 2919 2371 2929 —
2432 2884 2506 2943 de
2563 2883 2731 2962 Oeye
2788 2885 2976 2944 abbas
3028 2885 3085 2945 S.
3129 2885 3308 2945 Pauli
3349 2886 3512 2964 Traj.
3560 2888 3742 2964 1600,

2382 2994 2561 3060 1605,
2607 2993 2727 3053 Int.
2772 2994 3085 3071 XXXVI,
3129 2995 3263 3054 XL.

2299 3137 2373 3147 —
2432 3103 2507 3162 de
2563 3103 2995 3164 Lederdamme
3051 3105 3248 3181 presb.
3298 3104 3493 3164 benef.
3535 3124 3574 3164 8
3614 3124 3748 3183 eap.

2381 3213 2440 3272 S.
2488 3213 2650 3273 Salv.
2697 3213 2862 3290 Traj.
2908 3214 3082 3272 1606.

2300 3357 2374 3368 —
2418 3323 2766 3382 Hardevust
2808 3322 2881 3382 de
2922 3322 3117 3382 Boten
3157 3340 3286 3382 8811.
3333 3322 3497 3399 Traj.
3546 3323 3719 3384 1607.

2302 3468 2376 3478 -
2436 3433 2511 3492 de
2551 3432 2928 3510 Noviomago
2970 3451 3101 3493 8811.
3144 3434 3205 3493 1).
3246 3432 3473 3491 Mariae
3513 3431 3750 3492 Erubri-

2382 3542 2581 3602 eeneis
2628 3542 2800 3601 1608.

2304 3689 2378 3699 -
2436 3655 2510 3714 de
2565 3654 2789 3714 Eltevil
2834 3656 2998 3714 baeo.
3043 3654 3106 3712 in
3148 3654 3434 3730 decretis,
3477 3672 3643 3732 proe.
3686 3654 3749 3713 in

2381 3764 2582 3840 ouria,
2643 3783 2848 3842 praep.
2912 3765 2968 3823 b.
3031 3764 3259 3824 Mariae
3322 3763 3483 3840 Traj.
3553 3765 3751 3841 1616,

2386 3876 2569 3949 1763,
2613 3874 2732 3933 Int.
2777 3873 3070 3932 LXXVI.

2306 4017 2379 4028 -
2423 3983 2673 4042 Henriei
2696 3983 2771 4042 de
2793 3982 3081 4041 zelandia
3103 3983 3308 4060 legum
3329 3981 3560 4058 doctor,
3584 3999 3753 4059 proo-

2386 4098 2448 4152 et
2504 4110 2823 4152 causarum
2877 4090 3175 4150 fiscalium
3228 4095 3520 4169 patronus
3566 4090 3720 4149 1624
3738 4133 3754 4166 ,

2387 4202 2508 4262 lut.
2550 4199 2899 4277 XXXVII,
2942 4200 3219 4260 LXXVI
3262 4218 3387 4278 seq.

2311 4345 2382 4356 -
2427 4311 2664 4371 Mox-elli
2713 4311 2886 4370 1644.

2310 4454 2384 4464 -
2429 4421 2505 4480 de
2544 4419 2880 4498 Angieuria
2926 4420 3100 4478 1644.

2312 4564 2385 4574 -
2422 4529 2702 4591 Oueeken
2732 4529 2805 4589 de
2827 4528 2995 4589 Goeh
3024 4547 3156 4589 8811.
3178 4530 3237 4589 1).
3259 4529 3487 4588 Mariae
3506 4529 3759 4605 Aquen-

2391 4640 2505 4716 sis,
2544 4639 2738 4699 benef.
2781 4659 2818 4698 a
2858 4657 2989 4716 eap.
3035 4639 3200 4715 Traj.
3248 4639 3422 4699 1655.

2316 4783 2387 4794 -
2432 4749 2618 4809 abbae
2658 4747 3206 4825 Middelburgensis
3253 4748 3426 4807 1667.

2316 4892 2384 4903 -
2434 4877 2528 4936 ep.
2571 4857 3019 4918 Lemovieeneis
3064 4858 3239 4917 1670.

2318 5002 2391 5013 -
2435 4968 2602 5047 Wyk
2642 4968 2795 5027 81188
2836 4967 3037 5027 dietus
3072 4967 3148 5027 de
3173 4965 3396 5045 Lippia
3423 4983 3554 5026 8811.
3585 4963 3766 5024 Stan-

2396 5078 2684 5155 (181811818,
2728 5078 2845 5138 vie.
2887 5078 2952 5136 in
2995 5077 3141 5138 8881.
3186 5076 3351 5154 Traj.
3399 5076 3571 5134 1676.

2315 5220 2388 5231 -
2433 5187 2509 5246 de
2548 5187 2775 5249 0811181·
2804 5186 3022 5265 capell.
3052 5186 3198 5246 8881.
3227 5187 3287 5246 b.
3314 5184 3543 5244 Mariae
3572 5201 3769 5262 prope

2394 5296 2809 5374 Middelburg,
2880 5295 3096 5355 deinde
3162 5296 3275 5356 vie.
3338 5293 3398 5355 8.
3465 5293 3507 5353 J
3509 5292 3768 5353 ohannis

2399 5406 2563 5482 Traj.
2617 5407 2798 5483 1704,
2846 5406 3019 5467 1705.
