4450 6684
535 1290 724 1360 1789.

550 3186 741 3256 1740.

555 4222 740 4292 1741.

1833 481 2166 547 Unnmus
2210 481 2297 548 V.
3478 485 3603 549 127

757 706 1159 772 Litterarum
1206 705 1502 770 seientia.
1528 751 1544 769 .
1574 752 1590 769 .
1620 751 1636 768 .
1686 703 1840 768 Dat.
1888 702 2258 785 Avinione,
2306 702 2511 768 XVII
2556 702 2670 767 Kl.
2719 702 3094 786 Februarii,
3144 723 3320 768 anno
3371 703 3605 791 primo.

954 840 1080 904 Boa-
1116 839 1213 889 An.
1259 840 1313 888 Τ.
1347 837 1405 902 2,
1431 839 1490 903 s.
1526 835 1666 888 4490.

1755 1082 2336 1089 ...k—⁴—

1491 1291 1703 1374 1363,
1749 1289 2068 1355 Januarii
2112 1289 2231 1371 23,
2282 1288 2647 1353 Avenionis.

855 1445 1215 1530 (Johanni)
1261 1447 1547 1532 episcopo
1604 1442 1787 1527 Traj.
1835 1442 2217 1525 mandatur,
2266 1450 2341 1507 ut
2385 1465 2526 1508 cum
2573 1444 2832 1509 Alondo
2879 1452 3031 1510 nato
3079 1444 3269 1510 Petri
3313 1443 3609 1509 Danielis

762 1561 822 1619 et
886 1552 1115 1617 Maria
1159 1560 1320 1617 nata
1368 1551 1745 1616 Balduwini
1789 1548 2098 1632 Mannee,
2165 1549 2478 1615 nobilibus
2533 1550 2719 1633 Traj.
2767 1553 2957 1617 dioec.
3005 1552 3352 1617 domicellis
3372 1601 3389 1634 ,
3460 1552 3611 1639 „qui

767 1681 900 1726 non
930 1660 1343 1746 ignorantes,
1394 1655 1568 1744 quod
1602 1654 1933 1743 quondam
1965 1656 2010 1723 J
2014 1656 2256 1721 acobus
2289 1654 2502 1720 dietus
2532 1657 2898 1722 Boenaerts
2929 1658 3109 1721 Zoen
3129 1706 3145 1739 ,
3198 1656 3372 1722 dicte
3403 1656 3610 1722 Marie

763 1765 1035 1831 maritus
1058 1813 1075 1847 ,
1148 1763 1304 1829 dum
1378 1764 1666 1845 viveret,
1736 1761 2032 1850 predicto
2101 1760 2367 1827 Alondo
2438 1769 2671 1849 quarto
2736 1762 3325 1848 consanguinitatis
3394 1761 3603 1848 gradu

764 1870 1092 1936 attinebat
1114 1918 1131 1953 ,
1199 1918 1213 1933 .
1245 1917 1261 1934 .
1297 1919 1313 1935 .
1339 1917 1355 1934 .
1420 1868 1905 1934 matrimonium
1967 1867 2375 1933 clandestine
2440 1874 2915 1934 contraxerunt
2965 1868 3260 1955 illudque
3307 1889 3425 1955 per
3469 1890 3606 1934 oar-

764 1976 982 2042 nalem
1055 1976 1359 2064 copulam
1429 1980 1899 2041 consumarunt
1967 1979 2038 2039 et
2105 1974 2357 2062 prolem
2420 1973 2662 2040 exinde
2709 1974 3201 2062 procrearunt”,
3246 1996 3439 2061 super
3486 1975 3600 2041 hoc

767 2083 1205 2169 impedimento
1274 2082 1588 2167 dispenset
1599 2105 1625 2162 ,·
1683 2082 1946 2166 praevie
2013 2088 2222 2145 autem
2289 2081 2508 2146 iisdem
2578 2081 2665 2145 ad
2728 2088 2969 2166 tempus
3028 2084 3343 2166 separatis
3402 2089 3462 2146 et
3522 2083 3600 2147 ab

764 2191 1421 2255 excommunicationis
1486 2190 1795 2253 sententia
1865 2187 2169 2252 absolutis
2235 2190 2692 2272 poenitentiam
2760 2189 3059 2274 injungat
3123 2188 3473 2252 salutarem
3542 2197 3601 2254 et

768 2296 1073 2361 alterutri
1145 2298 1428 2382 ipsorum
1508 2296 1930 2380 superviventi
1996 2297 2312 2379 imponat,
2397 2295 2569 2381 quod
2642 2297 2954 2380 innuptus
3021 2294 3237 2359 debeat
3297 2303 3602 2382 perpetuo

766 2422 1107 2468 remanere.

780 2583 1097 2651 Exhibita
1143 2583 1353 2651 nobis.
1385 2631 1399 2647 .
1430 2631 1446 2648 .
1475 2631 1492 2649 .
1540 2584 1695 2649 Dat.
1743 2583 2108 2665 Avinione,
2156 2584 2223 2649 X
2269 2583 2383 2649 Kl.
2430 2583 2808 2666 Februarii,
2858 2603 3030 2649 anno
3078 2583 3310 2671 primo.

967 2719 1189 2784 Rogata
1237 2719 1491 2769 Vaticana
1533 2720 1589 2769 T.
1622 2713 1746 2781 261,
1774 2718 1834 2782 s.
1869 2716 1989 2781 22v,
2024 2735 2134 2783 cap.
2169 2718 2253 2769 41.

1509 3190 1722 3271 1363,
1771 3188 2117 3254 Februarii
2160 3191 2240 3270 2,
2289 3189 2654 3253 Avenionis.

871 3344 1163 3410 Gerardo
1224 3344 1618 3430 Borqrevinc
1677 3345 1900 3409 clerico
1961 3364 2089 3408 non
2150 3346 2486 3430 conjuyato
2545 3365 2655 3409 nec
2714 3346 2785 3409 in
2845 3344 3046 3408 sacris
3104 3343 3432 3409 ordinibus
3478 3363 3622 3409 con·

780 3454 1003 3518 stituto
1057 3450 1239 3534 Traj.
1286 3451 1473 3516 dioec.
1523 3450 1882 3516 conceditur
1930 3450 2378 3516 tabellionatus
2423 3450 2730 3534 officium.

776 3633 880 3700 Ne
927 3638 1406 3700 contractuum.
1435 3680 1451 3696 .
1480 3679 1500 3696 .
1528 3681 1544 3696 .
1592 3632 1747 3698 Dat.
1795 3631 2164 3717 Avinione,
2212 3634 2357 3700 IIII
2400 3634 2571 3699 Non.
2621 3632 2999 3715 Februarii,
3049 3652 3222 3697 anno
3269 3632 3500 3720 primo.

976 3769 1105 3832 Rea.
1140 3769 1237 3819 Ao.
1281 3771 1335 3819 T.
1369 3767 1427 3830 6,
1453 3770 1516 3831 s.
1548 3765 1664 3819 619.

1518 4224 1728 4306 1363,
1776 4220 2123 4287 Februarii
2167 4224 2243 4306 6,
2290 4222 2654 4286 Avenionis.

886 4380 1172 4503 Geraldo
1238 4380 1315 4445 de
1374 4327 1544 4445 Veno
1562 4430 1579 4463 ,
1644 4380 1760 4465 qui
1814 4380 1885 4442 in
1928 4378 2182 4442 eeclesia
2231 4376 2287 4440 b.
2333 4373 2591 4438 Mariae
2645 4371 2828 4455 Traj.
2876 4370 3255 4434 auctoritate
3299 4366 3634 4431 ordinaria

791 4706 852 4764 et
884 4699 1321 4786 praebendam
1362 4701 1650 4764 ecelesiae
1681 4697 1749 4763 S.
1782 4697 2109 4763 Johannis
2149 4696 2331 4779 Traj.
2367 4701 2427 4758 et
2443 4698 2862 4779 personatum
2894 4692 3030 4754 sine
3060 4708 3220 4753 cura
3237 4687 3639 4774 parochialis

786 4807 1076 4873 eceksiae
1118 4809 1190 4872 in
1241 4806 1657 4892 Groninyhen
1680 4807 1735 4891 1)
1793 4805 1977 4890 Traj.
2025 4804 2248 4886 dioec.,
2298 4822 2461 4888 quae
2509 4800 2807 4865 haetenus
2850 4798 3047 4862 simul
3081 4816 3224 4861 cum
3259 4796 3633 4861 canonicatu

788 4920 848 4978 et
904 4915 1274 4999 praebenda
1346 4916 1611 4997 maJ‘oris
1689 4913 1873 4996 Traj.
1942 4912 2233 4977 ecclesiae
2292 4915 2353 4974 et
2393 4908 2858 4994 praepositura
2901 4902 3328 4970 Arnliemensi
3371 4901 3636 4985 obtinet,

784 5022 1036 5086 omnino
1074 5020 1382 5086 dimittat.
1421 5056 1504 5068 —
1535 5019 1957 5106 Deputantur
1987 5023 2371 5098 executores,
2418 5016 2585 5079 inter
2616 5032 2773 5098 quos
2803 5010 3161 5095 Philippus
3192 5007 3268 5072 de
3302 5006 3640 5072 Gronevelt

784 5132 843 5191 et
887 5125 1211 5192 Laberius
1256 5126 1445 5192 Bolle
1490 5127 1777 5191 canonici
1828 5124 2010 5208 Traj.

786 5305 1118 5374 Nobilitas
1172 5309 1452 5396 generis.
1479 5357 1497 5374 .
1523 5354 1542 5372 .
1569 5355 1585 5372 .
1634 5307 1789 5373 Dat.
1836 5305 2174 5372 Avinione
2195 5351 2212 5386 ,
2260 5300 2433 5368 vm
2476 5300 2578 5365 Id.
2625 5296 3007 5381 Februarii,
3055 5315 3229 5361 anno
3276 5294 3508 5383 primo.

980 5444 1104 5509 περ.
1140 5444 1239 5494 Α..
1283 5446 1338 5494 T.
1371 5443 1432 5508 a,
1456 5446 1520 5510 s.
1550 5441 1694 5494 3950.

720 5585 774 5652 1)
807 5585 981 5639 Codex
1013 5587 1200 5639 habet:
1240 5585 1645 5654 Grotwinghen.
