4450 6684
1767 523 2230 590 Ixmocnnrws
2275 524 2393 589 VI.
3485 530 3613 594 103

540 741 998 812 lma-1684.
1474 745 1683 827 1359,
1729 743 2114 809 Novmnbris·
2148 746 2269 829 ιο,
2326 746 2683 811 Avmionic.

858 897 942 962 A.
1010 895 1403 961 Isantrudae
1464 896 1541 960 de
1583 895 1978 961 Berentrade
2032 897 2290 960 mulieri
2344 894 2526 979 Traj.
2574 896 2763 961 dioec.
2811 897 3169 962 conceditur
3201 898 3618 989 privileyium

752 1002 1094 1089 plenariae
1128 1009 1535 1088 peccatorum
1579 1003 1964 1067 remissionis
2009 1004 2081 1067 in
2126 1002 2402 1066 articulo
2449 1003 2691 1067 mortis.

853 1108 935 1174 B.
1004 1107 1303 1173 Johanni
1360 1107 1598 1173 Witten
1644 1109 1940 1173 canonico
1994 1106 2386 1192 Trajectensi
2430 1107 2593 1172 idem
2627 1109 3058 1193 privileqz'um.

763 1288 1084 1355 Provenit
1128 1309 1237 1354 ex.
1264 1335 1280 1353 .
1310 1334 1327 1352 .
1356 1335 1373 1352 .
1421 1288 1579 1354 Dat.
1626 1286 1995 1371 Avinione,
2043 1286 2187 1353 ΙΠΙ
2232 1286 2334 1352 Id.
2381 1288 2813 1371 Novembris,
2860 1309 3036 1353 anno
3083 1288 3387 1375 septimo.

964 1407 1090 1471 Ray.
1123 1407 1224 1457 Ac.
1267 1408 1322 1456 T.
1355 1404 1447 1469 20,
1473 1406 1535 1470 s.
1569 1404 1710 1456 385⁰.

1791 1649 2375 1663 Wu—

535 1855 737 1926 1635.
1463 1856 1676 1938 1359,
1725 1853 2096 1920 Novembris
2139 1855 2265 1939 13,
2307 1854 2673 1920 Avenionis.

855 2011 997 2077 Pro
1056 2010 1276 2076 abbate
1303 2038 1310 2045 ·
1336 2016 1395 2075 et
1456 2016 1759 2075 conventu
1816 2009 2187 2073 monasterii
2246 2005 2514 2072 Insulae
2574 2007 2629 2071 b.
2681 2006 2937 2071 Mariae
2981 2007 3119 2071 ord.
3168 2007 3609 2073 Praemonstr.

780 2115 964 2201 Traj.
1010 2116 1200 2181 dioec.
1249 2115 1665 2200 infrascripti
1708 2113 1797 2178 ad
1843 2113 2186 2179 triennium
2231 2111 2624 2197 deputantur
2668 2120 3148 2177 conservatores.

762 2298 1038 2365 Dilectis
1101 2298 1253 2363 filiis
1318 2344 1336 2363 .
1363 2342 1383 2363 .
1446 2296 1671 2362 abbati
1730 2295 2112 2361 monasterii
2173 2293 2643 2360 Belliredditus
2704 2292 3092 2359 Leodiensis
3151 2298 3220 2359 et
3276 2340 3293 2358 .
3322 2341 3338 2358 .
3388 2294 3598 2358 sancti

545 2403 814 2491 Georgii
883 2403 1296 2471 Coloniensis
1366 2425 1441 2469 ac
1511 2448 1531 2469 .
1556 2449 1575 2469 .
1646 2403 1856 2468 sancti
1926 2401 2285 2468 salvatoris
2354 2399 2794 2486 Trajectensis
2864 2400 3283 2465 ecclesiarum
3340 2399 3605 2466 decanis

541 2514 818 2580 salutem
864 2521 975 2579 etc.

764 2620 1084 2687 Militanti
1131 2619 1428 2686 ecclesie.
1459 2666 1477 2685 .
1503 2666 1522 2685 .
1550 2665 1568 2684 .
1617 2618 1770 2684 Dat.
1817 2618 2186 2700 Avinione‚
2235 2616 2335 2681 Id.
2384 2616 2810 2701 Novembris,
2858 2636 3032 2681 anno
3079 2616 3379 2703 septime.

960 2755 1085 2818 Ray.
1121 2755 1221 2806 Ac.
1265 2756 1321 2804 T.
1354 2752 1448 2819 20,
1472 2754 1535 2818 s.
1567 2750 1684 2804 611.

545 3224 741 3295 1636.
1482 3224 1692 3308 1359,
1742 3223 2114 3289 Novembris
2158 3223 2280 3308 18,
2326 3224 2692 3289 Avenionis.

857 3380 1153 3447 Johanni
1211 3377 1290 3443 M
1290 3380 1489 3444 oliart
1552 3378 1883 3459 confertur
1931 3384 2253 3463 perpetua
2314 3379 2558 3442 vicaria
2575 3426 2593 3461 ‚
2644 3377 3013 3463 praebenda
3074 3379 3437 3443 animarum
3480 3379 3620 3445 vul-

765 3490 1017 3573 qariter
1061 3493 1470 3572 nuncupata,
1518 3488 1590 3550 in
1636 3486 1890 3549 ecclesia
1935 3484 1989 3548 b.
2039 3483 2300 3549 Mariae
2353 3484 2536 3568 Traj.
2556 3533 2574 3568 ‚
2624 3506 2819 3570 quam
2855 3506 2997 3549 cum
3032 3484 3424 3551 Ghiselberto
3454 3486 3621 3552 dicto

777 3594 1210 3681 Goetqhebuer
1242 3615 1373 3680 pro
1419 3592 1886 3657 matriculariis
1932 3591 2334 3655 ecclesiarum
2379 3591 2456 3655 de
2499 3589 2770 3655 Landen
2811 3612 2887 3655 en
2917 3591 2993 3655 de
3038 3590 3399 3657 Waesmont
3426 3591 3621 3658 Leod.

775 3701 966 3766 dioec.
1002 3702 1268 3787 putavit
1300 3698 1819 3786 permutandam.
1873 3735 1957 3745 —
2006 3697 2424 3782 Deputantur
2467 3705 2839 3762 executores.

779 3882 1165 3970 Apostolice
1213 3882 1408 3948 sedis.
1438 3930 1454 3947 .
1483 3928 1502 3947 .
1531 3929 1548 3946 .
1597 3881 1752 3947 Dat.
1803 3881 2164 3966 Avinione,
2214 3883 2425 3948 XIIII
2471 3882 2580 3947 Kl.
2628 3883 3041 3964 Decembris,
3090 3903 3263 3948 anno
3309 3883 3610 3970 septimo.

973 4016 1099 4080 περ.
1132 4016 1233 4067 Αο.
1276 4017 1331 4066 T.
1366 4013 1455 4080 ω,
1483 4015 1542 4080 f.
1577 4014 1715 4066 43912.

557 4482 745 4553 1687.
1483 4489 1694 4571 1359,
1743 4488 2114 4554 Novembris
2159 4438 2281 4575 18⁹,
2330 4488 2705 4553 Avenionis.

874 4634 1151 4701 Folkero
1215 4639 1499 4723 episcopo
1564 4638 1990 4705 Gibelethensi
2048 4641 2471 4723 confirmatur
2531 4662 2752 4706 annua
2806 4643 3023 4726 pensio
3069 4643 3202 4706 300
3247 4641 3635 4723 florenorum

783 4744 970 4825 auri,
1035 4764 1227 4830 quam
1287 4745 1417 4829 ipsi
1480 4743 1811 4810 Johannes
1875 4746 1983 4829 (de
2026 4746 2270 4830 Arkel)
2316 4748 2640 4832 episcopus
2696 4747 2878 4833 Traj.
2916 4767 3045 4832 pro
3089 4750 3381 4813 exercitio
3416 4750 3634 4833 ponti·

780 4847 1067 4930 ficalium
1111 4849 1213 4915 die
1257 4850 1348 4913 20
1393 4849 1568 4934 Maji
1600 4852 1897 4936 proxime
1942 4853 2156 4937 elapso
2203 4853 2577 4938 assiynavit.

782 5033 1171 5100 Venerabili
1235 5034 1425 5100 fratri
1492 5034 1780 5102 Folkero
1851 5037 2161 5127 episcopo
2223 5040 2686 5107 Gibelethensi
2747 5043 3028 5107 salutem
3092 5044 3164 5106 et
3208 5038 3635 5128 apostolicam

562 5139 1115 5207 benedictionem.

782 5247 965 5331 niis,
1013 5268 1132 5335 per
1177 5269 1306 5336 qne
1355 5249 1781 5315 ecclesiarum
1828 5251 2230 5318 utilitatibus
2278 5254 2645 5319 consulitur
2684 5258 2754 5319 et
2784 5273 3214 5347 personarum
3245 5252 3639 5318 ecclesiasti-

563 5371 785 5418 carum
849 5358 919 5419 et
976 5355 1325 5442 presertim
1388 5355 1755 5443 pontificali
1818 5355 2146 5445 dignitate
2209 5358 2616 5446 proditarum
2664 5358 3170 5425 necessitatibus
3217 5357 3636 5445 providetur,

562 5457 849 5527 libenter
913 5460 1236 5527 adicimus
1306 5462 1652 5549 apostolici
1721 5464 2106 5530 muniminis
2177 5466 2581 5532 firmitatem.
2685 5465 2860 5532 Sane
2930 5465 3172 5553 peticio
3241 5464 3636 5530 venerabilis

566 5563 784 5632 trahis
810 5603 815 5608 ·
845 5567 1054 5635 nostri
1114 5567 1441 5634 «Iohannis
1502 5569 1796 5657 episcopi
1851 5570 2300 5657 Trajectensis
2351 5578 2420 5638 et
2467 5578 2584 5637 tus
2629 5572 2821 5637 nobis
2868 5569 3168 5636 exhibita
3211 5568 3629 5652 continebat,

567 5671 743 5759 qnod
799 5673 961 5739 olim
1019 5673 1200 5740 idem
1253 5674 1607 5763 episcopus
1666 5676 2023 5744 attendens
2040 5726 2060 5762 ,
2122 5678 2299 5766 quod
2352 5679 2496 5766 ipse
2542 5683 2814 5765 propter
2854 5673 3277 5742 latitudinem
3323 5680 3393 5741 et
3438 5673 3626 5742 diffu-
