4450 6684
801 430 934 493 356
2019 424 2244 490 Innnx
2297 426 2657 490 Locoumt.

800 649 1041 708 Hasks
1070 646 2093 723 (Η6εὶ61ο666ν6615ῂηο666ι611616
2114 647 2243 708 ord.

882 758 942 817 S.
983 758 1319 837 Augustini
1364 757 1536 816 1800.

798 868 1021 927 Haslo
1063 887 1120 927 v.
1162 865 1393 926 Gestae
1433 865 1533 942 de,
1576 865 1879 926 Henrieus
1919 865 2012 926 de.

799 976 1103 1035 Has-eli:
1144 976 1251 1052 20,
1302 977 1442 1050 1623
1485 975 1742 1035 eeclesia
1778 973 1839 1035 S.
1871 974 2244 1036 Sacramenti

879 1087 1067 1161 21223
1110 1105 1168 1144 v.
1213 1084 1622 1145 Theodericus
1663 1085 1756 1144 de.

799 1194 1177 1255 Hassuede
1218 1214 1276 1254 v.
1318 1193 1737 1271 Hardenberg.

797 1304 1273 1363 Haverkerke
1315 1323 1369 1362 v.
1414 1303 1671 1380 Egidius
1712 1303 1803 1363 de.

798 1414 955 1492 Hay
999 1432 1055 1472 v.
1101 1413 1409 1473 Johannes
1452 1413 1543 1470 de.

798 1523 1097 1600 Haysne
1136 1543 1194 1581 v.
1240 1522 1510 1581 Salsetus
1552 1522 1645 1581 de.

798 1631 1211 1691 Heemuude
1254 1651 1309 1690 v.
1352 1630 1685 1708 Egmonds.

800 1740 1297 1801 Heemskerke
1337 1760 1395 1798 v.
1438 1739 1739 1799 Hem-icus
1780 1739 1872 1797 de.

801 1849 1285 1908 Heemsteden
1328 1848 1691 1925 parochialis
1726 1847 1981 1906 ecelesia
2012 1848 2244 1905 1071-

886 1959 1067 2033 1073,
1114 1960 1297 2033 1768;
1340 1957 1576 2035 capella
1623 1958 1805 2032 14593
1851 1976 1906 2015 v.
1937 1955 2247 2015 Get-ardus

882 2069 972 2127 de.

799 2176 1780 2253 Beer-Hendrikskindereu,
1804 2177 1853 2235 ’s
1886 2174 2249 2253 paroehialis

883 2286 1139 2344 eeclesia
1179 2287 1354 2344 2161.

801 2396 1032 2454 Heest
1072 2414 1129 2454 v.
1174 2393 1548 2453 wernherus
1592 2394 1683 2455 de.

800 2504 1233 2564 Heethusen
1274 2524 1333 2563 v.
1375 2504 1783 2580 Heythuizen.

800 2614 1159 2691 Heeswyk
1236 2613 1560 2689 (Heeswie)
1637 2634 1693 2674 v.
1765 2613 2072 2691 Ryeoldus
2140 2612 2246 2690 de,

884 2722 1294 2782 Theodericus
1336 2722 1430 2781 de.

801 2832 1020 2892 Heilo
1051 2835 1155 2907 373
1186 2832 1442 2891 ecelesia
1470 2831 1836 2909 parochialis
1862 2831 2045 2908 1946,
2068 2830 2246 2889 2010.

799 2942 1229 3002 Heimsrode
1271 2960 1326 3000 v.
1372 2941 1638 3001 Jacobus
1679 2940 1773 3001 de.

800 3050 1215 3128 Heinsberg
1272 3070 1330 3109 v.
1387 3049 1749 3109 Godefridus
1791 3049 1892 3126 de,
1945 3049 2248 3110 Sanderus

882 3160 972 3218 de.

802 3268 1177 3327 Hellemes
1218 3288 1276 3327 v.
1319 3267 1576 3346 Egidius
1618 3267 1709 3326 de.

801 3377 1086 3436 Hellow
1129 3376 1399 3453 (Hellue)
1451 3397 1501 3435 v.
1544 3376 1742 3437 Heilo.

802 3485 1142 3545 Helmont
1220 3506 1278 3544 v.
1358 3485 1668 3546 Johannes
1744 3492 1926 3546 natus
1995 3486 2248 3547 Henrioi

884 3594 1136 3672 Squelin
1177 3595 1269 3654 de.

802 3703 1171 3764 Hembaeh
1215 3723 1273 3764 v.
1316 3703 1609 3764 Gerlaous
1648 3705 1740 3764 de.

801 3812 1173 3873 Hemelum
1213 3814 1643 3873 monasterium
1688 3814 1746 3875 S.
1790 3815 2029 3875 Nicolai
2066 3817 2245 3893 2277,

883 3923 1002 3981 Int.
1047 3922 1279 3981 LXXI.

802 4031 1099 4090 Hemert
1139 4050 1197 4091 v.
1241 4030 1601 4091 Godefridus
1644 4032 1737 4092 de.

802 4139 1203 4216 Heuenghe
1249 4142 1423 4200 1771.

802 4247 1137 4325 Hengelo
1179 4248 1433 4307 eeclesia
1474 4250 1609 4308 258.

803 4357 1369 4434 Herbipolensis
1426 4358 1679 4418 ecelesia
1736 4361 1839 4436 41,
1896 4361 2079 4438 1290;
2121 4363 2248 4439 epi-

886 4484 1102 4544 seopus
1144 4467 1252 4542 95,
1295 4468 1397 4541 96,
1442 4467 1565 4527 lut.
1607 4467 1818 4529 XVII.

804 4575 1228 4635 Herderwie
1271 4595 1325 4634 v.
1370 4575 1765 4654 Harderwijk.

803 4684 1163 4743 Herelere
1205 4684 1510 4760 (Hereler)
1554 4705 1611 4744 v.
1659 4684 2047 4765 Guinpardus
2087 4689 2179 4749 de.

802 4792 1331 4852 Hei-fordensis
1387 4793 1704 4871 episeopus
1747 4796 1890 4871 719,
1939 4799 2081 4873 727,
2124 4799 2247 4858 Int.

886 4901 1128 4976 XXIV3
1149 4920 1345 4962 eomes
1368 4903 1509 4967 456,
1535 4903 1653 4961 Int.
1672 4903 1895 4980 XXII,
1921 4905 2248 4967 LXXVII.

805 5010 1114 5069 Hei-laer
1155 5030 1211 5069 v.
1255 5011 1552 5088 Helwigis
1595 5012 1686 5070 de.

806 5119 1248 5178 Hermeleeu
1289 5139 1347 5178 v.
1390 5120 1734 5179 Harmelen.

806 5228 1048 5305 Herpt
1091 5248 1147 5288 v.
1194 5228 1501 5288 Johannes
1543 5229 1634 5289 de.

807 5337 1255 5396 Herwelsem
1295 5338 1391 5396 56.

804 5445 1109 5504 Herweu
1149 5447 1406 5505 eeclesia
1448 5450 1593 5524 4973
1636 5469 1692 5508 v.
1735 5449 2118 5511 Theobaldus
2146 5451 2249 5529 de,

891 5553 1297 5614 Theodericus
1341 5554 1441 5633 de,
1484 5556 1865 5619 Hermannus
1906 5560 2000 5619 de.

2422 644 2812 705 Herwinen
2847 645 3238 722 (Herwijnen)
3267 663 3325 703 v.
3355 642 3734 703 Giselbertus
3761 644 3862 719 de,

2502 754 2816 815 Hubertus
2856 754 2948 813 de.

2423 863 2614 924 Hese
2656 884 2714 924 v.
2754 864 2938 924 Heze.

2424 974 2815 1052 Hessewye
2858 992 2916 1032 v.
2958 973 3280 1050 Heeswyk.

2424 1083 2826 1144 Heukelom
2881 1083 3159 1142 dominus
3214 1082 3288 1142 de
3346 1083 3532 1156 14313
3572 1080 3864 1159 hospitale

2506 1211 2839 1271 pauperum
2868 1191 2928 1251 S.
2960 1190 3224 1269 Spiritus
3251 1191 3439 1267 2257,
3470 1190 3593 1249 Iut.
3621 1190 3860 1265 XLIII3

2507 1322 2563 1362 v.
2607 1302 2916 1362 Johannes
2958 1300 3049 1360 de.

2425 1412 2772 1471 Heusdeu
2825 1430 2882 1469 v.
2924 1410 3231 1470 Arnoldus
3273 1409 3377 1485 de,
3421 1408 3723 1469 Germ-dus
3761 1409 3857 1484 de,

2509 1522 2891 1581 Giselbertus
2947 1520 3049 1595 de,
3105 1519 3416 1579 Johannes
3462 1518 3722 1578 Thome
3758 1518 3857 1594 de,

2508 1631 2551 1690 J
2554 1631 2820 1691 ohannes
2863 1629 2966 1705 de,
3007 1628 3298 1688 Nicolaus
3339 1628 3433 1687 de.

2426 1740 2739 1799 Hewven
2782 1758 2839 1797 v.
2883 1737 3227 1798 Buresrdus
3270 1738 3362 1796 de.

2426 1849 2680 1927 Heyua
2720 1849 2786 1907 16
2828 1847 3135 1907 Sallandia
3180 1848 3314 1905 162.

2426 1959 2862 2037 Heynsberg
2903 1976 2959 2016 v.
3004 1956 3366 2033 Heinsberg.

2428 2068 2894 2145 Heythuizen
2938 2085 2994 2125 v.
3036 2066 3393 2143 Rutgherus
3436 2064 3530 2123 de.

2429 2177 2622 2237 Heze
2665 2196 2721 2236 v.
2764 2176 3154 2235 Everhardus
3196 2176 3290 2235 de.

2431 2289 2784 2367 Hezewye
2827 2308 2884 2348 v.
2925 2288 3248 2364 Heeswijk.

2431 2400 2618 2459 Hien
2658 2398 3022 2476 paroehialis
3065 2397 3319 2456 66616616
3365 2397 3548 2472 1662,
3596 2396 3761 2455 1808.

2434 2509 2612 2568 Hier
2641 2507 2878 2582 (Hiere,
2908 2505 3199 2580 Hierdeu)
3229 2503 3593 2583 parochialis
3619 2505 3861 2565 eeclesia

2513 2618 2695 2693 1277,
2746 2616 2928 2690 1580,
2970 2615 3148 2674 2049.

2425 2726 2755 2785 Hieslum
2799 2724 3056 2784 eeclesia
3099 2724 3277 2783 2276.

2425 2835 2618 2894 Hike
2658 2834 2915 2894 66616816
2955 2831 3317 2911 paroehialis
3361 2833 3497 2892 452.

2425 2943 3103 3004 Hildesheimensis
3146 2942 3465 3020 episeopus
3508 2943 3645 3002 571.

2424 3053 2848 3113 Hildeshem
2890 3071 2950 3111 v.
2992 3050 3430 3111 Ghevehardus
3472 3051 3565 3109 de.

2427 3161 3076 3240 Hilghersberghe
3171 3160 3429 3220 ecelesia
3510 3159 3855 3238 paroehialis

2510 3273 2685 3331 1446.

2426 3381 2802 3458 Hillegom
2844 3380 3243 3457 (Hilleghem)
3287 3398 3343 3439 v.
3388 3378 3696 3439 Johsnnes
3735 3378 3819 3437 de.

2426 3490 2892 3567 Hindelopen
2933 3489 3190 3549 ecelesia
3232 3490 3410 3548 2276.

2427 3599 3011 3660 Hoohstadensis
3054 3617 3251 3658 comes
3294 3600 3390 3657 47.

2426 3708 2728 3768 Hoowar
2772 3710 2869 3767 26.

2425 3818 3106 3877 Hoedekenskerke
3179 3817 3436 3878 ecelesia
3505 3815 3856 3895 paroehialis

2512 3930 2693 4003 1161,
2741 3929 2912 3986 1362.

2425 4036 2861 4096 Hoedewalt
2903 4035 3158 4095 eeclesia
3199 4036 3377 4095 2276.

2425 4145 2715 4205 Hoerne
2758 4144 3088 4219 (Hoernen)
3120 4164 3176 4204 v.
3206 4143 3514 4204 Arnoldus
3544 4144 3646 4221 de,
3675 4144 3860 4203 Eliss-

2508 4256 2652 4315 beth
2708 4255 2811 4330 de,
2856 4253 2897 4312 J
2901 4254 3165 4314 ohannes
3207 4254 3309 4329 de,
3357 4252 3490 4313 oda
3527 4259 3674 4312 nata
3716 4252 3861 4310 Wil-

2507 4364 2681 4422 lermi
2723 4363 2797 4421 de
2809 4382 2823 4438 ;
2867 4383 2926 4422 v.
2966 4362 3238 4439 Hoorne,
3279 4362 3503 4423 Horne.

2424 4473 2810 4534 Hoesdaen
2850 4472 3179 4547 (Hoesdeu)
3221 4491 3281 4529 v.
3321 4471 3628 4531 Heusden.

2426 4582 2683 4659 Hogha
2727 4601 2783 4640 v.
2829 4580 3033 4640 Simon
3074 4579 3166 4639 de.

2427 4690 2777 4751 Hokelem
2817 4709 2877 4749 v.
2917 4689 3276 4748 Heukelom.

2428 4799 2826 4860 Hollsndia
2868 4801 2973 4875 87,
3020 4800 3163 4875 152,
3195 4802 3341 4875 207,
3371 4801 3517 4875 235,
3548 4799 3693 4876 255,
3722 4800 3862 4875 256,

2511 4910 2659 4985 276,
2692 4911 2870 4985 1270,
2906 4910 3091 4984 1495,
3134 4927 3330 4969 comes
3365 4911 3457 4984 17,
3490 4911 3596 4984 30,
3627 4910 3733 4984 43,
3761 4909 3864 4983 44,

2514 5020 2776 5093 73-81,
2808 5020 2913 5094 83,
2943 5020 3207 5094 87-90,
3238 5019 3344 5095 94,
3378 5020 3517 5095 104,
3554 5020 3696 5095 143,
3728 5018 3862 5093 188,

2518 5127 2861 5202 195-198,
2918 5127 3061 5203 201,
3122 5128 3268 5203 203,
3326 5128 3469 5204 205,
3527 5128 3676 5204 206,
3728 5127 3867 5202 210,

2513 5237 2659 5310 211,
2715 5236 3062 5312 214-218,
3119 5238 3263 5311 220,
3320 5238 3467 5313 221,
3525 5237 3671 5314 223,
3726 5237 3866 5312 229,

2512 5344 2860 5421 232-236,
2917 5347 3066 5421 240,
3123 5346 3269 5421 242,
3323 5346 3468 5419 246,
3520 5345 3669 5422 248,
3727 5344 3866 5419 249,

2511 5455 2859 5532 252-256,
2917 5457 3062 5532 259,
3118 5458 3262 5532 264,
3320 5457 3465 5532 269,
3522 5456 3671 5530 276,
3726 5455 3867 5529 342,

2513 5564 2657 5639 345,
2713 5565 2863 5641 349,
2919 5566 3066 5642 352,
3124 5566 3270 5642 385,
3327 5566 3475 5641 412,
3526 5565 3868 5638 445-450,
