4450 6684
820 495 912 560 08
2051 494 2515 564 [noenu-ms
2562 495 2680 563 VI.

817 714 1014 783 1621.
1858 719 2075 801 1359,
2123 718 2320 784 Junii
2363 721 2444 804 9,
2490 721 2859 786 Avenionis.

1136 869 1378 937 Merico
1448 871 1526 936 de
1589 871 2065 957 Osinqhehusen
2091 872 2144 956 ι)
2192 872 2565 960 presbytero
2620 874 2804 959 Traj.
2853 874 3042 940 dioec.
3089 876 3451 941 conceditur
3486 877 3902 963 privilegium

1034 979 1377 1064 plenariae
1408 987 1816 1064 peccatorum
1862 981 2252 1045 remissionis
2295 981 2366 1045 in
2410 982 2686 1046 articulo
2732 984 2976 1047 mortis.

1045 1159 1364 1226 Provenit
1409 1181 1517 1227 ex.
1545 1207 1562 1225 .
1589 1206 1609 1225 .
1638 1208 1655 1225 .
1700 1160 1857 1227 Dat.
1904 1160 2276 1246 Arinione,
2322 1162 2388 1229 V
2433 1161 2534 1228 Id.
2582 1163 2628 1230 J
2630 1161 2803 1247 unii,
2850 1183 3028 1229 anno
3074 1161 3380 1250 septimo.

1235 1297 1364 1361 Rea·
1397 1297 1496 1347 Ao.
1536 1298 1590 1348 Τ.
1621 1296 1712 1361 21,
1734 1299 1797 1361 s.
1829 1295 1946 1349 530.

979 1445 1038 1512 1)
1074 1445 1470 1513 Osingahuizen
1506 1461 1674 1514 pagus
1709 1447 1765 1498 in
1801 1448 1972 1499 Frisia
2006 1462 2168 1512 prope
2201 1446 2449 1500 Snecam.

822 1931 1019 2000 1622.
1698 1936 1911 2018 1359,
1960 1934 2155 1999 Junii
2197 1936 2318 2017 13,
2365 1955 2472 2019 ap.
2535 1934 3023 2000 Villamnovam.

1146 2090 1425 2156 Folkero
1471 2092 1755 2176 episcopo
1805 2090 2215 2157 Gibelethano
2247 2093 2679 2175 committitur,
2729 2092 3127 2183 quodpossit
3156 2092 3417 2158 vendere
3446 2099 3508 2156 et
3537 2090 3893 2156 distrahere

1052 2199 1265 2263 omnia
1311 2196 1474 2263 bona
1517 2197 1606 2262 ad
1656 2197 1985 2264 Gameram
2030 2200 2442 2282 apostolicam
2474 2201 2872 2284 pertinentia
2917 2201 2988 2265 in
3031 2201 3286 2265 civitate
3322 2206 3383 2265 et
3412 2199 3673 2265 dioecesi
3710 2197 3891 2282 Trai.

1049 2379 1303 2448 Eidem.

1049 2488 1483 2555 Fraternitati
1531 2493 1679 2574 tue,
1728 2489 1811 2557 de
1857 2511 1991 2579 qua
2035 2488 2235 2555 fidem
2282 2489 2354 2555 in
2397 2489 2686 2557 Domino
2726 2490 3014 2578 gerimus
3046 2490 3442 2578 pleniorem,
3490 2512 3612 2579 per
3638 2496 3899 2580 aposto-

825 2596 958 2663 lica
1018 2596 1263 2684 scripta
1323 2596 1795 2662 committimus
1855 2602 1925 2663 et
1969 2596 2359 2663 mandamus
2406 2602 2695 2682 attente,
2743 2598 3053 2685 quatinus
3099 2619 3221 2686 per
3265 2602 3334 2663 te
3379 2598 3487 2664 vel
3534 2599 3736 2664 alium
3782 2618 3900 2664 seu

826 2704 990 2769 alios
1054 2701 1275 2769 omnia
1334 2707 1404 2769 et
1465 2701 1728 2789 singula
1788 2724 1894 2769 res
1959 2709 2028 2769 et
2089 2704 2267 2769 bona
2324 2704 2595 2770 mobilia
2641 2710 2710 2771 et
2753 2704 3116 2771 immobilia
3163 2710 3231 2770 et
3276 2726 3397 2792 per
3440 2726 3512 2772 se
3558 2704 3901 2772 movencia

826 2809 998 2876 infra
1059 2809 1395 2875 civitatem
1458 2814 1527 2875 et
1588 2809 1900 2876 diocesim
1960 2811 2421 2896 Trajectenses
2474 2811 2558 2877 ad
2605 2832 2931 2878 cameram
2977 2812 3399 2899 apostolicam
3450 2812 3861 2901 pertinencia
3875 2861 3894 2896 ,

831 2920 1145 3004 pretextu
1190 2915 1476 3003 passagii
1521 2917 1931 2982 ultramarini
1978 2938 2098 2983 seu
2143 2918 2307 2983 alias
2350 2917 2573 3005 legata
2617 2924 2735 2984 aut
2781 2917 3055 3002 donata,
3102 2939 3222 3006 per
3268 2925 3337 2986 te
3379 2924 3648 3004 exacta,
3691 2918 3900 3006 petita

829 3027 901 3090 et
943 3020 1175 3087 habita
1220 3042 1338 3088 seu
1382 3022 1454 3087 in
1500 3028 1700 3089 antea
1744 3023 2110 3111 exigenda,
2156 3024 2448 3111 petenda
2494 3031 2562 3091 et
2606 3024 2948 3109 habenda,
2997 3033 3223 3092 nostro
3263 3026 3530 3093 nomine
3561 3028 3710 3116 plus
3745 3025 3898 3092 offe-

825 3128 1129 3195 rentibus
1196 3149 1347 3194 cum
1415 3128 1893 3197 licitationibus
1962 3131 2204 3198 debitis
2272 3130 2640 3217 vendendi,
2712 3133 3133 3220 explectandi
3203 3139 3273 3200 et
3338 3136 3410 3199 in
3469 3135 3895 3223 pecuniarum

837 3256 1124 3302 summas
1169 3257 1275 3302 res
1307 3243 1377 3303 et
1406 3238 1584 3305 bona
1612 3237 1992 3325 hujusmodi
2024 3239 2482 3324 convertendi,
2530 3240 2613 3306 de
2646 3240 2942 3307 emcione
2971 3241 3487 3329 indempnitates
3517 3242 3901 3308 accomodas

828 3341 1262 3430 promittendi
1307 3348 1378 3410 et
1422 3344 1617 3429 alias,
1664 3352 1861 3433 prout
1909 3345 2224 3433 expedire
2271 3347 2632 3412 secundum
2677 3348 2895 3415 Deum
2927 3349 3219 3433 noveris,
3255 3349 3677 3439 disponendi,
3711 3370 3907 3437 super

828 3448 1072 3537 quibus
1134 3454 1317 3515 tuam
1381 3450 1859 3517 conscienciam
1907 3473 2291 3537 oneramus,
2357 3459 2427 3518 et
2473 3453 2557 3519 de
2605 3455 2697 3519 sic
2744 3456 3027 3543 receptis
3074 3457 3530 3523 tantummodo
3574 3455 3899 3523 liberandi

828 3555 1091 3643 plenius
1161 3562 1231 3621 et
1291 3555 1595 3643 quitandi
1652 3578 1731 3623 ac
1780 3558 1910 3623 alia
1953 3560 2417 3647 premissorum
2466 3560 2739 3627 cuilibet
2785 3564 3156 3630 necessaria
3199 3561 3594 3647 exercendi,
3641 3565 3906 3653 plenam

827 3667 901 3727 et
968 3661 1245 3728 liberam
1307 3668 1538 3729 tenore
1600 3665 2014 3752 presencium
2076 3665 2497 3732 concedimus
2556 3668 2960 3736 facultatem.
3054 3670 3378 3737 Volumus
3426 3677 3681 3754 autem,
3730 3668 3904 3756 quod

832 3767 1214 3852 huJ‘usmodi
1272 3768 1701 3856 pecuniarum
1764 3771 2173 3858 quantitates
2191 3821 2210 3856 ,
2275 3793 2437 3859 quas
2502 3774 2743 3841 abinde
2791 3776 3116 3864 receperis
3162 3777 3272 3842 vel
3313 3776 3590 3843 habebis
3611 3825 3630 3861 ,
3683 3796 3907 3863 quam-

830 3874 1114 3963 primum
1160 3874 1244 3941 ad
1292 3875 1361 3940 id
1408 3876 1724 3942 obtulerit
1756 3898 1827 3943 se
1858 3877 2169 3962 facultas,
2216 3900 2473 3946 camere
2505 3882 2828 3967 prelibato
2863 3882 3126 3948 mittere
3158 3904 3292 3948 non
3322 3889 3699 3971 postponas.
3748 3881 3902 3948 Dat.

835 3978 1014 4069 apud
1060 3980 1546 4048 Villamnovam
1595 3983 2066 4049 Avinionensis
2113 3983 2392 4050 diocesis
2410 4034 2428 4069 ‚
2474 3984 2576 4050 Id.
2623 3986 2669 4053 J
2671 3988 2845 4071 unii,
2893 4009 3067 4054 anno
3086 4024 3093 4031 ·
3114 3989 3416 4076 septimo.

1253 4117 1377 4181 Beq.
1427 4116 1548 4166 γαί.
1590 4119 1648 4167 Τ.
1680 4116 1807 4182 241,
1833 4119 1895 4182 s.
1929 4116 2015 4169 68.

834 4615 1030 4685 1623.
1706 4615 1920 4703 1359,
1971 4620 2168 4686 Junii
2215 4624 2334 4706 20,
2379 4645 2485 4709 ap.
2548 4622 3038 4690 Villamnovam.

1151 4773 1293 4838 Pro
1355 4777 1724 4860 praeposito
1791 4774 2243 4843 Daventriensi
2311 4779 2724 4864 infrascripti
2788 4779 2877 4843 ad
2946 4781 3451 4865 quinquennium
3516 4779 3909 4865 deputantur

1061 4888 1541 4946 conservatores.

1069 5062 1350 5129 Dilectis
1413 5062 1566 5128 filiis
1624 5110 1640 5127 .
1668 5110 1685 5128 .
1743 5064 2186 5150 Trajectensis
2233 5073 2302 5131 et
2352 5115 2368 5130 .
2396 5116 2413 5133 .
2461 5069 2670 5133 sancti
2715 5068 2985 5133 Martini
3031 5068 3418 5135 Leodiensis
3465 5089 3540 5134 ac
3589 5115 3606 5132 .
3633 5116 3650 5133 .
3701 5066 3912 5133 sancti

841 5167 1206 5235 Donatiani
1251 5170 1614 5257 Brugensis
1660 5171 2097 5237 Tornacensis
2143 5173 2422 5240 diocesis
2469 5175 2732 5241 decanis
2782 5176 3203 5242 ecclesiarum
3250 5177 3531 5241 salutem
3577 5182 3689 5241 etc.

761 5263 766 5267 ⁴
1061 5274 1376 5342 Militanti
1437 5278 1734 5344 ecclesie.
1761 5325 1778 5343 .
1806 5326 1824 5343 .
1852 5326 1869 5344 .
1933 5279 2088 5344 Dat.
2152 5281 2327 5366 apud
2390 5282 2874 5347 villamnovam
2920 5290 3071 5366 etc.,
3132 5282 3273 5348 XII
3317 5282 3430 5347 Kl.
3476 5283 3522 5350 J
3526 5283 3679 5366 ulii,
3738 5301 3910 5347 anno

838 5384 1141 5469 septimo.

1255 5501 1381 5564 Rea.
1416 5503 1516 5552 Δυ.
1558 5503 1615 5552 Τ.
1649 5500 1741 5567 21,
1765 5503 1825 5567 s.
1860 5501 1978 5553 497.
