4450 6684
802 446 939 511 252
2058 449 2460 517 Ganaonms
2506 453 2626 518 XI.

1030 668 1431 734 Litterarum
1480 672 1861 738 scientia...
1894 722 1909 738 .
1958 674 2108 740 Dat.
2157 677 2526 761 Avinione,
2574 679 2640 743 X
2687 679 2798 744 Kl.
2849 680 3227 765 Februarii,
3277 703 3450 747 anno
3499 692 3753 770 quarto.

1227 805 1353 869 Beq.
1388 809 1486 856 Αυ.
1531 809 1585 855 Τ.
1621 806 1709 869 ⁶22,
1737 809 1796 872 s.
1831 807 1944 858 274.

960 949 1015 1012 1)
1053 950 1612 1017 Sint-Haartensdijk,
1649 969 1815 1019 pagus
1849 955 1905 1004 in
1942 955 2204 1006 Zelandia.

794 1385 1000 1454 2166.
1768 1399 1984 1477 1374,
2035 1396 2380 1461 Februarii
2425 1399 2499 1476 6,
2547 1399 2912 1463 AvenioniS.

1124 1547 1320 1612 Petro
1384 1549 1533 1612 Voet
1580 1551 1910 1632 confertur
1946 1551 2347 1635 parochialis
2378 1553 2631 1615 ecclesia
2665 1553 2719 1616 b.
2754 1552 3009 1616 Mariae
3039 1552 3546 1636 DaventriensiS,
3580 1575 3708 1638 pro
3751 1576 3876 1639 qua

1034 1659 1504 1739 canonicatum,
1566 1657 1993 1741 praebendam
2065 1666 2123 1721 et
2190 1659 2690 1742 supplementum
2762 1658 2831 1721 S.
2895 1658 3168 1723 Lebuini
3210 1659 3689 1724 Daventriensis
3737 1682 3872 1724 cum

1034 1763 1361 1826 Everardo
1407 1764 1482 1826 de
1530 1764 1775 1848 Hesel)
1810 1767 2071 1848 putavit
2108 1765 2561 1850 permutanda.
2617 1803 2698 1814 —
2747 1766 3163 1851 Deputantar
3208 1775 3578 1832 executore-3.

1032 1946 1413 2032 Apostolice
1462 1947 1655 2011 sedis.
1686 1995 1700 2009 .
1734 1996 1747 2010 .
1779 1996 1793 2009 .
1852 1948 2003 2011 Dat.
2053 1945 2422 2030 Avinione,
2470 1948 2641 2012 VIII
2686 1946 2784 2012 Id.
2833 1948 3212 2031 Februarii,
3261 1970 3434 2014 anno
3484 1957 3740 2036 quarto.

1220 2081 1346 2144 Ray.
1382 2083 1480 2130 Aa.
1524 2083 1578 2131 T.
1613 2080 1700 2144 20,
1728 2083 1790 2145 s.
1824 2080 1938 2132 533.

957 2212 1013 2274 1)
1050 2211 1239 2277 Heeze‚
1274 2226 1439 2276 pagus
1476 2227 1634 2276 prope
1669 2212 1993 2262 Eiudhoven.

794 2657 1246 2726 2167—2173.
1818 2661 2032 2740 1374,
2080 2661 2317 2725 Martii
2361 2663 2397 2725 1
2423 2710 2440 2742 ,
2487 2661 2849 2725 Avenionis.

1138 2815 1211 2879 A.
1283 2814 1522 2878 Jacobo
1570 2814 1889 2898 quondam
1937 2814 2164 2879 Jacobi
2207 2817 2364 2881 dicti
2405 2819 2699 2902 mayistri
2728 2817 2929 2881 Jacob
2958 2826 3141 2903 nato,
3189 2820 3347 2883 laico
3385 2827 3398 2844 “

1127 2919 1204 2982 Β.
1278 2918 1600 2982 Mauricio
1649 2918 1973 3002 quandam
2021 2918 2315 2983 Danielis
2373 2920 2709 2985 Theodrici
2753 2929 2939 3004 natO,
2975 2923 3348 3009 presbytero

1127 3024 1199 3087 O.
1272 3021 1615 3085 Johannae
1662 3021 1818 3085 Diec
1862 3022 2153 3086 dominae
2204 3024 2323 3088 loci
2365 3024 2442 3088 de
2494 3024 2918 3110 „Dortoghe”

1121 3127 1206 3192 D.
1281 3124 1658 3189 Hermanno
1704 3124 2063 3211 Kempinch
2111 3128 2362 3212 ejusque
2409 3130 2599 3193 uxori
2641 3126 2872 3194 Juttae

1126 3231 1198 3295 E.
1276 3230 1566 3294 Gerardo
1614 3229 1841 3293 Potter
1891 3231 2051 3294 laico

3457 3178 3642 3264 Traj.
3689 3180 3880 3246 dioec.

1127 3334 1200 3399 F.
1273 3333 1548 3397 Mattiae
1602 3332 1962 3418 Boedraqer
2012 3335 2170 3398 laico
3385 3265 3416 3574 S

1125 3439 1203 3504 G.
1277 3436 1541 3501 Danieli
1609 3437 1685 3500 de
1746 3436 2055 3501 Merwede
2115 3439 2312 3502 militi
2372 3441 2627 3524 ejusque
2688 3442 2878 3505 uxori
2940 3441 3352 3526 Maryaretae

1034 3542 1345 3606 nobilibus

1039 3649 1399 3714 conceditur
1432 3649 1843 3733 privileyium
1886 3650 2223 3732 plenariae
2258 3657 2665 3733 peccatorum
2713 3654 3095 3716 remissionis
3139 3655 3211 3718 in
3254 3657 3528 3722 articulo
3575 3660 3817 3722 mortis.

1039 3837 1356 3901 Provenit
1403 3855 1509 3900 ex.
1540 3882 1555 3898 .
1585 3881 1601 3897 .
1634 3882 1648 3898 .
1697 3834 1851 3899 Dat.
1900 3833 2269 3916 Avinione,
2319 3832 2430 3898 Kl.
2479 3834 2743 3917 Marcii,
2792 3855 2966 3900 anno
3014 3842 3267 3922 quarto.

1232 3973 1356 4034 Ray.
1391 3972 1490 4020 Av.
1533 3968 1592 4020 Τ.
1627 3970 1719 4032 21,
1745 3972 1805 4034 s.
1841 3967 2124 4020 599-600.

804 4417 1000 4487 2174.
1834 4416 2043 4497 1374,
2092 4415 2330 4479 Martii
2374 4418 2450 4499 2,
2503 4418 2863 4482 Avenionis.

1132 4570 1399 4653 Capella
1468 4569 1803 4652 colleqiata
1873 4570 1941 4631 in
2014 4569 2213 4653 Haya
2282 4570 2361 4633 ab
2430 4571 2766 4636 ordinaria
2811 4572 3264 4656 jurisdictione
3322 4577 3623 4640 eximitur
3667 4583 3726 4640 et
3771 4575 3885 4640 sub

1049 4677 1430 4763 apostolicae
1473 4675 1637 4739 sedis
1671 4678 2060 4760 protectione
2102 4678 2469 4762 suscipitur.

1038 4864 1395 4951 Gregorius
1442 4863 1822 4950 episcopus,
1872 4885 2097 4928 servus
2144 4884 2482 4928 servorum
2531 4862 2695 4945 Dei,
2743 4862 2828 4928 ad
2877 4871 3259 4950 perpetuam
3307 4865 3403 4929 rei
3450 4866 3851 4931 memoriam.

1042 4973 1186 5039 Etsi
1248 4972 1555 5038 universa
1621 4970 1814 5036 orbis.
1848 5021 1861 5034 .
1892 5019 1906 5034 .
1937 5019 1952 5034 .
2026 4972 2199 5037 Sane
2265 4969 2513 5035 dudum
2578 4969 2662 5034 ad
2726 4969 2948 5036 dilecti
3009 4973 3126 5036 filii
3173 4973 3412 5038 nobilis
3458 4973 3581 5038 viri
3626 4973 3891 5038 Alberti

815 5080 1005 5147 ducis
1070 5087 1137 5146 et
1199 5080 1438 5145 dilecte
1499 5080 1569 5143 in
1635 5078 1895 5144 Christo
1962 5079 2094 5142 filie
2156 5078 2394 5142 nobilis
2459 5078 2749 5143 mulieris
2809 5079 3141 5165 Margaret
3196 5081 3347 5165 (sic)
3372 5080 3426 5163 1)
3473 5081 3617 5166 ejus
3662 5083 3889 5147 uxoris

816 5189 1075 5254 ducisse
1115 5187 1395 5252 Bavarie
1437 5187 1981 5273 supplicationem
2014 5186 2329 5270 capellam
2363 5185 2431 5250 in
2463 5185 2775 5272 precipuo
2808 5185 3234 5252 habitationis
3267 5208 3383 5252 sue
3413 5188 3558 5253 loco
3590 5188 3660 5253 in
3695 5188 3891 5274 Haga

818 5296 1107 5384 partium
1168 5294 1525 5359 Hellandie
1589 5292 2028 5378 Trajectensis
2088 5291 2365 5357 diocesis
2426 5292 2896 5357 consistentem
2941 5292 3010 5357 in
3058 5293 3472 5379 collegiatam
3518 5296 3887 5379 ereximus,

817 5401 1316 5490 quatuordecim
1363 5399 1730 5487 prebendas
1761 5420 1879 5486 per
1911 5399 2084 5484 ipsos
2118 5397 2350 5464 ducem
2385 5405 2453 5464 et
2486 5398 2810 5464 ducissam
2844 5399 3243 5470 sufficienter
3275 5400 3568 5485 dotatas,
3613 5424 3887 5489 quarum

818 5508 1109 5574 decanus
1172 5507 1346 5572 dicte
1408 5508 1657 5593 capelle
1718 5527 1837 5593 pro
1906 5511 2200 5593 tempore
2247 5506 2542 5570 existens
2591 5506 2755 5570 duas
2801 5505 3035 5589 habet,
3093 5512 3164 5571 et
3207 5513 3491 5593 quatuor
3534 5514 3889 5595 perpetuas

817 5614 1215 5702 capellanias
1260 5612 1506 5678 ibidem
1553 5611 1998 5695 instituendo,
2047 5618 2247 5700 prout
2291 5613 2362 5677 in
2409 5612 2653 5678 nostris
2698 5612 2854 5678 inde
2902 5611 3215 5680 confectis
3261 5613 3499 5679 litteris
3521 5615 3577 5698 2)
3622 5613 3886 5702 plenius
