4450 6684
1592 558 1935 623 Annnnm
1980 574 2064 623 111·
2112 556 2586 623 cosmatum.
3496 557 3630 620 315

644 778 861 858 (1595)
909 792 971 843 In
1008 792 1118 843 6116.
1153 805 1272 856 pro:
1309 797 1436 843 ante
1471 805 1656 857 quem,
1695 791 1861 857 legas:
1900 796 2019 854 post
2054 804 2226 855 quem.

645 876 863 955 (1608)
908 889 971 940 In
1007 896 1253 954 excerpto
1287 903 1404 954 pro:
1445 889 1493 939 b.
1530 888 1753 952 Mariae,
1789 888 1956 953 legas:
1996 888 2044 938 b.
2081 887 2314 938 Martini.

644 973 860 1052 (1616)
906 986 969 1037 ιιι
1004 987 1116 1037 obs.
1148 985 1244 1037 nn.
1278 984 1312 1035 2
1345 986 1516 1050 legas:
1553 985 1617 1035 de
1651 984 1854 1035 Eltevil.

644 1070 862 1150 (1627)
905 1083 985 1134 Ad
1019 1084 1152 1134 obs:
1216 1082 1497 1149 νημαι,
1531 1082 1793 1146 Esca-pta
1826 1081 1885 1130 „⁰
1918 1080 2066 1142 493*‚
2115 1081 2379 1132 secunaum
2414 1081 2538 1145 περ.
2585 1082 2701 1131 ναι.
2748 1082 2879 1132 πη..
2914 1080 3039 1146 241,
3074 1083 3135 1147 f.
3170 1079 3259 1147 66,
3302 1081 3393 1132 ubi
3428 1083 3527 1132 sub
3564 1083 3655 1132 die

547 1169 581 1218 5
615 1168 779 1219 Junii.

645 1251 862 1332 (1670)
907 1266 967 1315 In
1005 1267 1249 1327 excerpto
1288 1261 1382 1313 liu.
1422 1260 1444 1311 1
1482 1262 1650 1328 legas:
1688 1261 1846 1312 Petro
1882 1263 1943 1311 de
1980 1262 2175 1313 Sancto
2211 1261 2483 1313 Michaele.

565 1734 770 1808 2292.
823 1732 1116 1811 (18441’111)
1403 1735 1614 1817 1367,
1662 1734 1946 1818 Auyusti
1993 1735 2109 1816 23,
2157 1735 2501 1798 Aveniom‘s
2549 1732 2798 1818 (sic)1).

888 1885 1320 1951 Thesaurario
1366 1885 1433 1950 S.
1484 1885 1841 1950 Salvatoris
1896 1885 2077 1968 Traj.
2117 1886 2490 1968 mandatur,
2538 1893 2613 1950 ut
2654 1885 2972 1951 observari
3007 1887 3212 1968 faciat
3248 1887 3640 1970 definitivam

785 1996 1190 2075 sententiam,
1254 2014 1446 2078 quam
1510 1995 1863 2077 capitulum
1935 1992 2115 2076 Traj.
2185 2000 2408 2057 contra
2466 1992 2878 2058 Fredericum
2921 1994 2999 2058 'de
3043 1994 3210 2077 Eze,
3256 1995 3526 2060 decimas
3572 1999 3642 2060 in

793 2100 1348 2165 Emmer-mersche
1390 2099 1658 2164 indebite
1701 2100 2066 2182 detinentis,
2113 2102 2182 2164 in
2234 2101 2422 2164 tertia
2469 2103 2781 2164 instantia
2827 2100 3198 2186 reportavit.

787 2280 1095 2347 Urbanus
1143 2279 1517 2366 episcopus,
1569 2299 1793 2346 servus
1841 2302 2175 2346 servorum
2223 2281 2380 2365 Dei,
2432 2281 2670 2346 dilecto
2719 2282 2852 2346 filio
2902 2282 3307 2349 thesaurario
3357 2284 3632 2350 ecclesie

565 2388 773 2453 sancti
820 2388 1176 2453 Salvatoris
1224 2388 1664 2472 Trajectensis
1713 2388 1992 2453 salutem
2040 2394 2109 2453 et
2156 2389 2582 2475 apostolicam
2630 2388 3179 2456 benedictionem.

788 2495 923 2560 Sua
969 2495 1158 2559 nobis
1207 2493 1431 2561 dilecti
1477 2494 1593 2558 filii
1642 2493 1928 2560 decanus
1977 2500 2044 2560 et
2093 2495 2484 2583 capittulum
2524 2496 2798 2562 ecclesie
2830 2497 3271 2581 Trajectensis
3305 2479 3631 2585 petitione

562 2607 1042 2685 monstrarunt,
1114 2598 1287 2687 quod
1351 2600 1507 2665 licet
1568 2602 1903 2687 perceptio
1971 2602 2261 2666 omnium
2311 2600 2710 2666 decimarum
2758 2603 3283 2688 provenientium
3332 2625 3417 2669 ex
3464 2606 3636 2671 fruc-

564 2708 742 2774 tibus
789 2708 1319 2773 excrescentibus
1367 2707 1536 2773 infra
1580 2708 1822 2772 limites
1867 2708 2175 2794 parochie
2224 2709 2499 2774 ecclesie
2550 2708 2633 2774 de
2680 2708 3064 2774 Dalvessem
3089 2709 3145 2794 2)
3191 2711 3640 2797 TraJectensis

572 2814 849 2879 diocesis
895 2814 977 2880 ad
1026 2813 1291 2880 eosdem
1340 2811 1662 2879 decanum
1712 2820 1779 2879 et
1828 2815 2217 2902 capittulum
2269 2815 2348 2880 de
2396 2814 2668 2902 antiqua
2716 2821 2785 2880 et
2824 2816 3186 2902 approbata
3216 2823 3284 2882 et
3313 2817 3638 2884 hactenus

565 2924 834 3010 pacifice
883 2924 1230 2989 observata
1276 2922 1753 2988 consuetudine
1800 2925 2196 3010 pertineret,
2248 2928 2315 2989 et
2364 2928 2497 2990 tam
2546 2923 2745 2988 iidem
2794 2922 3079 2989 decanus
3127 2930 3196 2990 61
3241 2926 3630 3012 capittulum

562 3052 756 3117 quam
818 3030 1313 3117 predecessores
1378 3051 1603 3095 eorum
1660 3030 1939 3095 fuissent
1986 3031 2054 3095 in
2104 3030 2374 3117 pacifica
2420 3031 2835 3117 possessione
2881 3031 2988 3097 vel
3036 3031 3222 3117 quasi
3260 3032 3429 3117 juris
3477 3034 3634 3118 (sic)

563 3137 968 3225 percipiendi
1014 3137 1391 3222 hujusmodi
1439 3136 1723 3203 decimas
1770 3160 1810 3203 a
1857 3144 2187 3224 tempore,
2238 3140 2425 3222 cujus
2475 3138 2784 3204 contrarii
2831 3138 3145 3203 memoria
3190 3160 3323 3204 non
3370 3140 3636 3224 existit,

564 3244 719 3330 quia
782 3250 1005 3310 tamen
1053 3244 1291 3309 nobilis
1337 3245 1437 3309 vir
1482 3243 1870 3309 Fredericus
1920 3243 2001 3308 de
2048 3244 2217 3327 Eza,
2270 3243 2573 3309 dominus
2622 3244 2748 3310 1661
2795 3246 2865 3309 16
2909 3245 3289 3311 Rechteren
3335 3245 3631 3332 ejusdem

568 3349 877 3436 diocesis,
944 3372 1169 3416 omnes
1229 3351 1511 3417 decimas
1556 3352 2021 3438 provenientes
2070 3373 2156 3418 ex
2202 3352 2524 3417 fructibus
2575 3352 3107 3419 excrescentibus
3153 3353 3222 3418 in
3268 3354 3410 3419 1666
3460 3354 3641 3421 (11616

562 3456 1054 3524 Ε61611116166116
1119 3458 1289 3523 16116
1352 3457 1560 3523 (116166
1622 3459 1864 3523 11161166
1930 3458 2333 3524 consistente
2398 3460 2763 3545 occupabat
2824 3466 2893 3525 et
2949 3459 3290 3525 detinebat
3333 3459 3636 3527 indebite

560 3571 945 3651 occupatas,
1009 3566 1246 3652 prefati
1310 3564 1593 3631 decanus
1658 3571 1725 3629 et
1774 3567 2164 3652 capittulum
2213 3566 2499 3631 eundem
2552 3567 2839 3632 nobilem
2887 3587 3084 3653 super
3129 3568 3290 3652 hoc,
3336 3569 3623 3655 petendo

557 3672 770 3759 ipsum
819 3672 1285 3760 condempnari
1333 3677 1403 3739 et
1451 3672 1753 3760 compelli
1801 3672 1885 3738 ad
1932 3672 2398 3738 dimittendum
2446 3674 2571 3738 61111
2620 3673 2905 3739 (16616166
2950 3674 3362 3759 hujusmodi,
3410 3696 3628 3741 coram

563 3778 821 3845 officiali
854 3779 1292 3865 Trajectensi,
1341 3800 1476 3844 non
1510 3800 1595 3844 ex
1627 3777 2043 3865 delegatione
2077 3780 2469 3867 apostolica,
2517 3785 2861 3846 traxerunt
2891 3782 2962 3845 in
2993 3802 3282 3865 causam3
3330 3781 3639 3869 idemque

561 3886 888 3970 officialis,
946 3888 1224 3972 cognitis
1271 3886 1646 3973 hujusmodi
1695 3908 1890 3953 cause
1937 3888 2185 3952 meritis
2236 3892 2303 3952 et
2340 3887 2511 3972 juris
2565 3886 2793 3952 ordine
2842 3887 3223 3970 observat0,
3272 3908 3390 3973 pro
3438 3888 3638 3955 dictis

562 3992 809 4059 decano
859 4000 927 4059 et
975 3994 1292 4081 capittulo
1342 3993 1754 4058 diffinitivam
1803 3994 2207 4059 sentenciam
2256 3995 2735 4080 promulgavit,
2794 4016 2834 4059 a
2879 4015 3008 4080 qua
3053 3994 3346 4080 prefatus
3396 3996 3642 4061 nobilis

559 4101 642 4167 ad
713 4101 1172 4168 coloniensem
1241 4103 1484 4167 curiam
1555 4103 1683 4167 loci
1746 4103 2295 4190 metropoliticam
2356 4103 2717 4190 appellavit
2773 4103 3119 4190 ⁴dictosque
3183 4103 3504 4170 decanum
3567 4112 3640 4172 et

563 4208 950 4295 capittulum
1016 4209 1174 4274 fecit
1234 4209 1302 4273 in
1351 4230 1547 4275 causa
1592 4209 2053 4296 appellationis
2100 4208 2479 4294 hujusmodi
2529 4230 2746 4274 coram
2796 4209 3055 4274 officiali
3103 4209 3275 4275 dicte
3326 4213 3503 4277 curie
3551 4212 3636 4278 ad

552 4314 875 4400 judicium
924 4317 1211 4400 evocari3
1260 4315 1565 4402 idemque
1614 4316 1905 4381 officialis
1952 4315 2127 4381 dicte
2169 4317 2377 4399 curie,
2430 4317 2707 4402 66361116
2749 4316 3126 4402 hujusmodi
3156 4338 3350 4382 cause
3384 4319 3633 4384 meritis

562 4427 630 4487 61
668 4423 837 4508 juris
887 4422 1114 4488 ordine
1163 4423 1549 4506 observato,
1596 4422 1914 4508 prefatam
1963 4422 2376 4487 diffinitivam
2425 4423 2831 4488 sentenciam
2877 4422 3318 4507 confirmavit3
3365 4429 3641 4512 propter

564 4529 738 4615 quod
803 4530 1093 4616 prefatus
1156 4529 1393 4595 nobilis
1441 4527 1524 4594 ad
1575 4529 1797 4595 sedem
1846 4530 2271 4616 apostolicam
2319 4531 2712 4616 appellavit,
2761 4530 2923 4596 16166
2971 4530 3406 4617 pretendens,
3455 4531 3631 4619 quod

561 4637 1011 4723 progenitores
1083 4638 1219 4721 sui,
1292 4657 1568 4723 quorum
1637 4637 1827 4703 heres
1896 4638 2262 4720 existebat,
2335 4644 2490 4703 ante
2555 4645 2622 4704 et
2684 4645 2833 4726 post
2891 4641 3199 4725 generale
3246 4640 3631 4725 concilium,

562 4749 916 4810 tenuerant
961 4746 1031 4830 in
1077 4743 1347 4810 feudum
1396 4766 1436 4809 a
1483 4744 1659 4810 dicta
1705 4745 1980 4810 ecclesia
2026 4745 2434 4831 Trajectensi
2487 4745 2771 4812 decimas
2819 4747 3281 4833 provenientes
3327 4768 3415 4813 ex
3459 4748 3631 4813 fruc·

564 4851 740 4916 tibus
804 4852 1338 4917 excrescentibus
1399 4852 1469 4917 in
1533 4852 1707 4917 dicto
1770 4852 1950 4934 loce,
2019 4858 2088 4917 61
2149 4852 2325 4939 quod
2385 4859 2518 4919 tam
2570 4855 2713 4940 ipse
2761 4854 2999 4920 nobilis
3047 4876 3242 4941 quam
3289 4855 3448 4921 dicti
3492 4877 3647 4943 pro-

561 4958 892 5043 genitores
963 4959 1062 5023 sui
1132 4959 1393 5023 fuerant
1460 4979 1500 5023 a
1570 4963 1864 5045 tempore
1928 4958 2303 5046 supradicto
2368 4966 2437 5025 61
2504 4962 2691 5046 cujus
2756 4962 3064 5025 contrarii
3127 4963 3441 5027 memoria
3503 4983 3642 5028 666

565 5064 866 5148 extabat,
915 5067 983 5130 in
1030 5066 1302 5153 pacifica
1347 5066 1758 5152 possessione
1807 5066 1914 5132 vel
1962 5068 2145 5153 quasi
2192 5069 2395 5153 (jure)
2434 5068 2841 5155 percipiendi
2873 5069 3159 5135 decimas
3190 5069 3634 5157 supradictas,

563 5195 758 5261 super
805 5175 1245 5262 appellatione
1293 5196 1410 5241 sua
1447 5174 1825 5261 hujusmodi
1857 5176 2248 5262 apostolicas
2295 5176 2377 5243 ad
2412 5178 2621 5242 sancti
2657 5178 2924 5243 Martini
2957 5184 3026 5243 61
3060 5180 3269 5243 666611
3299 5179 3628 5246 1161166616

563 5301 639 5346 66
709 5292 934 5348 666616
1008 5281 1234 5347 Crucis
1303 5282 1770 5348 Leodiensium
1831 5283 2254 5349 ecclesiarum
2316 5283 2601 5349 decanos
2650 5284 2773 5351 sub
2819 5290 3000 5350 certa
3045 5284 3254 5350 forma
3299 5287 3553 5351 litteras
3582 5287 3640 5370 3)

562 5387 938 5475 impetravit
992 5387 1333 5475 dictosque
1383 5388 1702 5454 decanum
1750 5394 1818 5455 et
1866 5390 2257 5475 capittulum
2305 5391 2581 5456 ecclesie
2629 5391 3070 5477 Trajectensis
3117 5392 3275 5456 16611
3320 5391 3388 5456 16
3437 5413 3633 5457 66666

565 5494 1024 5581 appellationis
1087 5494 1463 5579 hujusmodi
1521 5515 1741 5560 coram
1804 5495 1979 5561 dicto
2048 5494 2295 5561 decano
2345 5496 2619 5561 ecclesie
2668 5496 2878 5562 sancti
2922 5495 3224 5579 Martini,
3274 5497 3379 5562 661
3425 5498 3636 5562 666611

565 5598 611 5664 J
614 5600 889 5666 ohannis
931 5622 1006 5666 ac
1038 5606 1262 5666 sancte
1298 5600 1524 5666 Crucis
1557 5601 1977 5667 ecclesiarum
2012 5601 2241 5667 decani
2273 5600 2551 5689 predicti
2585 5623 2782 5689 super
2815 5604 3145 5691 premissis
3176 5603 3642 5669 commiserant

564 5707 859 5772 totaliter
920 5706 1095 5772 vices
1156 5728 1341 5792 suas,
1402 5707 1778 5793 hujusmodi
1839 5708 2207 5774 litterarum
2273 5715 2342 5774 61
2389 5709 2863 5776 commissionis
2908 5709 3133 5796 vigore
3180 5709 3261 5774 ad
3300 5708 3628 5795 judicium
