4450 6684
820 529 906 592 30
2111 525 2430 592 Omms
2477 525 2596 591 VI.

810 745 1008 815 1360.
1815 748 2025 830 1350,
2071 747 2355 831 Auyusti
2399 748 2473 828 5,
2518 747 2885 811 Avenionis.

1125 899 1452 965 Everardo
1511 898 1824 979 Arnoldi,
1873 919 2004 983 pro
2052 919 2175 983 quo
2225 898 2558 963 Gerardus
2606 898 2767 963 Foec
2809 899 3083 964 decanus
3129 898 3197 963 S.
3250 898 3609 963 Salvatoris
3664 897 3878 981 Traj.,

1036 1027 1315 1071 asserens
1366 1007 1936 1091 praesentationem
1996 1006 2258 1068 rectoris
2322 1005 2607 1069 ecclesiae
2656 1005 3059 1090 parochialis
3104 1005 3181 1069 de
3231 1004 3600 1069 Oudewater
3643 1005 3731 1069 ad
3774 1002 3881 1068 de-

1034 1132 1261 1175 canum
1322 1109 1391 1174 S.
1453 1109 1810 1173 Salvatoris
1844 1111 2170 1193 pertinere
2187 1157 2205 1191 ‚
2256 1108 2584 1174 humiliter
2628 1111 3050 1195 supplicavit,
3098 1109 3429 1193 confertur
3474 1109 3647 1174 dicta
3678 1128 3882 1193 paro-

1031 1216 1259 1280 chialis
1303 1216 1590 1297 ecclesia,
1638 1235 1868 1279 vacans
1901 1235 2028 1298 per
2074 1213 2312 1279 obitum
2358 1214 2694 1299 Rodulphi
2735 1215 2812 1279 de
2857 1215 2989 1280 Eze
3033 1223 3091 1279 et
3136 1215 3238 1280 die
3278 1217 3322 1279 3
3354 1214 3527 1297 Maji
3556 1235 3662 1279 an.
3693 1214 3875 1278 1348

1028 1322 1427 1407 dispositioni
1468 1321 1632 1384 sedis
1677 1321 2057 1405 apostolicae
2099 1327 2442 1384 reservata.
2494 1357 2577 1368 —
2627 1320 3042 1407 Deputantur
3086 1329 3455 1386 executores.

1033 1501 1394 1568 Probitatis
1456 1506 1543 1566 et.
1575 1549 1591 1565 .
1620 1549 1636 1565 .
1668 1548 1684 1565 .
1755 1501 1907 1566 Non
1955 1500 2373 1566 obstantibus
2422 1549 2439 1567 .
2468 1550 2485 1567 .
2513 1550 2529 1567 .
2578 1502 2756 1590 quod
2801 1502 2873 1566 in
2919 1500 3331 1588 'trajectensi
3376 1507 3446 1567 et
3493 1507 3869 1567 sanctornm

804 1609 1273 1696 Apostolorum
1319 1607 1700 1673 Coloniensi
1748 1607 2040 1674 ecclesiis
2088 1610 2514 1675 canonicatus
2562 1616 2630 1676 et
2668 1608 3046 1696 prebendas
3086 1609 3374 1675 nosceris
3418 1609 3737 1675 obtinere.
3770 1657 3786 1673 .
3816 1655 3831 1672 .
3860 1656 3879 1675 .

806 1716 958 1780 Dat.
1006 1715 1372 1797 Avinione‚
1420 1714 1592 1779 Non.
1642 1713 1931 1799 Augusti
1952 1761 1970 1797 ,
2018 1734 2194 1779 anno
2241 1735 2439 1780 nono.

1228 1848 1354 1911 περ.
1390 1849 1486 1898 An.
1531 1849 1584 1897 T.
1621 1847 1713 1908 56,
1740 1849 1800 1911 s.
1835 1846 1919 1897 so.

802 2317 989 2385 1361.
1804 2318 2011 2396 1350,
2060 2317 2348 2401 Auqusti
2392 2320 2465 2399 9,
2513 2318 2882 2382 Avenionis.

1131 2471 1505 2536 Theoderico
1551 2469 1628 2534 de
1658 2470 1939 2534 Heeswic
1968 2472 2038 2533 in
2069 2470 2379 2533 medicina
2409 2469 2844 2552 baccalaureo,
2888 2472 3194 2555 maqistro
3225 2473 3296 2535 in
3326 2470 3602 2552 artibus,
3639 2472 3872 2534 rectori

1029 2578 1310 2661 capellae
1375 2574 1498 2656 „de
1560 2574 2026 2640 Emedamme’'
2054 2575 2107 2657 1)
2180 2574 2362 2657 Traj.
2427 2575 2649 2656 dioec„
2713 2578 2828 2660 qui
2881 2575 2957 2639 de
3012 2576 3218 2639 soluto
3265 2582 3325 2640 et
3367 2576 3578 2640 soluta
3617 2577 3872 2660 yenitus

1005 2683 1156 2764 jam
1222 2681 1464 2745 dudum
1533 2680 2059 2764 dispensationem
2125 2700 2319 2763 super
2387 2678 2634 2762 defectu
2693 2682 3012 2745 natalium
3072 2686 3391 2745 assecutus
3435 2687 3560 2762 est,
3625 2680 3867 2743 intuitu

1024 2787 1366 2852 Johannae
1410 2787 1664 2872 reyinae
1710 2785 1984 2868 Scotiae,
2021 2806 2152 2871 pro
2199 2787 2422 2850 clerico
2468 2807 2582 2851 suo
2627 2788 3079 2871 supplicantis,
3111 2787 3502 2872 indulyetur,
3537 2786 3708 2873 quod
3737 2786 3867 2851 duo

1026 2895 1192 2976 alia,
1225 2894 1486 2977 ‘etiamsi
1529 2894 1916 2957 alterutrum
1962 2900 2256 2956 curatum
2302 2895 2642 2977 exstiterit,
2690 2893 2984 2976 beneficia
3028 2893 3300 2958 obtinere
3343 2893 3677 2978 eademque
3711 2912 3864 2980 per-

1025 3006 1273 3062 mutare
1321 2997 1508 3063 libere
1551 2997 1779 3061 valeat.

1025 3179 1429 3245 Litterarum
1476 3178 1780 3243 sciencia.
1807 3225 1824 3241 .
1852 3224 1868 3241 .
1897 3226 1913 3241 .
1961 3178 2118 3244 Dat.
2175 3178 2533 3264 Avinione,
2581 3180 2646 3246 V
2690 3180 2791 3245 Id.
2836 3180 3161 3267 Augusti,
3211 3201 3384 3246 anno
3430 3201 3631 3246 nono.

1217 3312 1343 3375 Rea.
1377 3311 1479 3361 Ao.
1522 3314 1576 3361 T.
1610 3309 1703 3377 58,
1728 3313 1791 3376 f.
1823 3308 1939 3363 331.

952 3425 1010 3490 1)
1043 3426 1245 3476 Edam?

797 3762 994 3830 1362.
1721 3765 1931 3848 1350,
1981 3763 2360 3849 Septembris
2405 3765 2525 3845 12,
2572 3764 2937 3827 Avenionis.

1109 3914 1401 3979 Johanni
1459 3914 1623 3979 dicto
1684 3915 1761 3979 de
1819 3914 2188 3979 Brabancia
2249 3917 2544 3980 canonico
2603 3914 3022 3998 conferuntur
3071 3915 3442 4000 praebenda
3493 3925 3553 3982 et
3596 3919 3859 4002 supple-

1021 4028 1293 4085 mentum
1353 4022 1423 4085 in
1481 4021 1737 4085 ecclesia
1799 4019 1867 4085 S.
1932 4020 2293 4086 Salvatoris
2363 4020 2547 4103 Traj.
2568 4069 2586 4103 ,
2648 4022 2944 4085 vacantia
2992 4042 3118 4106 per
3181 4021 3416 4087 obitum
3470 4023 3741 4088 Henrici
3784 4024 3862 4088 de

1022 4126 1258 4189 Carsen
1319 4132 1379 4190 et
1432 4125 1534 4189 die
1586 4126 1630 4188 4
1676 4123 1864 4189 Febr.
1914 4145 2020 4190 an.
2068 4126 2249 4190 1349
2296 4126 2696 4211 dispositioni
2740 4125 2905 4190 sedis
2952 4128 3332 4211 apostolicae
3375 4136 3721 4194 reservata.
3771 4165 3855 4177 —

1020 4230 1433 4316 Deputantur
1478 4237 1849 4295 executores.
1877 4231 1928 4314 1)

1021 4413 1179 4478 Vite
1250 4433 1326 4477 ac
1394 4432 1667 4477 morum.
1697 4459 1713 4475 .
1741 4459 1757 4475 .
1785 4459 1801 4476 .
1874 4412 2026 4478 Non
2092 4411 2400 4477 obstante
2464 4457 2480 4474 .
2507 4457 2525 4474 .
2555 4457 2570 4474 .
2636 4410 2812 4497 quod
2858 4410 3332 4497 parrochialem
3378 4414 3719 4479 ecclesiam
3767 4413 3851 4479 de

794 4518 1351 4585 Oedekenskerke
1392 4518 1836 4604 Trajectensis
1885 4517 2162 4583 diocesis
2209 4565 2227 4583 .
2254 4564 2272 4582 .
2301 4564 2319 4582 .
2369 4517 2647 4582 obtines.
2677 4564 2693 4581 .
2721 4564 2737 4581 .
2765 4564 2783 4581 .
2831 4516 2982 4582 Dat.
3025 4516 3389 4599 Avinione‚
3436 4518 3509 4583 11
3548 4518 3648 4584 Id.
3692 4520 3855 4606 Sep·

803 4625 1108 4707 tembris‚
1155 4644 1328 4689 anno
1381 4644 1575 4689 none.

1210 4757 1467 4819 &9012
1511 4758 1563 4805 T.
1598 4754 1692 4819 56,
1719 4758 1780 4820 s.
1817 4754 1934 4807 466.

943 4874 1002 4939 1)
1037 4875 1144 4926 Cfr.
1178 4889 1339 4938 supra
1374 4888 1525 4926 num.
1558 4872 1708 4925 1161.

790 5258 984 5326 1363.
1571 5259 1783 5340 1350,
1829 5258 2209 5345 Septembris
2254 5262 2374 5343 28,
2422 5282 2527 5346 ap.
2592 5258 3073 5327 Villamnovam.

1103 5414 1396 5479 Johanni
1438 5414 1516 5478 de
1561 5414 1745 5480 Sleen
1791 5417 2012 5481 clerico
2067 5416 2250 5499 Traj.
2301 5417 2523 5499 dioec.,
2569 5419 2685 5503 qui
2727 5417 2803 5481 de
2841 5417 3209 5503 presbytero
3255 5427 3314 5484 et
3349 5420 3563 5485 soluta
3592 5424 3851 5506 yenitus

993 5524 1145 5604 jam
1190 5520 1717 5604 dispensationem
1760 5541 1952 5605 super
1997 5521 2245 5605 defectu
2282 5523 2599 5587 natalium
2638 5531 2958 5588 assecutus
2999 5531 3090 5588 est
3114 5525 3167 5608 1)
3182 5573 3201 5609 ,
3247 5525 3635 5612 indulyetur,
3675 5526 3851 5613 quod

1013 5626 1138 5690 duo
1185 5624 1512 5708 beneficia,
1560 5628 1807 5691 etiamsi
1850 5628 2237 5693 alterutrum
2281 5635 2576 5693 curatum
2621 5631 2885 5714 existat,
2932 5629 3206 5696 obtinere
3250 5633 3479 5697 valeat.
