4450 6684
1917 548 2407 615 Inrsonucrro.
3540 567 3683 616 nvn

632 766 749 853 qui
795 771 951 830 sunt
993 765 1063 831 in
1110 764 1374 830 servitio
1424 764 1740 851 episcopi,
1790 765 1902 852 qui
1947 785 2034 830 ex
2078 762 2337 828 indulto
2385 762 2767 850 Apostolico
2816 762 3051 829 studiis
3097 765 3519 849 incumbunt,
3568 766 3682 853 qui

634 875 970 956 tamquam
1030 868 1381 934 familiares
1442 868 1666 956 Papae
1723 868 2122 934 deserviunt.
2149 867 2204 951 1)
2296 866 2420 932 Cui
2467 864 2849 954 disciplinae
2895 868 3187 953 generali
3233 869 3479 955 optime
3526 889 3680 935 con-

637 973 914 1039 veniunt
978 993 1111 1038 non
1172 977 1432 1038 tantum
1497 972 1757 1038 Statuta
1815 973 2103 1038 ecclesiae
2171 969 2233 1033 Τ
2226 972 2591 1054 rajectcnsis
2613 970 2703 1053 2),
2769 970 2885 1035 sed
2932 971 3371 1036 verisimiliter
3418 993 3679 1060 quoque

637 1076 1036 1163 reliquorum
1085 1076 1522 1164 capitulorum
1566 1077 1637 1141 in
1685 1082 1914 1143 nostra
1961 1074 2246 1142 dioecesi
2294 1073 2823 1139 consuetudines.
2901 1074 3167 1140 Statuta
3208 1074 3545 1163 praedicta
3591 1076 3684 1141 sic

632 1180 1031 1246 decernunt:
1080 1180 1193 1267 qui
1241 1180 1381 1245 sola
1425 1181 1770 1245 voluntate
1814 1181 2079 1268 propria
2124 1199 2194 1243 se
2235 1177 2318 1242 ab
2351 1176 2628 1243 ecclesia
2658 1177 3133 1262 absentaverit,
3180 1199 3221 1243 a
3252 1177 3501 1244 decano
3535 1200 3685 1244 cum

632 1284 924 1370 capitulo
970 1285 1216 1372 poterit
1261 1284 1566 1370 compelli
1611 1283 1694 1350 ad
1735 1282 2187 1366 residendum,
2228 1280 2461 1367 quodsi
2503 1281 2976 1346 contumaciter
3012 1283 3442 1365 recusaverit,
3483 1282 3684 1347 bene-

631 1388 785 1453 ficio
854 1408 973 1452 suo
1042 1388 1303 1474 privari.
1396 1387 1728 1454 Continua
1794 1393 2015 1454 autem
2084 1381 2447 1452 residentia
2512 1382 2584 1446 in
2646 1383 2924 1448 ecclesia
2981 1382 3216 1469 MaJ'ori
3272 1384 3683 1470 Trajecten'si

636 1511 770 1556 non
841 1490 1296 1578 requirebatur
1363 1492 1491 1556 nisi
1565 1490 2018 1573 „causative,”
2091 1488 2341 1556 scilicet
2409 1492 2485 1550 ut
2544 1485 3068 1573 praebendarum
3128 1488 3370 1574 integri
3433 1487 3684 1553 fructus

636 1594 884 1682 percipi
944 1599 1235 1682 possent.
1327 1594 1586 1660 Deinde
1645 1594 2041 1660 residentiae
2104 1595 2322 1678 legem
2381 1592 2479 1654 ita
2542 1588 2946 1675 distinguere
3002 1591 3231 1676 juvat:
3291 1597 3367 1656 ut
3419 1591 3686 1658 liberta·

635 1698 815 1763 tibus
875 1699 1152 1784 aliisque
1198 1699 1669 1785 praerogativis
1716 1698 2068 1763 canonicus
2115 1694 2405 1784 gaudere
2450 1693 2705 1775 valeat,
2771 1713 2925 1778 „per
2972 1713 3177 1759 unum
3224 1716 3468 1760 annum
3514 1697 3685 1764 inte·

634 1822 824 1889 grum
886 1802 1266 1866 continuam
1326 1801 1750 1868 residentiam
1809 1802 2040 1867 fecerit
2100 1803 2169 1866 in
2217 1800 2485 1865 civitate
2532 1798 2940 1883 Trajectensi
2988 1804 3057 1864 et
3103 1799 3318 1865 eidem
3365 1803 3680 1869 ecclesiae

636 1909 901 1970 nostrae
968 1905 1038 1969 in
1100 1926 1218 1970 suo
1268 1904 1494 1970 ordine
1543 1905 1885 1971 servierit”
1934 1926 2204 1971 necesse
2252 1908 2384 1988 est3
2443 1907 2512 1968 et
2556 1901 2720 1967 haec
2767 1901 3008 1967 dicitur
3051 1901 3409 1970 residentia
3452 1906 3683 1993 prima.

633 2007 1009 2075 Secundam
1075 2030 1230 2074 vero
1299 2009 1724 2074 residentiam
1792 2009 2024 2076 fecisse
2097 2012 2437 2089 censetur,
2513 2006 2624 2093 qui
2685 2027 2805 2093 per
2867 2008 3179 2091 majorem
3227 2010 3383 2072 anni
3428 2015 3683 2096 partem

636 2111 951 2194 adfuerit,
1000 2113 1296 2199 exceptis
1344 2134 1464 2178 sex
1510 2114 1769 2200 (postea
1815 2114 2053 2197 tribus)
2101 2111 2483 2199 septimanis
2530 2116 2600 2175 et
2644 2131 2779 2175 non
2818 2111 3128 2196 amplius,
3178 2112 3413 2198 quibus
3457 2113 3683 2181 habita

632 2216 911 2303 capituli
971 2215 1240 2281 licentia
1295 2218 1525 2283 abesse
1571 2217 1837 2303 poterit.
1928 2218 2035 2282 Ita
2082 2215 2376 2282 residens
2419 2216 2714 2299 integros
2762 2236 2919 2280 suae
2967 2215 3384 2303 praebendae
3431 2217 3682 2283 fructus

639 2320 980 2407 percipiet.
1074 2319 1390 2386 Similiter
1451 2321 1563 2408 qui
1631 2322 1939 2403 „licentia
1997 2321 2271 2387 fratrum
2317 2318 2470 2385 ierit
2513 2320 2585 2382 in
2628 2319 3156 2405 peregrinatione
3204 2341 3402 2386 causa
3449 2324 3684 2388 oratio·

636 2422 877 2507 num;”
943 2423 1056 2510 qui
1109 2444 1347 2504 „causa
1390 2432 1641 2508 metus,
1690 2425 2089 2489 infirmitatis
2137 2423 2526 2510 corporalis,
2573 2424 3048 2509 prosecutionis
3093 2424 3272 2488 litis”
3321 2446 3438 2511 pro
3487 2426 3688 2492 bene-

636 2527 786 2593 ficio
850 2548 969 2592 suo
1032 2527 1455 2594 sustinendae
1517 2529 1836 2612 abfuerit3
1899 2529 2012 2616 qui
2060 2527 2141 2593 de
2188 2547 2513 2593 consensu
2560 2528 2828 2613 capituli
2875 2526 3093 2592 studio
3138 2529 3472 2594 literarum
3523 2531 3681 2596 alibi

632 2631 992 2715 incumbit;
1040 2633 1152 2718 qui
1206 2638 1511 2719 „propter
1556 2634 2016 2698 necessitatem
2062 2633 2169 2698 vel
2216 2633 2571 2697 utilitatem
2620 2632 2933 2698 ecclesiae
2963 2639 3228 2698 nostrae
3261 2639 3330 2699 et
3363 2633 3680 2702 dioecesis
3769 2670 3776 2675 ·

630 2735 1079 2821 Trajectensis
1138 2735 1245 2800 vel
1307 2735 1637 2823 episcopi”
1705 2737 1975 2819 abierit3
2044 2737 2329 2822 denique
2376 2737 2488 2822 qui
2533 2736 2875 2823 privilegio
2923 2737 3216 2822 gaudent
3263 2739 3678 2830 Apostolico,

636 2844 715 2903 ut
757 2839 1065 2904 absentes
1108 2839 1412 2904 beneficii
1461 2841 1560 2904 sui
1607 2840 2034 2926 proventibus
2080 2840 2208 2905 frui
2252 2840 2481 2924 liceat,
2533 2877 2615 2887 —
2664 2860 2891 2904 omnes
2935 2840 3005 2905 hi
3036 2841 3309 2928 perinde
3341 2865 3418 2909 ac
3449 2847 3504 2910 si
3534 2869 3681 2935 per-

632 2942 951 3007 sonaliter
1010 2941 1409 3026 residerent,
1466 2944 1759 3029 integros
1805 2945 1904 3008 sui
1950 2944 2258 3010 beneficii
2303 2944 2553 3009 fructus
2599 2945 2936 3032 percipere
2981 2952 3316 3032 poterant,
3383 2952 3678 3040 exceptis

630 3047 791 3111 solis
839 3045 1409 3112 distributionibus
1456 3046 1885 3134 quotidianis,
1941 3069 2147 3134 „quae
2196 3069 2283 3113 ex
2330 3069 2450 3112 sua
2493 3049 2910 3115 institutione
2958 3052 3360 3138 corporalem
3402 3054 3682 3140 exigunt

635 3149 1139 3237 praesentiam.'’
1164 3151 1218 3233 3)

864 3254 1116 3329 Quibus
1185 3255 1698 3342 praesuppositis
1766 3254 1958 3319 facile
2028 3254 2392 3339 colligitur,
2477 3253 2985 3343 dispensationis
3055 3280 3251 3347 super
3322 3260 3679 3330 residentia
3746 3279 3853 3330 Hac
3887 3282 3940 3331 in
3974 3297 4025 3331 ro

636 3359 965 3446 personali
1009 3358 1452 3446 privilegium,
1501 3357 1675 3445 quod
1722 3355 2086 3424 Bullarium
2134 3359 2558 3444 Trajectense
2599 3361 2860 3446 saepius
2899 3361 3241 3447 exhibeat,
3290 3386 3438 3429 cum
3470 3367 3677 3433 eccle·
3698 3349 4096 3415 dispensationes.

632 3464 900 3529 siastica
944 3470 1078 3527 tam
1125 3462 1415 3548 generali
1463 3484 1657 3549 quam
1702 3463 2107 3551 particulari,
2148 3483 2317 3549 quae
2347 3463 2416 3526 in
2449 3462 2734 3529 dioecesi
2770 3470 2995 3531 nostra
3023 3467 3309 3552 viguerit
3339 3467 3683 3557 disciplina

636 3569 879 3654 passim
940 3567 1331 3632 consentire.
1426 3567 1700 3641 Quoties
1759 3567 1892 3632 tale
1948 3566 2363 3654 privilegium
2410 3566 2661 3632 clericis
2709 3567 3137 3634 familiaribus
3184 3571 3460 3657 alicujus
3505 3574 3684 3661 prin-

632 3672 800 3758 cipis
859 3671 964 3736 vel
1026 3670 1301 3757 praelati
1364 3668 1634 3735 concedi
1689 3671 2009 3757 legimus,
2056 3671 2290 3735 merito
2339 3669 2468 3734 dici
2512 3676 2771 3758 potest,
2819 3672 3191 3739 liberaliore
3237 3675 3431 3740 modo
3480 3677 3682 3743 fuisse

635 3774 1006 3840 adhibitum
1067 3775 1231 3860 legis
1290 3773 1709 3840 moderamen
1756 3780 2077 3839 assertum
2125 3774 2491 3858 canonicis,
2551 3796 2714 3861 quos
2761 3781 3029 3862 propter
3075 3779 3430 3844 utilitatem
3479 3782 3684 3846 eccle-

634 3880 773 3946 siae
823 3879 1053 3944 abesse
1099 3879 1531 3964 contingeret.
1625 3878 1734 3943 Sic
1781 3876 2156 3963 hujusmodi
2202 3877 2492 3943 favorem
2540 3878 2623 3943 ad
2669 3886 2924 3945 certum
2972 3887 3230 3968 tempus
3270 3883 3682 3971 (plerumque

636 3982 723 4049 ad
784 3982 1167 4064 triennium)
1228 4002 1343 4067 pro
1406 3982 1738 4046 nonnullis
1786 3982 2036 4047 clericis
2084 3982 2218 4046 suis
2265 3982 2693 4047 familiaribus
2741 3986 2970 4070 (putaz
3014 3989 3327 4070 quattuor
3374 3992 3490 4051 aut
3525 3990 3683 4072 sex)

636 4086 1070 4152 obtinuerunt
1131 4084 1526 4150 Hollandiae
1587 4086 1859 4150 comites
1924 4086 2320 4150 Wilhelmus
2380 4086 2451 4151 H
2495 4087 2946 4152 Romanorum
2990 4109 3140 4171 rex,
3188 4088 3527 4159 Johannes
3575 4091 3644 4156 H

640 4191 1035 4257 Wilhelmus
1094 4188 1203 4254 III
1261 4189 1446 4275 isque
1510 4189 1719 4253 tribus
1782 4190 2149 4254 successive
2211 4190 2503 4275 vicibus,
2569 4190 2966 4257 Wilhelmus
3028 4192 3128 4257 IV
3191 4193 3466 4277 (numm.
3519 4196 3681 4277 196,

638 4297 805 4377 449,
855 4297 1023 4377 477,
1074 4294 1242 4375 586,
1293 4295 1459 4374 726,
1514 4294 1751 4376 1054),
1801 4292 2131 4357 comitissa
2177 4292 2490 4359 Johanna
2535 4294 2617 4360 de
2663 4295 2954 4361 Vallesio
3004 4316 3213 4382 eaque
3260 4296 3362 4361 bis
3408 4299 3682 4380 (numm.

632 4400 768 4465 813
840 4405 909 4463 et
980 4399 1174 4481 892),
1246 4396 1506 4462 Gelriae
1575 4397 1845 4461 comites
1914 4396 2302 4481 Reynaldus
2365 4398 2398 4463 Ι
2460 4400 2733 4486 ejusque
2791 4420 2960 4465 uxor
3018 4399 3394 4487 Margareta
3457 4406 3526 4465 et
3583 4402 3684 4466 bis

641 4500 1024 4588 Reynaldus
1085 4501 1156 4566 H
1215 4502 1486 4585 (numm.
1552 4500 1720 4584 453,
1785 4501 1953 4581 454,
2022 4501 2189 4583 756,
2240 4503 2431 4585 853),
2488 4502 2879 4569 Fredericus
2926 4503 3009 4569 de
3056 4504 3292 4590 Syrick
3339 4505 3685 4593 episcopus

632 4611 837 4692 atque
883 4604 1251 4670 Ademarus
1299 4602 1380 4669 de
1427 4603 1622 4690 Rupe
1668 4602 2080 4689 praepositus
2128 4604 2195 4670 S.
2246 4605 2602 4671 Salvatoris
2648 4609 2922 4691 (numm.
2971 4610 3101 4673 554
3151 4614 3220 4674 et
3270 4610 3495 4693 2089).

863 4708 1179 4774 Similiter
1237 4708 1309 4772 in
1365 4707 1764 4772 residentiae
1824 4708 1972 4792 lege
2033 4707 2255 4774 favore
2318 4710 2655 4795 pontificio
2719 4711 2846 4776 frui
2891 4713 3203 4797 leguntur
3250 4712 3684 4778 Thilmannus

634 4812 725 4879 de
793 4812 1077 4898 Tungris
1144 4817 1214 4876 et
1281 4811 1610 4876 Henricus
1670 4812 1855 4898 Boye
1918 4813 2215 4877 canonici
2278 4813 2826 4900 Daventrienses,
2891 4816 3216 4901 Georgius
3262 4814 3345 4882 de
3392 4816 3684 4881 Rotariis

643 4923 714 4982 et
770 4916 1103 4982 Robertus
1165 4914 1380 5001 Ayme
1443 4915 1738 4980 canonici
1800 4917 2290 5002 Trajectenses,
2358 4915 2576 4981 Adam
2622 4918 2971 4984 Hobbonis
3019 4917 3101 4984 de
3150 4918 3427 5006 Catwyk
3473 4923 3689 4984 rector

638 5020 956 5085 ecclesiae
1031 5017 1421 5105 parochialis
1464 5016 1579 5083 ¹de
1657 5018 1975 5084 Emelisse
2051 5021 2327 5103 (numm.
2405 5022 2573 5104 568,
2655 5023 2823 5104 637,
2906 5024 3072 5104 708,
3156 5023 3364 5104 1301,
3445 5023 3686 5105 2117),

636 5124 881 5210 quibus
942 5122 1215 5209 singulis
1277 5120 1733 5205 moderamen,
1798 5121 1973 5209 quod
2036 5123 2287 5188 clericis
2332 5123 2670 5189 literarum
2717 5125 2935 5191 studio
2980 5125 3441 5191 insistentibus
3488 5125 3687 5210 vulgo

3663 4141 3681 4174 9

811 5502 869 5565 1)
902 5501 1107 5553 Decret.
1143 5500 1297 5567 Greg.
1329 5500 1446 5553 Lib.
1480 5499 1577 5551 111.
1611 5499 1714 5550 Tit.
1749 5498 1836 5551 IV.
1872 5515 2019 5565 capp.
2054 5500 2238 5555 1—17.

809 5582 868 5645 2)
902 5580 957 5632 S.
996 5581 1185 5632 Muller
1217 5582 1328 5631 Hae
1360 5580 1646 5631 roektsboaek
1678 5597 1777 5630 van
1810 5581 1905 5630 den
1938 5582 2067 5631 Dom
2099 5580 2199 5633 198
2234 5596 2346 5648 seq.

811 5662 866 5727 3)
903 5661 1096 5713 Muller
1126 5662 1198 5713 l.l.
1232 5659 1357 5726 198,
1393 5660 1517 5726 201,
1550 5658 1675 5725 202,
1710 5659 1826 5712 221.
