4450 6684
1838 499 2298 564 Inuocnu‘rms
2349 497 2469 564 VI.
3599 498 3684 562 97

622 718 813 788 1620.
1521 723 1724 803 1359,
1772 721 1967 785 Junii
2011 724 2086 802 6,
2132 742 2240 804 ap.
2302 719 2770 785 Villamnovam

928 875 1206 940 Folkero
1267 877 1551 960 episcopo
1617 873 2027 939 Gibelethano
2089 874 2467 955 mandatur,
2534 882 2610 939 ut
2672 877 2740 937 in
2786 876 3036 937 civitate
3081 881 3140 937 et
3184 872 3444 937 dioecesi
3496 873 3679 955 Traj.

840 985 1053 1067 eoeiyat
1096 989 1157 1046 et
1201 983 1470 1065 recipiat
1517 980 1677 1045 bona
1728 982 1936 1065 leyata
1972 1002 2101 1064 pro
2147 980 2507 1062 defensione
2560 980 2799 1044 Terrae
2845 980 3134 1045 Sanctae.

837 1166 1221 1233 Venerabili
1252 1166 1438 1231 fratri
1468 1166 1751 1232 Folkero
1784 1167 2092 1253 episcopo
2124 1165 2566 1232 Gibeletheno
2598 1166 2778 1250 (sic),
2811 1165 3168 1252 apostolice
3201 1166 3376 1231 sedis
3406 1168 3679 1249 nuncio,

615 1277 893 1342 salutem
938 1281 1048 1339 etc.

837 1383 1011 1447 Dum
1045 1381 1618 1446 ultramarinorum
1649 1379 2042 1445 insolencias
2077 1380 2430 1444 metuimus
2454 1380 2910 1461 Tartarorum,
2945 1378 3102 1444 dum
3132 1380 3680 1469 inhumanitates,

616 1492 854 1579 quibus
911 1488 1155 1555 Christi
1201 1485 1430 1551 fideles
1477 1486 1547 1550 in
1593 1485 1723 1549 illis
1768 1485 2066 1571 partibus
2114 1485 2603 1572 opprimuntur,
2662 1485 2949 1571 dumque
2996 1487 3309 1552 memorie
3357 1510 3684 1558 commen-

613 1599 871 1677 damus,
920 1594 1203 1683 qualiter
1248 1594 1423 1657 inter
1463 1599 1715 1657 ceteros
1746 1591 2049 1657 infideles
2081 1592 2328 1657 Turchi
2359 1590 2444 1657 ad
2477 1612 2748 1680 presens
2782 1592 3025 1657 christi
3059 1600 3128 1658 et
3159 1594 3681 1664 Christianorum

611 1705 835 1771 infesti
878 1707 1334 1790 persecutores
1382 1706 1449 1764 et
1495 1699 1721 1764 hostes
1761 1700 1829 1764 in
1871 1699 2294 1764 multitudine
2335 1700 2550 1785 gravi,
2595 1719 2818 1764 eorum
2853 1698 3018 1765 fines
3050 1703 3328 1786 egressi,
3376 1707 3674 1773 conflatis

620 1832 846 1878 eorum
885 1808 1133 1873 viribus
1173 1827 1292 1894 per
1324 1806 1730 1872 Sivirnorum
1757 1806 1811 1888 l)
1857 1812 1925 1872 et
1957 1805 2283 1871 Romanie
2316 1812 2537 1892 partes
2569 1805 2927 1870 maritimas
2956 1804 3286 1873 hostiliter
3316 1808 3684 1878 discurren-

612 1928 740 2001 tes,
789 1919 859 1982 in
899 1914 1257 1981 earundem
1291 1912 1519 1978 fideles
1550 1914 1836 1998 partium
1867 1913 2244 1977 immaniter
2276 1918 2582 1978 sternunt
2615 1932 2858 1998 eosque
2889 1914 3250 1979 innumeris
3281 1915 3581 2005 dampnis
3614 1927 3682 1985 et

605 2024 883 2111 jacturis
928 2021 1252 2101 afficiunt,
1303 2026 1454 2106 post
1500 2018 1838 2103 incendia,
1887 2020 2149 2106 rapinas
2182 2025 2252 2084 et
2284 2018 2521 2105 spolia,
2555 2039 2719 2106 quos
2751 2020 2974 2084 evadit
3004 2020 3262 2106 gladius
3294 2024 3680 2110 impiorum,

613 2133 792 2197 velut
851 2130 1048 2195 bruta
1107 2127 1336 2192 feralia
1397 2126 1876 2193 venumdantes
1939 2127 2275 2191 subiciunt
2340 2126 2695 2191 miserabili
2743 2126 3082 2210 servituti,
3146 2151 3264 2215 pro
3313 2134 3677 2215 cujusmodi

612 2239 1016 2325 captivorum
1064 2234 1518 2322 redemptione
1567 2240 1635 2299 et
1681 2235 1966 2321 partium
2015 2232 2317 2299 custodia
2362 2232 2807 2319 predictarum
2848 2253 3173 2318 expensas
3212 2237 3574 2303 cotidianas
3607 2247 3675 2306 et

611 2351 906 2432 sumptus
950 2342 1331 2428 impendere
1378 2363 1497 2429 pro
1545 2342 1793 2407 viribus
1831 2362 1951 2406 nos
1985 2346 2276 2428 oportet,
2311 2360 2495 2405 mens
2530 2344 2783 2421 estuat,
2817 2340 3084 2425 spiritus
3116 2346 3577 2411 contremescit
3611 2353 3680 2413 et

611 2458 965 2537 conceptus
1026 2450 1236 2514 nostri
1298 2449 1574 2513 nimium
1636 2449 2133 2513 contabescunt.
2230 2447 2404 2513 Sane
2467 2451 2727 2511 nostras
2789 2444 2871 2510 ad
2936 2467 3129 2511 aures
3192 2446 3673 2537 fidedignorum

613 2558 987 2624 testimonio
1031 2562 1135 2622 est
1171 2556 1593 2643 perductum,
1631 2555 1806 2642 quod
1845 2556 1914 2619 in
1956 2556 2221 2620 civitate
2265 2560 2334 2619 et
2374 2553 2618 2619 diocesi
2650 2552 3061 2638 TraJectensi
3100 2574 3235 2619 non
3273 2556 3530 2623 modica
3569 2582 3675 2626 res

611 2673 680 2731 et
725 2666 900 2730 bona
945 2664 1215 2728 mobilia
1261 2672 1329 2729 et
1373 2663 1735 2728 immobilia
1775 2684 1850 2727 ac
1882 2683 2001 2748 per
2033 2683 2103 2726 se
2137 2661 2472 2726 moventia
2501 2681 2620 2746 per
2650 2661 2827 2725 cives
2859 2669 2928 2725 et
2958 2662 3255 2726 incholas
3288 2665 3575 2732 civitatis
3607 2674 3678 2734 et

612 2772 886 2838 diocesis
925 2771 1366 2858 predictarum
1406 2769 1489 2835 ad
1526 2771 1899 2856 passagium
1934 2768 2432 2833 ultramarinum
2464 2788 2582 2832 seu
2612 2767 3175 2855 impugnationem
3207 2770 3675 2856 agrediendam

608 2879 883 2944 viriliter
945 2886 1173 2944 contra
1231 2876 1532 2943 infideles
1594 2879 1664 2942 in
1727 2878 1860 2941 suis
1921 2877 2169 2940 ultimis
2232 2875 2685 2941 voluntatibus
2747 2882 2816 2941 et
2876 2877 3036 2941 alias
3097 2876 3365 2943 fuerunt
3410 2882 3675 2966 relicta,

611 2985 852 3051 donata
898 2987 1002 3051 vel
1049 2987 1299 3071 legata,
1348 3006 1625 3072 quorum
1673 2983 1973 3049 nonnulli
2019 2983 2267 3070 posteri
2315 2982 2421 3047 vel
2466 2981 2745 3048 heredes
2792 2989 2909 3047 aut
2939 2983 3261 3049 bonorum
3292 2984 3669 3072 hujusmodi

613 3092 988 3159 detentores
1034 3096 1148 3159 illa
1195 3094 1452 3159 tradere
1500 3095 1591 3158 sic
1638 3094 1858 3179 legata
1896 3112 2013 3156 seu
2045 3091 2205 3155 alias
2241 3091 2573 3179 explicare
2606 3090 2746 3155 sedi
2776 3090 3164 3176 apostolice,
3216 3093 3321 3158 cui
3353 3097 3668 3182 competit

612 3202 682 3266 in
740 3202 864 3266 hac
918 3210 1105 3288 parte
1152 3223 1425 3284 munus,
1472 3200 1749 3288 proinde
1797 3221 1930 3264 non
1979 3205 2329 3280 curarunt,
2386 3197 2666 3284 quedam
2712 3198 2976 3264 sibimet
3021 3199 3104 3265 de
3153 3201 3281 3265 illis
3329 3201 3399 3266 in
3447 3222 3673 3268 eorum

611 3311 824 3374 anime
872 3309 1305 3395 prejudicium
1356 3306 1743 3395 applicando
1792 3313 1861 3372 et
1898 3305 2179 3392 quedam
2211 3306 2651 3371 irreverenter
2679 3304 2751 3369 in
2782 3304 3223 3392 predictorum
3255 3307 3673 3396 dispendium

610 3415 1090 3481 venumdando.
1140 3416 1276 3480 Nos
1322 3416 1551 3500 igitur,
1600 3415 1942 3499 cupientes
1990 3434 2093 3477 res
2142 3418 2211 3477 et
2252 3413 2428 3477 bona
2465 3410 2875 3496 hujusmodi,
2915 3418 2990 3477 ut
3031 3420 3365 3496 tenemur,
3412 3413 3494 3477 ad
3532 3415 3677 3502 pias

610 3529 676 3586 et
736 3523 1030 3587 salubres
1093 3543 1320 3587 causas
1384 3520 1709 3586 deducere
1770 3526 2162 3586 memoratas
2185 3569 2201 3601 ,
2251 3518 2650 3583 fraternitati
2698 3523 2811 3582 tue
2857 3538 2978 3605 per
3023 3520 3384 3604 apostolica
3430 3521 3674 3608 scripta

609 3629 991 3695 mandamus
1038 3635 1322 3710 attente,
1373 3629 1683 3714 quatinus
1728 3649 1847 3714 per
1895 3636 1961 3692 te
2008 3629 2112 3692 vel
2161 3627 2363 3691 alium
2412 3647 2531 3690 seu
2577 3626 2740 3690 alios
2788 3646 2986 3711 super
3032 3625 3158 3690 hiis
3205 3630 3555 3694 summarie
3603 3635 3672 3694 et

611 3734 691 3800 de
754 3736 949 3822 plano
1012 3737 1261 3821 absque
1319 3735 1597 3822 strepitu
1649 3742 1715 3800 et
1763 3735 1973 3820 figura
2011 3733 2286 3819 judicii,
2334 3733 2584 3797 vocatis
2631 3753 2796 3819 quos
2843 3732 3212 3798 evocandos
3260 3736 3554 3819 noveris,
3608 3742 3677 3800 te

607 3842 988 3925 informans,
1036 3842 1410 3928 hujusmodi
1457 3863 1561 3908 res
1609 3848 1677 3907 et
1708 3843 1884 3907 bona
1916 3861 2306 3928 quecunque
2338 3841 2618 3923 fuerint,
2652 3840 2872 3926 qualia
2902 3860 3019 3905 seu
3053 3848 3300 3927 quanta
3336 3863 3376 3906 a
3407 3843 3677 3928 quibus·

609 3966 865 4032 cunque
912 3946 1335 4012 detineantur
1372 3968 1488 4012 seu
1525 3947 1922 4029 debeantur,
1971 3946 2109 4010 sive
2142 3944 2314 4009 infra
2345 3945 2587 4009 limites
2620 3943 2939 4010 dictarum
2975 3945 3259 4010 civitatis
3292 3953 3362 4010 et
3393 3946 3673 4013 diocesis

616 4053 856 4119 fuerint
920 4075 1037 4119 seu
1098 4055 1256 4120 alibi
1318 4060 1879 4140 transportentur,
1945 4059 2169 4117 nostro
2234 4052 2501 4117 nomine
2563 4058 2823 4139 petere,
2872 4053 3139 4139 exigere
3187 4060 3256 4119 et
3300 4053 3547 4120 habere
3595 4077 3674 4121 ac

608 4159 828 4226 debite
876 4182 1260 4226 conservare
1308 4168 1378 4226 et
1423 4161 1786 4243 custodire,
1836 4161 2043 4225 donec
2090 4181 2130 4224 a
2162 4158 2321 4225 sede
2354 4159 2610 4246 prefata
2640 4161 2965 4246 receperis
2996 4160 3174 4225 aliud
3207 4161 3277 4225 in
3308 4161 3666 4245 mandatis,

610 4288 754 4331 cum
817 4268 1199 4352 integritate
1261 4288 1603 4353 procures3
1667 4265 2179 4332 contradictores
2236 4286 2660 4352 quoscunque
2707 4268 3101 4333 auctoritate
3149 4269 3508 4354 apostolica
3553 4290 3675 4356 per

608 4393 948 4439 censuram
995 4375 1530 4456 ecclesiasticam,
1579 4375 2019 4460 appellatione
2060 4375 2460 4460 postposita,
2501 4374 3008 4460 compescendo,
3047 4376 3348 4441 invocato
3391 4376 3475 4441 ad
3513 4378 3673 4458 hoc,

604 4480 659 4543 si
704 4501 869 4567 opus
906 4480 1132 4564 fuerit,
1173 4481 1419 4545 auxilio
1454 4480 1700 4545 brachii
1733 4480 2073 4562 secularis3
2108 4500 2244 4544 non
2279 4479 2615 4560 obstante,
2651 4480 2705 4543 si
2738 4479 3063 4566 aliquibus
3095 4483 3528 4547 communiter
3557 4484 3665 4550 vel

604 4585 860 4652 divisim
901 4610 941 4653 a
980 4588 1136 4653 sede
1176 4588 1475 4674 predicta
1514 4589 1600 4652 sit
1640 4587 2001 4670 indultum,
2045 4586 2221 4673 quod
2266 4586 2820 4651 excommunicari
2865 4587 2968 4651 vel
2998 4587 3303 4653 interdici
3337 4598 3675 4676 nequeant

603 4700 717 4758 aut
749 4693 1061 4779 suspendi
1093 4716 1210 4780 per
1239 4695 1495 4760 litteras
1525 4695 1916 4781 apostolicas
1948 4715 2082 4758 non
2116 4693 2434 4758 facientes
2464 4692 2729 4780 plenam
2761 4699 2831 4759 et
2854 4714 3231 4780 expressam
3254 4716 3330 4761 ao
3355 4696 3438 4762 de
3463 4698 3669 4763 verbo

602 4799 683 4863 ad
730 4801 1002 4865 verbum
1049 4800 1132 4865 de
1178 4800 1436 4865 indulto
1482 4798 1858 4886 hujusmodi
1904 4805 1973 4864 et
2019 4819 2248 4864 eorum
2295 4799 2670 4865 nominibus
2709 4820 2826 4865 seu
2859 4799 3196 4866 ordinibus
3231 4805 3663 4871 mencionem.

603 4904 739 4970 Nos
786 4907 962 4971 enim
1011 4907 1130 4971 tibi
1177 4906 1499 4972 liberandi
1545 4907 1803 4993 plenius
1850 4911 1918 4970 et
1964 4903 2266 4991 quitandi
2310 4905 2494 4989 illos,
2541 4927 2583 4971 a
2620 4906 2858 4993 quibus
2898 4928 3002 4972 res
3035 4914 3105 4973 et
3134 4909 3310 4975 bona
3339 4912 3671 4998 receperis

602 5019 986 5095 memorata,
1052 5011 1135 5077 de
1195 5013 1324 5077 illis
1371 5010 1863 5095 tantummodo,
1913 5032 2041 5098 que
2087 5012 2382 5098 recipere
2430 5017 2498 5077 te
2546 5014 2914 5100 continget,
2963 5015 3226 5101 plenam
3279 5025 3348 5082 et
3391 5019 3667 5084 liberam

606 5126 834 5184 tenore
877 5119 1290 5205 presencium
1336 5117 1752 5183 concedimus
1798 5118 2206 5182 facultatem.
2301 5117 2624 5182 Volumus
2671 5126 2891 5185 autem
2910 5167 2928 5203 ,
2975 5120 3150 5207 quod
3200 5121 3282 5186 de
3329 5123 3486 5207 hiis,
3535 5145 3670 5210 que

603 5222 842 5289 abinde
889 5231 956 5289 te
1003 5224 1293 5311 recipere
1340 5224 1693 5309 contigerit
1741 5231 1811 5289 et
1857 5225 2151 5311 quitare,
2200 5223 2334 5289 duo
2367 5224 2731 5290 consimilia
2762 5225 3024 5312 publica
3053 5228 3490 5292 instrumenta
3520 5228 3662 5293 fieri

600 5328 827 5411 facias,
870 5350 1146 5415 quorum
1184 5330 1389 5396 altero
1429 5351 1635 5418 penes
1677 5351 1840 5417 quos
1880 5337 2110 5417 tanget
2151 5329 2451 5413 dimisso,
2500 5332 2821 5417 reliquum
2861 5352 3116 5397 camere
3156 5339 3379 5398 nostre
3419 5335 3669 5398 mittas.

599 5433 751 5498 Dat.
797 5434 973 5522 apud
1018 5435 1501 5503 villamnovam
1546 5437 2017 5504 Avinionensis
2064 5436 2376 5519 diocesis,
2429 5437 2601 5504 VIII
2647 5437 2746 5502 Id.
2796 5437 2832 5503 J
2843 5438 3012 5522 unii,
3058 5458 3232 5502 anno
3286 5441 3584 5526 septimo.

1018 5569 1142 5632 περ.
1191 5569 1309 5620 Vat.
1352 5571 1406 5621 T.
1441 5569 1568 5634 241,
1604 5571 1667 5634 s.
1701 5568 1807 5620 67v.
2107 5570 2166 5634 1)
2202 5570 2393 5622 Sorbi?

822 5772 907 5830 11.
3368 5778 3442 5834 13
