4450 6684
857 537 989 601 318
2205 538 2587 603 Appnsnxx.

855 764 1102 825 statuto
1173 759 1299 823 sibi
1371 759 1650 825 termino
1723 780 1856 825 non
1926 762 2281 846 persolvit,
2345 759 2851 827 misericorditer
2898 760 3207 826 duximus
3255 759 3766 843 absolvendum,
3812 761 3942 826 has

853 866 975 930 sibi
1044 866 1300 931 litteras
1370 866 1582 953 sigillo
1655 868 2119 932 camerariatus
2190 869 2398 933 nostri
2470 868 2759 933 munitas
2821 868 2889 932 in
2957 867 3399 933 testimonium
3469 866 3923 935 concedentes.

850 973 1099 1039 Datum
1160 973 1527 1057 Avinione,
1592 974 1698 1040 die
1747 975 1958 1060 prima
2011 975 2395 1059 Februarii,
2448 996 2621 1041 anno
2669 975 2938 1041 Domini
2983 976 3331 1042 millesimo
3380 975 3566 1043 CCC.
3615 976 3926 1063 XXIIII,

852 1078 1214 1145 indictione
1261 1079 1432 1162 VII,
1480 1079 1904 1166 pontificatus
1952 1080 2345 1145 sanctissimi
2391 1082 2596 1168 patris
2644 1088 2713 1147 et
2757 1081 3006 1147 domini
3040 1084 3279 1166 nostri,
3329 1082 3576 1148 domini
3607 1082 3940 1150 Johannis

853 1186 1075 1252 divina
1120 1186 1535 1274 providentia
1580 1209 1750 1275 pape
1796 1187 2039 1271 XXII,
2089 1208 2263 1253 anno
2313 1194 2566 1254 octavo.

1268 1322 1591 1372 Bibliotheca
1627 1322 2007 1372 Bau-beriniano
2051 1325 2188 1373 Toni.
2223 1320 2539 1386 XXX-11,
2566 1324 2625 1388 s.
2662 1320 2767 1374 9:22.

845 1788 986 1856 111.
1813 1795 2031 1878 1324,
2079 1793 2425 1859 Februarii
2469 1797 2548 1878 5,
2595 1795 2958 1861 Avenionis.

1168 1947 1544 2012 Wilhelmus
1608 1948 1677 2012 S.
1745 1947 2001 2034 Cyriaci
2060 1950 2130 2013 in
2198 1948 2444 2014 Termis
2493 1950 2829 2034 presbyter
2880 1950 3278 2036 Cardinalis,
3330 1951 3397 2016 S.
3453 1951 3717 2039 Colleyii
3765 1953 3936 2018 Car*

1070 2053 1386 2118 dinatium
1433 2056 1858 2137 camerarius,
1908 2076 1949 2119 a
1995 2053 2297 2120 Johanne
2339 2054 2447 2136 (de
2490 2055 2705 2141 Dicet)
2750 2060 3032 2142 episcopo
3090 2056 3270 2141 Traj.
3319 2066 3609 2144 acceptas
3658 2067 3922 2124 testatur

1068 2179 1344 2224 summas
1390 2161 1566 2224 1050
1614 2168 1671 2225 et
1717 2162 1806 2225 46
1850 2161 2235 2242 florenorum
2281 2163 2470 2239 auri,·
2515 2161 2776 2226 eundem
2822 2184 2864 2227 a
2909 2167 3188 2229 censuris
3233 2164 3498 2231 absolvit
3543 2173 3616 2230 ut
3660 2186 3876 2251 supra.

1073 2343 1211 2408 Nos
1275 2344 1706 2427 Guillermus,
1769 2344 2187 2410 miseratione
2254 2345 2476 2411 divina
2539 2346 2713 2411 tituli
2775 2331 3001 2412 Sancti
3049 2346 3284 2412 Oiriaci
3331 2348 3401 2412 in
3447 2348 3701 2413 'Termis
3746 2370 3921 2434 pres·

848 2449 1040 2535 byter
1087 2448 1487 2534 Cardinalis,
1537 2451 1701 2515 sacri
1752 2451 2008 2536 collegii
2055 2451 2563 2518 reverendorum
2611 2459 2870 2539 patrum
2913 2452 3326 2518 dominorum
3359 2460 3584 2520 sancte
3618 2455 3918 2521 Romane

851 2556 1126 2621 ecclesie
1190 2556 1633 2622 Oardinalium
1699 2558 2123 2639 camerarius,
2184 2564 2413 2623 tenore
2459 2559 2871 2645 presencium
2917 2560 3443 2644 recognoscimus
3490 2566 3559 2625 et
3604 2560 3917 2644 fatemur,

857 2661 1031 2748 quod
1103 2663 1496 2729 venerabilis
1566 2669 1754 2750 pater
1815 2662 2119 2728 dominus
2182 2664 2525 2731 Johannes
2590 2665 2837 2730 electus
2885 2665 2954 2730 in
3004 2666 3384 2753 episcopum
3432 2667 3921 2752 TraJectensem

855 2790 972 2856 pro
1052 2777 1241 2856 parte
1311 2771 1410 2835 sui
1479 2771 1841 2835 communis
1912 2771 2205 2853 servicii,
2279 2772 2348 2836 in
2419 2793 2548 2858 quo
2617 2772 2871 2860 prefato
2942 2773 3218 2859 collegio
3287 2773 3676 2856 tenebatur,
3745 2774 3921 2839 mille

848 2882 1112 2941 centum
1177 2878 1655 2964 quinquaginta
1713 2878 1996 2943 florenos
2044 2879 2185 2944 auri
2233 2884 2301 2944 et
2346 2899 2464 2966 pro
2512 2885 2699 2965 parte
2747 2880 2996 2945 servitii
3042 2881 3458 2945 familiarium
3507 2880 3916 2946 dominorum

853 2983 1294 3049 Cardinalium
1357 2984 1799 3071 predictorum
1858 2984 2296 3071 quadraginta
2343 3007 2461 3051 sex
2508 2987 2789 3053 florenos
2837 2988 2978 3051 auri
3025 3007 3143 3073 per
3190 3008 3422 3052 manus
3469 2988 3763 3073 magistri
3809 2987 3940 3053 Jo-

846 3091 1088 3156 hannis
1160 3090 1240 3156 de
1310 3091 1606 3157 Fumone
1677 3092 1925 3157 domini
1994 3092 2177 3178 Pape
2246 3093 2610 3179 scriptoris,
2673 3093 3112 3180 procuratoris
3176 3095 3307 3175 sui,
3378 3095 3568 3159 nobis
3614 3115 3731 3180 pro
3778 3095 3919 3181 ipso

851 3199 1126 3284 collegio
1173 3199 1670 3285 recipientibus,
1720 3198 1883 3263 solvi
1931 3198 2115 3281 fecit,
2164 3198 2247 3264 de
2295 3200 2533 3285 quibus
2581 3199 2673 3264 sic
2707 3200 2938 3265 solutis
2970 3202 3184 3285 ipsum
3216 3201 3530 3285 electum,
3580 3202 3919 3266 ecclesiam

850 3312 918 3371 et
978 3326 1383 3372 successores
1444 3327 1595 3370 suos
1661 3311 1728 3371 et
1792 3327 2015 3370 eorum
2077 3306 2252 3371 bona
2315 3307 2551 3393 prefati
2602 3307 2858 3394 collegii
2906 3308 3172 3373 nomine
3220 3308 3616 3373 absolvimus
3665 3314 3733 3374 et
3779 3309 3918 3394 qui-

850 3419 1085 3478 tamus.
1179 3412 1459 3498 Insuper
1510 3414 1724 3500 ipsum
1774 3412 2151 3499 episcopum
2202 3413 2486 3478 electum
2533 3435 2574 3479 a
2619 3414 3065 3501 suspensionis
3112 3420 3182 3479 et
3228 3415 3922 3480 excommunicationis

851 3520 1196 3584 sententiis
1258 3539 1332 3583 ac
1394 3525 1583 3584 reatu
1646 3519 1956 3605 perjurii,
2021 3518 2196 3605 quod
2248 3525 2316 3583 et
2362 3540 2524 3606 quos
2571 3520 2846 3585 incurrit
2893 3527 3161 3607 propter
3208 3521 3602 3586 solutionem
3649 3520 3926 3607 predicti

851 3645 968 3710 per
1029 3647 1179 3690 eum
1241 3626 1541 3712 promissi
1604 3625 1860 3690 servicii
1922 3646 2057 3690 non
2105 3626 2344 3690 factam
2395 3628 2675 3692 termino
2723 3628 3121 3710 constituto,
3169 3629 3559 3693 auctoritate
3608 3649 3736 3714 qua
3781 3628 3923 3692 fun-

852 3733 1093 3817 gimur,
1142 3731 1450 3797 duximus
1496 3731 1992 3798 absolvendum.
2087 3733 2165 3796 In
2215 3734 2403 3818 cujus
2451 3733 2546 3799 rei
2595 3733 3040 3798 testimonium
3092 3740 3432 3820 presentes
3480 3734 3734 3798 litteras
3779 3733 3921 3799 fieri

853 3840 1125 3905 fecimus
1187 3846 1256 3905 et
1318 3839 1513 3926 sigilli
1575 3839 1783 3904 nostri
1846 3839 2250 3925 appensione
2312 3839 2571 3903 muniri.
2667 3839 2912 3904 Datum
2972 3838 3340 3924 Avinione,
3406 3839 3511 3905 die
3573 3840 3636 3907 V
3683 3841 3924 3905 mensis

847 3946 1224 4031 Februarii,
1274 3967 1446 4012 anno
1493 3946 1764 4012 Domini
1811 3952 1935 4010 etc.
1988 3952 2062 4009 ut
2112 3967 2309 4033 supra
2354 3967 2563 4032 usque
2614 3947 2682 4011 in
2730 3946 2949 4011 finem.

1272 4081 1482 4131 Ibidem.

848 4449 971 4559 IV.
1817 4491 2036 4573 1324,
2082 4488 2427 4553 Februarii
2470 4491 2551 4571 s,
2599 4490 2961 4554 Avenionis.
3053 4589 3062 4596 .

1174 4648 1552 4712 Gaucelmus
1632 4645 2001 4711 Cardinalis
2072 4644 2603 4729 poenitentiarius
2679 4643 3061 4724 confessario
3139 4641 3461 4708 Johannis
3538 4642 3644 4725 (de
3710 4642 3924 4727 Diest)

1073 4755 1346 4838 episcopi
1398 4753 1579 4835 Traj.
1628 4754 1954 4817 committit
1999 4752 2374 4833 facultatem
2420 4749 2831 4833 dispensandi
2877 4748 3137 4813 eundem
3182 4769 3375 4835 super
3416 4750 3923 4834 irreyularitate,

1081 4879 1274 4946 quam
1321 4861 1565 4924 ratione
1610 4861 1852 4924 servitii
1901 4860 2242 4923 communis
2292 4863 2561 4941 tempore
2606 4855 2806 4920 debito
2853 4854 3132 4920 nondum
3166 4857 3488 4941 persoluti
3535 4857 3829 4922 incurrit.

1082 5039 1476 5107 Gaucelmus
1540 5040 1957 5105 miseratione
2020 5037 2244 5103 divina
2305 5038 2482 5103 tituli
2547 5037 2937 5103 Sanctorum
2992 5038 3357 5104 Marcellini
3405 5045 3474 5104 et
3519 5038 3704 5104 Petri
3749 5059 3926 5125 pres-

854 5152 1047 5236 byter
1111 5148 1476 5215 Cardinalis
1538 5149 1820 5214 discreto
1882 5148 2021 5212 viro
2080 5193 2096 5211 .
2130 5194 2145 5210 .
2204 5145 2561 5212 confessori
2606 5144 3000 5211 venerabilis
3046 5146 3262 5211 fratris
3312 5145 3557 5211 domini
3603 5146 3925 5213 Johannis

856 5257 983 5323 Dei
1030 5256 1245 5342 gratia
1291 5257 1481 5321 electi
1530 5255 1894 5321 confirmati
1941 5254 2385 5340 Trajectensis
2434 5252 2712 5316 salutem
2761 5253 2828 5317 in
2880 5252 3181 5317 Domino.

1083 5363 1188 5428 Ex
1248 5369 1434 5450 parte
1494 5363 1700 5451 ipsius
1761 5361 1953 5427 electi
2015 5360 2205 5425 nobis
2253 5358 2552 5425 exhibita
2597 5359 2830 5445 petitio
2879 5360 3300 5444 continebat,
3360 5358 3534 5445 quod
3583 5360 3722 5447 ipse
3771 5359 3923 5425 olim

854 5493 972 5559 pro
1034 5492 1150 5554 eo,
1216 5469 1388 5557 quod
1438 5470 1777 5535 servitium
1826 5469 2100 5534 Camere
2150 5466 2397 5532 domini
2443 5467 2626 5552 Pape
2674 5471 2741 5531 et
2788 5466 3063 5552 collegio
3111 5465 3620 5532 reverendorum
3665 5471 3958 5552 patrum.

857 5578 1267 5644 dominorum
1333 5577 1774 5643 cardinalium
1832 5582 2055 5641 sancte
2116 5575 2417 5640 Romane
2467 5573 2777 5656 ecclesie,
2826 5574 2896 5638 in
2943 5595 3073 5661 quo
3123 5572 3473 5639 tenebatur
3521 5573 3802 5656 eisdem,
3850 5574 3925 5638 in

863 5685 987 5749 sibi
1055 5683 1307 5770 prefixo
1377 5684 1656 5748 termino
1728 5703 1861 5747 non
1930 5681 2279 5768 persolvit,
2353 5680 3048 5745 excommunicationis
3110 5681 3233 5765 (et)
3288 5681 3732 5767 suspensionis
3780 5700 3925 5744 sen-
