4450 6684
1912 545 2404 610 In‘rnonucrlo.
3445 556 3682 604 xxxix

630 764 1136 853 Egmundanus,
1184 769 1260 830 ut
1304 765 1480 830 intra
1527 784 1717 829 suum
1756 762 2227 828 monasterium
2265 760 2489 825 altaris
2529 763 2915 846 paramenta
2951 756 3345 824 benedicere
3381 758 3680 842 possent,

634 868 759 936 sibi
807 871 1071 957 suisque
1119 868 1602 934 successoribus
1646 865 2026 953 impetravit
2070 867 2347 949 (numm.
2396 864 2559 948 480,
2608 865 2789 948 487).
2854 861 3253 929 Conceditur
3300 860 3571 946 insuper
3612 859 3684 923 in

630 973 865 1040 iisdem
912 972 1285 1060 diplomatis
1332 972 1639 1055 facultas,
1694 990 1976 1058 „pueros
2022 970 2146 1035 sub
2192 969 2477 1054 regulari
2520 968 2755 1033 habitu
2799 966 3047 1033 ibidem
3076 966 3367 1031 victuros
3399 963 3682 1029 clericali

633 1076 1006 1145 caractere”
1049 1075 1471 1163 insigniendi.
1548 1075 1733 1140 Haec
1781 1079 2004 1139 autem
2049 1073 2362 1157 facultas,
2406 1077 2482 1138 ut
2531 1071 2812 1138 subditis
2850 1073 2984 1137 suis
3017 1076 3355 1135 tonsuram
3386 1067 3683 1133 conferre

633 1186 903 1270 possent
963 1181 1238 1247 abbates
1299 1179 1703 1267 presbyteri,
1758 1179 1899 1264 jam
1960 1177 2285 1243 affirmata
2329 1182 2431 1242 est
2477 1197 2518 1241 8
2564 1175 2830 1262 Synodo
2877 1174 3288 1257 Ν10801181),
3345 1178 3544 1260 atque
3589 1173 3686 1237 ita

636 1286 999 1353 clericalem
1062 1284 1358 1350 ordinem
1416 1304 1649 1349 revera
1711 1282 2031 1367 conferri,
2093 1282 2451 1365 declarayit
2511 1281 2941 1347 Innocentius
2987 1301 3160 1367 papa
3202 1278 3309 1344 ΙΠ
3339 1279 3414 1362 2).
3508 1277 3684 1363 Ergo

634 1390 836 1457 verba
897 1410 1093 1476 supra
1134 1386 1405 1454 laudata
1450 1407 1584 1452 non
1631 1386 2004 1472 significant
2049 1408 2297 1451 novum
2345 1385 2520 1472 quod
2569 1391 2640 1451 et
2680 1386 3019 1450 insolitum
3065 1384 3520 1471 privilegium,
3569 1381 3686 1447 sed

635 1494 860 1560 abbati
888 1491 1324 1579 Egmundano
1357 1491 1737 1556 facultatem
1768 1492 1909 1575 jam
1942 1492 2269 1556 communi
2296 1492 2450 1576 jure
2482 1493 2963 1577 competentem
2995 1508 3306 1575 expresse
3339 1487 3686 1552 affirmant.

810 1699 847 1790 ξ
896 1704 958 1767 3.
1050 1701 1509 1766 Facultates
1558 1720 1866 1783 sacrae,
1914 1697 2370 1786 privilegia,
2423 1697 3064 1784 dispensationes
3109 1697 3190 1761 in
3237 1700 3511 1760 nostra

1234 1804 1588 1871 dioecesi
1633 1826 1674 1869 a
1721 1804 2053 1870 Summis
2099 1802 2643 1867 Pontificibus
2690 1806 3086 1887 erogatae.

860 2013 1082 2099 Hujus
1128 2013 1388 2099 generis
1433 2012 1503 2077 in
1550 2012 1843 2077 Bullario
1892 2010 2303 2096 Trajectensi
2349 2010 2698 2097 multiplex
2746 2015 2847 2075 est
2894 2009 3198 2074 varietas.
3286 2008 3493 2074 Porro
3540 2028 3690 2072 cum

637 2118 957 2184 nonnulla
1021 2117 1364 2204 privilegia
1432 2118 1652 2203 aliqua
1713 2115 2156 2203 explicatione
2216 2114 2515 2200 indigere
2577 2112 2962 2198 videantur,
3028 2112 3109 2178 de
3171 2112 3253 2177 iis
3308 2111 3688 2198 singulatim

637 2208 709 2286 ot¹
750 2220 1016 2308 quidem
1063 2220 1291 2286 ordine
1339 2220 1753 2308 alphabetico
1800 2224 2083 2284 tractare
2128 2222 2442 2304 praestat.

857 2325 942 2391 A.
1036 2325 1471 2390 Absolutionis
1504 2326 1842 2410 plenariae
1885 2324 1957 2388 in
2004 2322 2279 2389 articulo
2327 2322 2555 2386 mortis
2601 2321 3051 2407 privilegium,
3112 2320 3376 2386 tametsi
3421 2320 3688 2385 nomine
3711 2340 3971 2392 absolutio
4003 2341 4106 2406 plo-

636 2429 722 2494 ab
786 2428 1217 2515 indulgentiis
1285 2427 1541 2512 differt,
1611 2449 1683 2493 re
1755 2432 1978 2493 tamen
2047 2447 2204 2493 vera
2271 2424 2505 2490 iisdem
2560 2430 2782 2512 potest
2827 2424 3257 2512 aequiparari.
3349 2423 3462 2490 Nil
3509 2424 3686 2490 enim
3723 2410 3862 2528 ἓξὲξ
3877 2410 4081 2528 &offi-

636 2531 814 2599 aliud
885 2533 1221 2599 continere
1288 2532 1551 2598 videtur
1619 2530 1998 2617 hujusmodi
2067 2529 2484 2617 privilegium
2555 2550 2750 2616 quam
2812 2529 2925 2614 jus
2995 2527 3281 2615 eligendi
3348 2528 3472 2593 sibi
3535 2549 3689 2594 con-

638 2637 951 2703 fessorem
1013 2636 1377 2723 quemlibet
1436 2635 1748 2701 idoneum
1812 2633 2249 2718 sacerdotem,
2314 2634 2426 2720 qui
2487 2632 2968 2719 indulgentiam
3029 2632 3390 2720 plenariam
3444 2632 3694 2698 tribuat

636 2741 708 2805 in
768 2741 1040 2805 articulo
1103 2741 1350 2805 mortis.
1447 2740 1641 2805 Hanc
1702 2745 1922 2805 autem
1990 2737 2306 2825 erogandi
2350 2737 2628 2804 facultas
2676 2742 2932 2802 tantum
2979 2737 3388 2803 confessariis
3434 2758 3475 2802 8
3519 2736 3694 2803 Sede

637 2844 1021 2932 Apostolica
1080 2845 1450 2931 specialiter
1512 2844 1595 2909 ad
1654 2843 1722 2909 id
1786 2842 2119 2931 deputatis
2166 2863 2324 2907 sane
2374 2842 2690 2928 competit
2719 2842 2804 2926 3),
2854 2841 2969 2906 8οᾶ
3011 2840 3246 2925 hodie,
3292 2842 3419 2906 nisi
3464 2842 3691 2926 fallor,

638 2969 771 3013 una
814 2970 963 3013 cum
1008 2954 1337 3036 potestate
1385 2947 1858 3035 subdelegandi
1906 2947 2179 3033 singulis
2227 2946 2552 3033 episcopis
2601 2945 2945 3012 ordinariis
2985 2947 3435 3012 committitur.
3493 2946 3692 3013 Unde

636 3052 707 3117 in
775 3059 1002 3119 nostra
1067 3054 1299 3118 saltem
1369 3054 1704 3140 provincia
1769 3051 2242 3137 Ultrajectensi
2313 3050 2586 3116 cuilibet
2654 3048 2977 3116 sacerdoti
3045 3071 3268 3116 curam
3329 3051 3693 3117 animarum

636 3155 945 3240 habenti,
1012 3156 1492 3242 indulgentiam
1562 3157 1920 3244 plenariam
1990 3156 2061 3220 in
2131 3155 2407 3220 articulo
2476 3155 2705 3219 mortis
2773 3175 2908 3220 non
2976 3156 3215 3239 8011101,-
3271 3153 3386 3221 sed
3435 3156 3692 3241 quoties

639 3266 1033 3348 oportunum
1079 3260 1280 3326 fuerit
1299 3309 1317 3344 ,
1363 3260 1782 3348 impertiendi
1827 3259 2104 3325 facultas
2151 3260 2235 3325 ab
2283 3258 2609 3324 ordinario
2657 3257 2938 3323 conferri
2983 3258 3171 3324 solet.

858 3364 1250 3450 Antiquitas
1294 3385 1451 3430 vero
1500 3364 1851 3429 admodum
1896 3384 2090 3450 parce
2140 3364 2272 3428 tale
2319 3362 2765 3450 privilegium,
2796 3360 3106 3448 idemque
3137 3383 3272 3427 non
3304 3363 3690 3449 confessori,

636 3467 751 3534 sed
796 3468 923 3556 ipsi
968 3469 1156 3553 quus
1201 3468 1553 3534 interesset
1597 3468 1966 3555 poenitenti
2013 3466 2372 3532 concedere
2420 3467 2762 3532 Romanae
2809 3467 3030 3533 curiae
3078 3488 3220 3532 mos
3252 3473 3413 3533 erat.
3479 3468 3689 3536 Immo

637 3572 872 3654 etiam,
940 3571 1131 3636 initio
1199 3571 1370 3637 hanc
1438 3572 1715 3658 gratiam
1783 3571 2045 3636 nonnisi
2114 3572 2411 3657 personis
2482 3592 2724 3658 genere
2786 3572 2893 3639 vel
2941 3571 3263 3658 dignitate
3325 3575 3692 3661 conspicuis

637 3681 970 3761 erogatam
1015 3675 1215 3740 fuisse
1260 3675 1627 3741 Bullatium
1674 3675 1984 3740 ostendit.

862 3779 1008 3843 Tali
1053 3778 1374 3845 beneficio
1430 3780 1623 3866 primi
1669 3780 1882 3845 ornati
1926 3779 2241 3865 leguntur
2285 3778 2400 3865 qui
2446 3778 2529 3844 de
2573 3779 2814 3844 illustri
2858 3781 3250 3868 principum?
3277 3781 3692 3849 Gelrensium

638 3883 972 3969 prosapia,
1019 3883 1119 3948 uti
1164 3887 1299 3949 tres
1345 3884 1519 3950 filiae
1567 3882 1896 3971 Reynaldi
1941 3883 1977 3947 I
2022 3883 2311 3966 comitis,
2359 3882 2745 3969 Reynaldus
2789 3883 2862 3949 ΙΙ
2908 3886 3180 3971 ejusque
3211 3906 3382 3950 uxor
3413 3887 3688 3974 Sophia,

635 3985 963 4051 Eleonora
1036 3987 1369 4052 comitissa
1443 3989 1716 4071 (numm.
1793 3989 2186 4070 732-734,
2262 3988 2427 4069 768,
2500 3988 2693 4071 951);
2764 3987 2891 4074 ipsi
2961 4009 3223 4075 quoque
3291 3980 3690 4056 Hollandiae

637 4091 944 4174 comites,
1004 4091 1105 4155 uti
1168 4090 1566 4157 Wilhelmus
1611 4091 1719 4156 III
1765 4096 1834 4158 et
1878 4090 2187 4157 Johanna
2234 4090 2317 4156 de
2360 4090 2653 4156 Vallesio
2701 4092 2980 4175 conjux,
3031 4091 3429 4158 Wilhelmus
3472 4093 3577 4161 IV
3621 4102 3691 4161 et

636 4192 945 4262 Johanna
1004 4193 1086 4259 de
1148 4194 1511 4260 Brabantia
1569 4197 1842 4280 (numm.
1909 4188 2075 4279 931,
2142 4197 2311 4277 932,
2379 4196 2574 4279 987);
2622 4194 2890 4261 tandem
2936 4197 3213 4282 praelati
3259 4197 3689 4287 principales,

639 4299 737 4363 uti
796 4298 1136 4364 Johannes
1199 4298 1281 4363 de
1345 4299 1645 4364 Oratorio
1707 4299 1774 4367 b.
1838 4298 2088 4364 Mariae
2149 4300 2561 4386 praepositus
2627 4304 2696 4365 et
2748 4298 2794 4364 J
2797 4299 3090 4365 ohannes
3152 4300 3234 4367 de
3295 4302 3504 4368 Arkel
3551 4306 3690 4394 epi-

637 4423 872 4489 scopus
916 4404 1189 4486 (numm.
1244 4404 1451 4484 1037,
1507 4405 1715 4485 1066,
1768 4403 1991 4485 1105).
2083 4403 2331 4468 Postea
2373 4403 2550 4468 inter
2592 4403 2921 4490 principes
2966 4409 3225 4470 nostros
3269 4404 3445 4471 idem
3491 4409 3690 4495 privi-

633 4506 880 4592 legium
948 4505 1174 4593 adepti
1240 4510 1396 4571 sunt
1461 4506 1858 4572 Wilhelmus
1926 4506 2028 4572 IV
2096 4527 2315 4571 comes
2382 4526 2622 4591 magno
2693 4527 2841 4572 cum
2910 4508 3224 4574 comitatu
3291 4510 3364 4575 in
3417 4511 3688 4579 Terram

638 4609 945 4675 Sanctam
1014 4610 1463 4697 profecturus,
1533 4609 1919 4698 Reynaldus
1987 4609 2094 4675 ΠΙ
2163 4608 2303 4674 dux
2371 4610 2634 4677 Gelriae
2688 4616 2760 4676 et
2801 4611 3011 4677 Maria
3056 4615 3336 4700 conjux,
3383 4615 3693 4685 Johanna

638 4713 720 4780 de
765 4713 1128 4780 Brabantia
1172 4720 1367 4800 atque
1413 4713 1786 4801 Margareta
1833 4714 1916 4780 de
1960 4714 2245 4780 Bavaria
2291 4714 2662 4779 comitissae
2707 4713 3129 4802 Hannoniae,
3175 4718 3388 4784 Maria
3431 4719 3692 4789 ducissa

637 4818 971 4886 Gelrensis
1016 4819 1292 4903 (numm.
1345 4819 1553 4901 1092,
1607 4820 1817 4903 1267,
1871 4819 2078 4903 1424,
2133 4820 2344 4902 1437,
2398 4819 2619 4902 1759).

860 4920 1272 4987 Procedente
1334 4926 1558 4987 autem
1618 4927 1913 5009 tempore
1972 4922 2097 4988 1180
2156 4922 2227 4987 111
2291 4922 2503 5008 gratia
2565 4922 2988 4989 concedenda
3031 4926 3240 4993 multo
3284 4927 3690 4997 liberaliores

636 5024 922 5091 Romani
989 5024 1345 5090 Pontifices
1415 5046 1488 5090 80
1558 5024 2008 5092 ostenderunt.
2100 5027 2533 5094 Peccatorum
2603 5028 2676 5092 in
2747 5030 2974 5094 mortis
3036 5030 3310 5097 articulo
3356 5034 3688 5119 plenariae

638 5129 1037 5196 remissionis
1083 5129 1499 5217 privilegium
1544 5151 1680 5196 non
1725 5131 1938 5196 solum
1981 5131 2417 5219 principibus,
2458 5131 2575 5197 sed
2613 5131 2946 5197 nobilibus
2977 5155 3238 5222 quoque
3269 5135 3688 5204 inferioribus

641 5233 898 5320 elargiti
967 5239 1157 5317 sunt,
1219 5234 1321 5298 uti
1381 5233 1741 5301 Wilhelmo
1804 5234 1980 5301 dicto
2039 5236 2277 5302 Vriese
2337 5235 2603 5301 domino
2665 5234 2749 5301 de
2810 5235 3129 5304 Oestinde
3192 5239 3467 5326 ejusque
3529 5248 3688 5308 nato

806 5584 864 5649 1)
898 5583 1108 5634 Decreti
1142 5584 1311 5648 prima
1346 5598 1470 5647 pars
1503 5583 1636 5635 nist.
1671 5583 1856 5636 LXIX.
1892 5599 2006 5649 cap.
2040 5585 2089 5637 1.
2401 5587 2458 5652 2)
2493 5588 2699 5640 Decret.
2737 5586 2888 5654 Greg.
2922 5586 3038 5638 Lib.
3071 5585 3112 5638 1.
3149 5586 3250 5639 Tit.
3284 5586 3424 5639 XIV.
3457 5603 3573 5655 cap.
3605 5591 3668 5642 11

804 5679 863 5745 3)
897 5679 1002 5731 cfr.
1036 5678 1249 5729 Rituale
1281 5678 1561 5730 Romanum
1592 5679 1694 5731 Tit.
1730 5681 1791 5733 V.
1825 5695 1938 5745 cap.
1972 5681 2021 5734 6.
