4450 6684
921 494 1051 558 176
2222 491 2557 559 Unsmus
2602 493 2687 558 V.

913 713 1117 781 1885.
1687 715 1902 796 1370,
1952 713 2191 777 Martii
2240 714 2319 797 1,
2369 713 2605 777 Romae
2650 735 2757 799 ap.
2808 714 2875 778 S.
2925 715 3215 779 Petrum.

1229 867 1550 954 Mayistro
1598 869 1798 933 Petro
1844 867 2096 932 Villani
2132 889 2415 932 camerae
2446 871 2827 953 apostolicae
2856 870 3145 934 auditori
3175 870 3544 954 mandatur,
3592 880 3666 936 ut
3695 872 3985 938 Johanni

1141 974 1217 1038 de
1264 975 1618 1039 Ausilhaco
1663 982 1722 1038 et
1770 974 1969 1039 Petro
2017 973 2170 1056 Kos
2204 982 2357 1037 nato
2405 975 2728 1059 quondam
2771 975 2961 1040 Petri
2995 976 3317 1041 Balduini
3360 977 3437 1041 de
3475 977 3693 1061 Mare,
3743 980 3985 1044 clericis

1143 1081 1595 1146 Lemovicensis
1641 1089 1701 1145 et
1756 1079 2175 1162 Trajectensis
2221 1081 2450 1163 dioec.,
2503 1082 2948 1148 tabellionatus
2995 1083 3282 1166 officium
3327 1084 3639 1167 conferat.

1137 1264 1239 1329 Ne
1287 1267 1807 1327 contractuum..
1835 1309 1850 1326 .
1881 1309 1896 1326 .
1946 1261 2098 1326 Dat.
2149 1262 2364 1327 Rome
2409 1263 2582 1350 apud
2635 1264 2949 1330 Sanctum
2992 1265 3306 1349 Petrum,
3354 1266 3464 1331 Kl.
3499 1266 3755 1349 Martii,
3807 1288 3975 1332 anno

913 1376 1168 1435 octavo.

1332 1488 1456 1550 Ray.
1490 1489 1588 1538 Ac.
1632 1488 1686 1537 T.
1720 1483 1812 1548 23,
1836 1487 1897 1549 f.
1933 1484 2070 1535 308⁸.

905 1925 1102 1994 1886.
1659 1929 1868 2010 1370,
1918 1928 2154 1993 Martii
2199 1931 2317 2013 19,
2366 1930 2604 1995 Romae
2650 1952 2755 2014 ap.
2807 1930 2873 1994 S.
2923 1931 3213 1995 Petrum.

1220 2082 1594 2147 Hermanno
1655 2082 1814 2148 Rost
1874 2083 1950 2147 de
2011 2084 2342 2148 Boccheim
2396 2084 2805 2150 baccalaureo
2851 2088 2921 2149 in
2969 2086 3233 2150 decretis
3278 2094 3337 2150 et
3382 2088 3452 2150 in
3479 2090 3641 2167 jure
3683 2089 3973 2152 canonico

1129 2190 1410 2254 studenti
1474 2191 1896 2273 conferuntur
1965 2193 2374 2255 canonicatus
2437 2199 2496 2256 et
2563 2192 2940 2274 decanatus,
3008 2195 3074 2256 in
3134 2194 3388 2257 ecclesia
3435 2192 3502 2256 S.
3553 2192 3741 2257 Petri
3793 2193 3972 2274 Trai.

1127 2305 1417 2361 vacantes
1468 2317 1592 2382 per
1650 2296 1885 2361 obitum
1936 2295 2278 2380 Godefridi
2322 2297 2399 2361 de
2447 2298 2760 2362 Nersdom
2793 2300 2842 2382 ¹)
2892 2299 3241 2364 Guillermi
3285 2301 3561 2384 episcopi
3605 2299 3965 2365 Sabinensis

1125 2404 1476 2488 capellani,
1526 2405 1595 2467 in
1641 2406 1824 2467 curia
1868 2402 2157 2484 defuncti
2172 2426 2196 2482 ,·
2259 2406 2441 2486 cujus
2486 2405 2831 2469 decanatus
2878 2405 3166 2469 redditus
3215 2408 3348 2470 200
3391 2406 3779 2487 florenorum
3825 2410 3974 2471 auri

1122 2511 1397 2574 valorem
1444 2530 1729 2574 annuum
1775 2532 1900 2576 non
1949 2511 2272 2575 excedunt.
2325 2549 2406 2559 —
2459 2510 2875 2597 Deputantur
2921 2521 3292 2578 executores.

1120 2695 1525 2760 Litterarum
1590 2694 1885 2760 scientia.
1915 2742 1931 2759 .
1960 2742 1975 2757 .
2005 2744 2021 2758 .
2096 2694 2253 2760 Dat.
2318 2694 2532 2760 Romo
2595 2693 2770 2780 apud
2835 2694 3154 2760 Sanctum
3217 2693 3528 2777 Petrum,
3592 2695 3802 2760 XIIII
3859 2696 3965 2761 Kl.

894 2802 1181 2889 Aprilis,
1230 2822 1405 2868 anno
1455 2807 1710 2868 octavo.

1314 2938 1442 3003 Ray.
1476 2938 1573 2988 Ao.
1618 2940 1672 2987 T.
1708 2936 1797 3000 22,
1825 2939 1887 3002 s.
1922 2936 2037 2988 115.

1046 3082 1103 3146 1)
1139 3082 1309 3133 Codex
1344 3082 1528 3133 habet:
1566 3083 1630 3133 de
1664 3082 1974 3133 Nersdorm.

886 3505 1076 3573 1887.
1722 3508 1931 3589 1370,
1979 3507 2152 3589 Maji
2195 3508 2277 3589 4,
2326 3527 2432 3592 ap.
2482 3505 3121 3587 Montemflasconem.

1199 3663 1493 3728 Johanni
1551 3663 1627 3726 de
1673 3661 2070 3726 Ambrevilla
2115 3660 2540 3742 conferuntur
2586 3665 2996 3725 canonicatus
3041 3668 3103 3724 et
3135 3660 3505 3744 praebenda
3549 3663 3838 3726 ecclesiae
3887 3662 3956 3727 S.

1108 3770 1431 3836 Johannis
1500 3770 1718 3851 Traj.,
1780 3789 1942 3855 quas
1998 3789 2135 3832 cum
2184 3768 2485 3833 Johanne
2532 3768 2608 3832 de
2653 3769 2891 3833 Platea
2925 3788 3056 3853 pro
3102 3767 3415 3831 similibus
3461 3771 3528 3832 in
3577 3770 3835 3834 ecclesia
3882 3769 3951 3834 S.

1120 3876 1492 3961 Walburqis
1539 3876 1894 3941 Furnensis
1938 3874 2329 3939 Morinensis
2368 3876 2557 3940 dioec.
2593 3878 2855 3959 putavit
2883 3874 3371 3960 permutandus.
3420 3912 3501 3923 —-
3541 3876 3960 3961 Deputantur

1105 3992 1475 4049 executores.

1102 4168 1488 4254 Apostolice
1535 4167 1729 4233 sedis.
1759 4215 1774 4230 .
1805 4214 1820 4230 .
1852 4214 1866 4229 .
1917 4166 2070 4230 Dat.
2121 4165 2298 4251 apud
2348 4164 3037 4246 Montemflasoonem,
3085 4162 3228 4228 IIII
3274 4164 3444 4228 Non.
3497 4163 3685 4248 Maji,
3734 4165 3953 4251 ponti-

877 4274 1110 4340 ficatus
1160 4275 1367 4339 nostri
1417 4294 1591 4338 anno
1641 4280 1895 4337 oetam.

1298 4408 1421 4469 Ray.
1456 4408 1554 4455 Αυ.
1599 4408 1651 4455 Τ.
1689 4405 1775 4468 22,
1805 4407 1863 4469 s.
1900 4404 2017 4455 169.

871 4842 1063 4912 1888.
1690 4843 1897 4925 1370,
1947 4843 2123 4925 Maji
2164 4845 2290 4924 11,
2340 4863 2446 4927 ap.
2495 4841 3133 4923 Montemfiasconem.

1191 4996 1481 5061 Ger-ardo
1527 4996 1603 5060 de
1648 4995 2075 5079 Bronchorst,
2142 4995 2326 5081 „qui,
2377 4999 2451 5057 ut
2497 4995 2835 5076 asseritur,
2888 4995 2959 5057 in
2998 4994 3152 5078 jure
3199 4993 3370 5059 bono
3419 4994 3691 5076 sontis’',
3738 4995 3951 5078 confe-

1098 5112 1337 5168 runtur
1381 5105 1817 5185 canonicatus,
1854 5100 2222 5186 praebenda
2268 5109 2328 5166 et
2377 5100 2819 5183 thesauraria,
2868 5101 2937 5163 in
2969 5101 3222 5164 ecclesia
3254 5099 3324 5163 S.
3358 5099 3718 5166 Salvator-is
3758 5101 3943 5187 Traj.

1082 5233 1208 5297 per
1254 5210 1486 5275 obitum
1532 5209 1855 5275 Johannis
1905 5209 2243 5273 Grawaert
2289 5215 2579 5270 vacantes
2628 5214 2688 5269 et
2732 5207 2833 5270 die
2862 5208 2900 5270 1
2938 5206 3227 5292 Anqusti
3257 5227 3364 5270 an.
3398 5208 3579 5272 1369
3609 5208 3949 5273 donationi

1092 5319 1257 5383 sedis
1333 5318 1714 5402 apostolicae
1790 5323 2178 5394 reservatae;
2253 5335 2416 5400 quas
2488 5320 2696 5378 tamen
2763 5335 2903 5378 cum
2975 5313 3350 5397 obtinuerit,
3410 5317 3939 5400 praeposituram

1090 5426 1379 5491 ecclesiae
1426 5423 1493 5488 S.
1544 5423 1736 5488 Petri
1788 5423 2004 5506 Traj.,
2052 5422 2128 5486 de
2175 5443 2309 5507 qua
2355 5422 2518 5506 ipsi,
2573 5422 2777 5486 literis
2823 5429 3032 5485 autem
3079 5442 3271 5507 super
3319 5421 3432 5487 hoc
3477 5423 3758 5488 nondum
3804 5445 3950 5488 con-

1089 5533 1302 5615 fectis,
1341 5533 1675 5616 provisum
1724 5537 1840 5612 est,
1890 5530 2141 5592 omnino
2188 5529 2493 5592 dimittat.
2546 5563 2630 5575 —
2680 5525 3099 5611 Deputantur
3147 5536 3534 5613 executores,
3580 5531 3748 5593 inter
3787 5550 3948 5615 quos

1092 5640 1289 5724 Huyo
1352 5638 1619 5702 Uustinc
1664 5638 2001 5700 canonicus
2056 5633 2240 5717 Traj.
