4450 6684
935 473 1067 538 222
2188 473 2592 540 Gnneonms
2635 471 2758 538 XL
2779 435 2790 445 ’

932 693 1123 761 2077.
1771 695 1981 777 1372,
2029 695 2315 780 Auyusti
2359 697 2479 777 15,
2526 715 2632 779 ap.
2688 694 3171 760 Villamnovam.

1250 849 1557 914 Albertus
1615 848 1751 912 dux
1795 849 2118 913 Bavariae
2162 858 2481 933 monetur,
2529 858 2601 915 ut
2647 853 2717 916 in
2763 853 3063 916 comitatu
3113 849 3502 915 Harmoniae
3545 857 3770 914 contra
3817 850 4000 915 liber-

1160 964 1347 1021 tatem
1395 957 1869 1021 ecclesiasticam
1917 956 2084 1021 nihil
2127 963 2391 1021 attentet
2439 958 2536 1021 vel
2579 959 2889 1022 attentari
2932 957 3156 1039 faeiat.

1156 1139 1418 1205 Dilecto
1467 1139 1602 1203 filio
1649 1140 1858 1204 nobili
1903 1141 2044 1205 viro
2091 1140 2373 1206 Alberto
2423 1139 2574 1206 duci
2621 1140 2903 1207 Bavarie
2953 1141 3239 1206 salutem
3289 1148 3399 1205 etc.

1155 1245 1380 1312 Glorie
1440 1247 1799 1334 perhennis
1856 1248 2136 1313 obtentu
2185 1246 2268 1312 ad
2316 1248 2438 1312 hoc
2485 1248 2748 1313 intenta
2796 1254 2912 1313 tua
2961 1246 3163 1313 debet
3207 1247 3439 1313 haberi
3485 1247 3865 1331 sinceritas,
3892 1254 3987 1333 ‚ut

927 1354 1201 1419 libertas
1247 1352 1692 1418 ecclesiastica
1736 1353 1961 1437 vigeat
2007 1359 2102 1434 et,
2155 1355 2209 1417 si
2257 1373 2297 1418 a
2344 1359 2411 1418 te
2458 1353 2564 1418 vel
2612 1353 2693 1417 ab
2742 1353 2962 1439 aliquo
3011 1352 3425 1418 subditorum
3465 1359 3729 1418 tuorum
3763 1358 3987 1419 contra

927 1462 1107 1526 illam
1171 1457 1491 1546 quidquid
1553 1459 1985 1545 presumitur,
2047 1459 2211 1524 illud
2277 1465 2392 1524 tue
2455 1459 2877 1547 providencie
2941 1460 3206 1524 favente
3264 1459 3557 1524 subsidio
3605 1460 3984 1545 corrigatur.

924 1567 1099 1634 Sane
1146 1588 1358 1652 nuper
1404 1565 1832 1652 displicenter
1878 1567 2279 1652 accepimus,
2328 1566 2504 1653 quod
2551 1567 2622 1631 in
2653 1567 2970 1631 comitatu
3001 1566 3267 1632 Anonie
3299 1567 3483 1650 (sic),
3532 1566 3719 1649 cujus
3753 1566 3985 1650 guber-

924 1680 1119 1739 nator
1164 1674 1426 1756 existis,
1476 1681 1610 1737 tam
1656 1692 1776 1759 per
1820 1677 1887 1737 te
1935 1694 2133 1759 quam
2182 1693 2300 1759 per
2347 1673 2703 1737 nonnullos
2750 1673 3060 1738 officiales
3108 1678 3179 1738 et
3224 1670 3526 1737 subditos
3572 1676 3723 1737 tuos
3764 1678 3989 1737 contra

921 1803 1238 1871 personas
1286 1780 1764 1847 ecclesiasticas
1811 1802 1886 1845 ac
1933 1781 2248 1845 ecclesias
2296 1785 2367 1845 et
2413 1781 2926 1845 ecclesiasticam
2969 1780 3350 1845 libertatem
3383 1780 3771 1867 quamplura
3802 1800 3985 1845 usur·

922 1895 1166 1977 pantur
1211 1894 1280 1954 et
1328 1890 1526 1953 etiam
1575 1889 2098 1970 committuntur,
2148 1888 2232 1953 de
2279 1888 2520 1974 quibus
2569 1889 2890 1953 nonnulla
2936 1888 3007 1952 in
3058 1886 3293 1953 cedula
3331 1887 3750 1972 presentibus
3790 1888 3987 1952 inter·

925 1996 1107 2059 clusa
1167 1995 1609 2059 continentur.
1707 1993 2029 2069 Quocirca
2092 1994 2507 2058 nobilitatem
2557 2000 2740 2058 tuam
2788 1994 3146 2080 rogandam
3194 1993 3507 2058 duximus
3552 1994 3875 2058 attentius
3922 1999 3988 2058 et

926 2101 1354 2183 hortandam,
1426 2102 1737 2188 quatinus
1806 2100 2081 2189 provide
2146 2100 2606 2183 considerans,
2672 2100 2849 2187 quod
2911 2108 3175 2186 gratum
3242 2102 3329 2166 sit
3390 2101 3564 2187 Regi
3623 2122 3892 2185 regum,
3938 2102 3988 2165 si

925 2211 1069 2295 ejus
1137 2208 1453 2273 ministris
1520 2209 1732 2273 honor
1802 2208 2065 2273 debitus
2124 2206 2548 2293 impendatur
2612 2213 2680 2272 et
2743 2229 2940 2293 quam
3003 2195 3348 2294 acceptum
3394 2208 3466 2272 in
3515 2207 3737 2273 divine
3786 2208 3986 2273 oculis

924 2315 1343 2402 magestatis,
1409 2316 1463 2379 si
1522 2315 1794 2379 libertas
1842 2314 2289 2379 ecclesiastica
2336 2320 2798 2396 conservetur,
2847 2336 2964 2400 pro
3014 2321 3242 2379 nostra
3290 2320 3359 2380 et
3405 2316 3766 2403 apostolice
3815 2314 3984 2380 sedis

924 2421 1301 2486 reverentia
1363 2441 1438 2485 ac
1500 2421 1709 2485 eciam
1772 2420 1869 2484 tui
1919 2420 2185 2484 honoris
2238 2425 2306 2485 et
2352 2420 2585 2485 salutis
2631 2421 2881 2485 intuitu
2911 2420 3307 2505 hujusmodi
3351 2421 3728 2487 libertatem
3778 2420 3981 2486 eccle·

928 2528 1258 2592 siasticam
1321 2533 1655 2613 tamquam
1720 2528 1998 2592 ecclesie
2053 2528 2357 2592 Romane
2406 2527 2685 2592 devotus
2737 2527 2910 2592 filius
2958 2548 3355 2593 conservans
3401 2549 3442 2592 a
3488 2528 3992 2614 quibuscunque

928 2634 1414 2720 gravaminibus
1463 2643 1530 2698 et
1576 2636 1922 2720 presertim
1971 2635 2039 2699 in
2088 2633 2267 2698 dicta
2316 2634 2551 2698 cedula
2597 2636 2963 2717 contentis,
3016 2635 3376 2699 venerabili
3424 2634 3613 2698 fratri
3650 2640 3876 2699 nostro
3926 2680 3942 2697 .
3974 2680 3989 2697 .

926 2742 1232 2828 episcopo
1282 2741 1741 2806 Cameracensi
1790 2750 1857 2806 et
1906 2742 2049 2825 ejus
2091 2742 2368 2806 ecclesie
2402 2742 2771 2826 ceterisque
2802 2741 3101 2825 personis
3135 2741 3595 2806 ecclesiasticis
3624 2738 3978 2806 inferendis

927 2869 1195 2934 prorsus
1260 2848 1597 2912 abstineas
1661 2868 1736 2911 ac
1787 2847 2095 2912 officiales
2145 2855 2213 2911 et
2263 2846 2562 2911 subditos
2612 2852 2759 2910 tuos
2806 2847 3139 2913 abstinere
3186 2848 3390 2912 facias
3435 2854 3635 2933 atque
3684 2846 3989 2930 mandes3

926 2953 998 3018 in
1043 2953 1378 3039 premissis
1426 2954 1629 3017 talem
1677 2959 1744 3018 te
1792 2952 2136 3037 habende,
2189 2951 2364 3039 quod
2414 2953 2586 3017 circa
2634 2961 2699 3016 te
2744 2960 2969 3017 nostra
3001 2954 3454 3019 benivolentia
3484 2973 3619 3019 non
3651 2954 3983 3018 minuatur

930 3066 1034 3125 set
1094 3061 1315 3147 potius
1376 3066 1880 3145 augmentetur,
1944 3067 2012 3125 et
2075 3081 2233 3143 nos,
2291 3061 2403 3146 qui
2451 3059 2666 3125 eidem
2716 3060 3024 3146 episcopo
3075 3065 3144 3125 et
3189 3061 3488 3146 personis
3533 3060 3985 3125 ecclesiasticis

928 3164 998 3229 in
1037 3165 1330 3249 justitia,
1380 3166 1448 3228 in
1497 3186 1628 3250 qua
1665 3186 1888 3228 sumus
1922 3165 2226 3230 omnibus
2261 3164 2629 3246 debitores,
2681 3164 3060 3228 nullatenus
3096 3164 3325 3230 deesse
3357 3165 3748 3251 poterimus,
3797 3185 3984 3251 super

929 3271 1055 3336 hoc
1102 3270 1447 3358 providere
1494 3271 1688 3335 aliter
1719 3291 1855 3335 non
1886 3292 2214 3356 cogamur.
2267 3271 2422 3337 Dat.
2457 3271 2631 3357 apud
2665 3272 3150 3336 villamnovam
3183 3272 3652 3337 Avinionensis
3684 3271 3985 3354 diocesis,

933 3378 1173 3442 XVIII
1220 3378 1328 3442 Kl.
1382 3377 1824 3464 Septembris,
1874 3399 2047 3442 anno
2096 3378 2411 3442 secundo.

1351 3513 1570 3574 segesta
1618 3511 1873 3560 Vaticana
1915 3513 1967 3561 T.
2004 3510 2130 3574 268,
2154 3513 2214 3576 f.
2253 3511 2368 3563 178.

2168 3778 2758 3786 ...—-.-——..———————-

932 3978 1127 4046 2078.
1755 3982 1969 4063 1372,
2016 3983 2304 4067 Auqusti
2346 3985 2465 4065 18,
2515 4004 2617 4067 ap.
2682 3982 3170 4049 Villamnovam.

1150 4147 1155 4154 ’
1248 4134 1573 4199 Franconi
1632 4135 1706 4198 de
1768 4134 2075 4199 Borsalia
2140 4138 2333 4200 militi
2391 4139 2647 4222 ejusque
2693 4141 2882 4202 uxori
2927 4137 3148 4202 Norae
3205 4138 3516 4203 nobilibus
3573 4138 3757 4224 Traj.
3803 4142 3981 4209 dioec.

1158 4242 1515 4307 conceditur
1548 4242 1961 4327 privileyium
1995 4244 2335 4327 plenariae
2371 4252 2777 4330 peccatorum
2823 4247 3205 4311 remissionis
3252 4248 3321 4310 in
3367 4248 3639 4312 articulo
3686 4252 3923 4314 mortis.

1157 4425 1474 4490 Provenit
1534 4446 1639 4490 ex.
1671 4472 1685 4488 .
1717 4473 1731 4489 .
1761 4473 1775 4489 .
1838 4425 1992 4490 Dat.
2055 4426 2231 4512 apud
2280 4427 2764 4493 Villamnovam
2811 4428 3288 4494 Avinionensis
3338 4428 3652 4513 diocesis,
3703 4431 3835 4498 XV
3880 4430 3979 4496 Kl.

936 4530 1379 4617 Septembris,
1430 4550 1602 4594 anno
1653 4529 1966 4595 secunde.

1352 4664 1477 4726 ιαμ.
1509 4664 1606 4713 Aa.
1653 4666 1706 4711 T.
1746 4662 1834 4726 11,
1862 4665 1925 4727 s.
1956 4663 2070 4714 556.

2182 4926 2340 4932 --—.
2353 4927 2762 4937 -——-———-

934 5131 1392 5201 2079-2081.
1757 5134 1971 5215 1372,
2019 5134 2305 5220 Auqusti
2348 5137 2472 5218 19,
2522 5157 2628 5221 ap.
2691 5135 3173 5202 Villamnovam.

1250 5290 1333 5356 A.
1405 5287 1674 5353 Nicolao
1721 5287 1948 5353 Jacobi
1981 5291 2354 5374 praeposito
2401 5293 2769 5355 monasterii
2815 5291 3234 5357 Dulcisvallis
3280 5294 3525 5359 ordinis
3554 5295 3980 5361 Praemonstr.

1168 5398 1347 5481 Traj.
1394 5398 1586 5462 dioec.
1635 5395 1798 5459 idem
1831 5397 2270 5482 privileyium.

1245 5505 1325 5569 B.
1392 5504 1556 5569 Item
1619 5502 1903 5568 Waltero
1948 5502 2272 5569 Johannis
2318 5506 2575 5590 qusque
2618 5506 2808 5569 uxori
2850 5504 3252 5571 Katherinae
3305 5506 3487 5592 Traj.
3535 5507 3724 5573 dioec.

1251 5610 1321 5675 O.
1392 5609 1553 5674 Item
1599 5608 1836 5674 Jacobo
1898 5609 2225 5675 Wilhelmi
2255 5611 2655 5676 Alkedorens
2686 5613 2943 5697 ejusque
2972 5615 3163 5677 uxori
3193 5613 3551 5680 Katerinae
3590 5612 3772 5697 Traj.
3805 5614 3980 5680 dioec.
