4450 6684
909 503 1041 565 226
2154 500 2557 565 Gxxeomcs
2601 500 2722 566 XI.

1124 720 1402 785 Dilectis
1448 719 1599 784 filiis
1645 720 1854 785 sancti
1902 718 2170 804 Georgii
2204 719 2616 785 coloniensis
2653 727 2722 786 et
2757 720 2952 788 beate
2984 721 3193 788 Maris
3225 724 3672 807 Trajectensis
3703 723 3965 791 decanis

900 848 977 893 ac
1024 827 1479 893 archidiacono
1524 825 1920 892 Alnisiensis
1950 825 2004 909 l)
2052 827 2540 892 xanctonensis
2586 829 3008 895 ecclesiarum
3054 831 3336 896 salutem
3381 838 3492 895 etc.

1127 932 1445 998 Exhibita
1487 932 1678 998 nobis
1725 953 1843 1019 pro
1890 937 2078 1019 parte
2126 932 2351 997 dilecti
2398 933 2517 998 filii
2565 933 2842 1000 Gerardi
2889 934 2972 1001 de
3017 936 3139 1022 Zyl
3170 936 3468 1003 canonici
3499 938 3775 1004 ecclesie
3807 939 3964 1003 Tra-

901 1041 1220 1127 jectensis
1265 1039 1507 1127 peticio
1556 1038 1975 1120 continebat,
2024 1037 2199 1125 quod
2248 1040 2388 1125 ipse
2436 1037 2684 1105 dudum
2726 1041 2796 1106 in
2829 1061 3028 1108 causa
3058 1064 3177 1130 per
3208 1063 3360 1108 eum
3391 1049 3620 1108 contra
3651 1042 3969 1110 decanum

901 1152 971 1212 et
1016 1146 1376 1232 capitulum
1429 1144 1602 1210 dicte
1650 1145 1956 1227 ecclesie,
2005 1145 2117 1231 qui
2166 1144 2415 1210 dictum
2464 1144 2830 1211 Gerardum
2877 1168 2916 1211 a
2964 1150 3389 1234 perceptione
3430 1170 3968 1236 quorumcunque

902 1253 1268 1334 fructuum,
1313 1249 1692 1316 reddituum
1730 1256 1799 1316 et
1842 1252 2433 1317 emolumentorum
2466 1254 2888 1318 canonicatus
2921 1259 2990 1319 et
3020 1254 3358 1342 prebende
3392 1277 3467 1320 ac
3500 1256 3969 1341 supplementi,

900 1381 1032 1447 que
1087 1359 1262 1424 idem
1310 1358 1641 1424 Gerardus
1688 1358 1760 1422 in
1805 1355 1983 1423 dicta
2030 1357 2308 1423 ecclesia
2353 1358 2668 1424 canonice
2722 1359 3095 1442 obtinebat,
3144 1358 3441 1426 indebite
3490 1361 3967 1448 suspenderant

903 1488 978 1531 ac
1024 1466 1238 1553 ipsum
1288 1486 1327 1529 a
1375 1464 1612 1529 divinis
1660 1464 1889 1528 officiis
1936 1485 2012 1528 ac
2061 1486 2101 1528 a
2145 1485 2306 1530 voce
2356 1464 2702 1553 capitulari
2749 1474 2817 1530 et
2853 1486 2895 1531 a
2923 1468 3348 1554 perceptione
3379 1468 3711 1532 fructuum
3743 1468 3968 1552 hujus-

898 1574 1077 1642 modi
1148 1575 1572 1639 canonicatus
1644 1579 1712 1639 et
1784 1572 2119 1659 prebende
2190 1594 2267 1639 ac
2339 1574 2779 1660 supplementi
2846 1580 3076 1640 contra
3112 1576 3448 1659 justiciam
3497 1577 3855 1662 spoliarant
3897 1596 3975 1641 ac

900 1683 1355 1748 canonicatum
1429 1687 1497 1746 et
1565 1681 1968 1768 prebendam
2038 1702 2114 1746 ac
2187 1681 2719 1768 supplementum
2779 1680 3157 1766 hujusmodi
3221 1688 3654 1767 occuparant,
3717 1682 3964 1746 fructus

900 1788 1324 1877 percipiendo
1372 1808 1460 1853 ex
1507 1788 1633 1870 eis,
1679 1794 1860 1852 mota
1905 1794 1974 1853 et
2022 1808 2239 1853 coram
2288 1786 2560 1853 diversis
2609 1788 3019 1853 auditoribus
3065 1809 3409 1854 causarum
3442 1789 3676 1874 palacii
3707 1794 3965 1874 aposto·

899 1894 1012 1958 lici
1074 1893 1328 1958 diucius
1395 1915 1483 1958 ex
1546 1893 1999 1958 commissione
2067 1893 2430 1979 apostolica
2477 1894 2831 1977 ventilata,
2896 1901 3031 1959 tres
3076 1916 3196 1982 pro
3246 1915 3316 1959 se
3366 1900 3435 1959 et
3481 1900 3711 1958 contra
3758 1894 3967 1958 dictos

901 2000 1220 2067 decanum
1288 2007 1355 2065 et
1421 1999 1782 2087 capitulum
1838 1998 2219 2064 diffinitivas
2269 2000 2673 2083 sententias,
2720 2021 2837 2087 per
2885 2021 3048 2086 quas
3093 1998 3267 2065 idem
3317 1999 3651 2066 Gerardus
3698 2000 3782 2065 ad
3830 2021 3974 2087 per-

903 2109 1273 2197 ceptionem
1338 2108 1706 2191 fructuum,
1770 2107 2147 2173 reddituum
2208 2112 2279 2171 et
2339 2107 2930 2172 emolumentorum
2998 2105 3359 2172 eorundem
3422 2107 3849 2173 canonicatus
3903 2112 3972 2173 et

905 2214 1240 2302 prebende
1289 2236 1364 2279 ac
1412 2213 1851 2301 supplementi
1899 2214 2245 2279 restitutus
2293 2219 2362 2278 et
2410 2213 2851 2298 reintegratus
2899 2213 3025 2278 fuit
3047 2263 3063 2296 ,
3113 2212 3522 2300 predictique
3569 2211 3857 2278 decanus
3901 2218 3972 2278 et

901 2321 1262 2407 capitulum
1324 2321 1394 2384 in
1458 2320 1777 2385 fructibus
1823 2340 1942 2404 per
1987 2340 2100 2384 eos
2149 2339 2267 2383 seu
2315 2339 2538 2383 eorum
2586 2319 2851 2383 nomine
2900 2339 2986 2383 ex
3034 2317 3224 2383 dictis
3273 2319 3662 2384 canonicatu
3710 2324 3779 2383 et
3825 2339 3970 2404 pre·

902 2426 1122 2493 benda
1167 2448 1241 2491 ac
1290 2428 1750 2513 supplemento
1797 2425 2125 2512 perceptis
2173 2430 2243 2490 et
2287 2425 2360 2489 in
2407 2426 2716 2510 expensis
2762 2427 2887 2508 (in)
2932 2424 3310 2508 hujusmodi
3358 2445 3555 2490 causa
3592 2425 3782 2490 factis
3814 2447 3966 2490 con-

901 2533 1237 2621 dempnati
1299 2534 1604 2616 fuerunt,
1668 2534 2029 2619 reportavit
2094 2538 2161 2596 et
2225 2552 2422 2617 super
2485 2533 2879 2597 executione
2937 2530 3316 2616 hujusmodi
3363 2532 3844 2596 sententiarum
3891 2553 3965 2597 ac

902 2643 1107 2708 eciam
1164 2643 1492 2707 fructuum
1550 2647 2008 2730 perceptorum
2056 2646 2126 2706 et
2172 2640 2381 2705 eciam
2429 2660 2868 2725 expensarum
2916 2639 3390 2726 predictarum,
3440 2659 3571 2725 que
3620 2638 3703 2702 ad
3750 2643 3965 2702 certas

898 2751 1292 2813 florenorum
1357 2769 1642 2814 summas
1691 2752 1917 2812 taxate
1965 2747 2258 2829 fuerant,
2308 2745 2389 2810 ad
2439 2767 2555 2809 vos
2603 2747 2726 2810 sub
2775 2751 2956 2810 certa
3001 2745 3209 2810 forma
3255 2745 3510 2810 litteras
3557 2744 3969 2830 impetravit,

900 2862 1138 2941 tuque,
1213 2856 1307 2919 fili
1385 2854 1878 2937 archidiacone,
1949 2852 2127 2917 solus
2195 2852 2266 2916 in
2327 2851 2705 2936 hujusmodi
2770 2851 3188 2917 execucionis
3248 2851 3610 2936 procedens
3657 2850 3969 2935 negocio,

898 2962 1254 3026 nonnullos
1317 2981 1660 3047 processus
1722 2959 1936 3024 fecisti
1981 2959 2052 3022 in
2099 2957 2342 3022 talibus
2388 2957 2530 3022 fieri
2578 2964 2963 3041 consuetos,
3022 2978 3295 3023 monens
3342 2959 3517 3022 inter
3562 2963 3784 3022 cetera
3828 2978 3974 3042 pre-

905 3068 1076 3132 fatos
1123 3068 1441 3131 decanum
1492 3071 1559 3132 et
1606 3066 1992 3153 capitulum,
2044 3072 2119 3129 ut
2165 3064 2336 3129 infra
2382 3070 2596 3129 certos
2643 3065 3117 3151 peremptorios
3167 3064 3478 3129 terminos
3519 3069 3969 3150 competentes

901 3180 1059 3239 tunc
1122 3194 1467 3259 expressos
1528 3172 1894 3259 predictum
1962 3170 2327 3236 Gerardum
2390 3170 2471 3236 ad
2522 3172 3013 3257 perceptionem
3060 3172 3425 3253 fructuum,
3476 3170 3853 3235 reddituum
3900 3175 3969 3234 et

901 3280 1491 3344 emolumentorum
1556 3277 1874 3342 dictorum
1935 3277 2359 3342 canonicatus
2435 3282 2502 3341 et
2548 3276 2881 3362 prebende
2931 3298 3004 3341 ac
3054 3277 3495 3362 supplementi
3542 3277 3970 3342 restituerent

911 3392 979 3451 et
1048 3385 1529 3469 reintegrarent
1591 3405 1667 3448 ac
1715 3383 1797 3447 de
1846 3382 2158 3469 predictis
2206 3384 2534 3469 perceptis
2581 3382 2931 3466 fructibus,
2978 3384 3050 3447 in
3098 3384 3365 3469 quibus,
3415 3389 3490 3447 ut
3534 3383 3967 3469 premittitur,

906 3491 1368 3576 condempnati
1430 3489 1726 3571 fuerant,
1791 3511 1865 3553 ac
1930 3489 2327 3552 florenorum
2393 3489 2660 3552 summis
2720 3509 2837 3573 pro
2885 3489 3077 3553 dictis
3125 3489 3434 3575 expensis
3482 3488 3971 3570 satisfacerent3

899 3596 1191 3682 alioquin
1260 3597 1330 3658 in
1401 3594 1720 3659 decanum
1794 3600 1862 3658 et
1934 3594 2298 3678 singulares
2366 3593 2715 3657 canonicos
2782 3593 2954 3659 dicte
3015 3594 3289 3659 ecclesie
3338 3615 3413 3659 ac
3460 3592 3972 3658 contradictores

899 3704 1061 3768 alios
1110 3702 1437 3788 quoslibet
1486 3707 1553 3765 et
1598 3700 1878 3765 rebelles
1913 3700 2617 3763 excommunicacionis
2650 3699 2718 3762 in
2753 3699 3142 3785 capitulum,
3187 3699 3632 3786 suspensionis
3664 3699 3734 3763 in
3767 3699 3973 3763 eccle·

897 3810 1061 3874 siam
1122 3809 1617 3892 Trajectensem
1679 3805 2043 3892 predictam
2110 3803 2442 3868 interdicti
2507 3805 2879 3869 sentencias
2925 3805 3420 3891 promulgabas3
3479 3812 3546 3870 et
3594 3805 3770 3891 quod
3817 3805 3974 3870 licet

898 3937 1242 4004 processus
1287 3912 1666 3998 hujusmodi
1714 3911 1796 3976 ad
1848 3912 2138 3997 ipsorum
2186 3911 2418 3975 decani
2467 3916 2535 3975 et
2574 3911 2843 3997 capituli
2877 3911 3317 3977 indubitatam
3350 3912 3771 3998 pervenerint
3803 3911 3973 3975 noti-

897 4022 1103 4105 ciam,
1169 4025 1390 4083 tamen
1453 4017 1732 4105 predicti
1798 4017 2084 4081 decanus
2147 4023 2215 4081 et
2273 4017 2634 4103 capitulum
2682 4017 2752 4081 in
2802 4018 3153 4103 reprobum
3202 4039 3465 4082 sensum
3513 4017 3685 4100 dati,
3733 4016 3973 4101 spretis

895 4125 1307 4214 processibus
1379 4130 1447 4189 et
1517 4123 1999 4188 monicionibus
2069 4121 2448 4206 hujusmodi
2513 4123 2729 4187 claves
2794 4123 3067 4188 ecclesie
3133 4123 3697 4209 contempnendo,
3755 4121 3971 4186 eidem

895 4232 1249 4297 monicioni
1297 4252 1526 4318 parere
1575 4230 2050 4294 contumaciter
2095 4234 2485 4293 recusarunt
2533 4228 2880 4314 eidemque
2929 4230 3222 4295 Gerardo
3270 4230 3353 4296 de
3400 4230 3776 4315 hujusmodi
3822 4250 3971 4315 per-

902 4339 1109 4426 ceptis
1179 4338 1498 4402 fructibus
1569 4341 1637 4400 et
1708 4335 1789 4400 de
1858 4334 2171 4420 predictis
2235 4337 2634 4399 florenorum
2698 4336 2966 4400 summis
3029 4358 3145 4422 pro
3205 4337 3398 4401 dictis
3445 4336 3753 4422 expensis
3800 4335 3970 4400 infra

898 4445 1145 4509 dictum
1216 4443 1568 4507 terminum
1639 4442 1743 4506 vel
1815 4441 2021 4504 eciam
2085 4446 2235 4526 post
2297 4439 2672 4505 satisfacere
2735 4462 2868 4504 non
2934 4446 3250 4506 curarunt
3322 4463 3538 4527 neque
3599 4447 3833 4506 curant
3897 4441 3965 4504 in

899 4550 1261 4615 animarum
1331 4569 1597 4611 suarum
1667 4545 2069 4633 periculum,
2143 4545 2500 4631 apostolice
2571 4545 2745 4610 sedis
2808 4552 3298 4633 contemptum,
3359 4547 3638 4635 predicti
3686 4546 3963 4613 Gerardi

896 4654 1330 4744 prejudicium
1401 4660 1468 4717 et
1538 4651 1916 4716 scandalum
1986 4652 2449 4737 plurimorum3
2515 4657 2782 4738 propter
2848 4652 3024 4738 quod
3088 4659 3194 4735 tu,
3253 4653 3346 4717 fili
3393 4653 3640 4718 decane
3688 4653 3962 4718 ecclesie

899 4764 1096 4827 beate
1143 4759 1380 4840 Maris,
1430 4765 1495 4822 te
1544 4755 1998 4820 archidiacone
2039 4763 2196 4821 tunc
2236 4757 2305 4820 in
2338 4756 2604 4820 remotis
2637 4763 2908 4842 agente,
2955 4778 3300 4843 processus
3334 4757 3709 4843 hujusmodi
3739 4779 3969 4843 aggra-

898 4867 1103 4948 vasti,
1166 4864 1436 4949 justicia
1506 4863 1837 4945 exigente.
1933 4861 2151 4936 Quare
2221 4883 2339 4947 pro
2403 4867 2589 4947 parte
2653 4861 2809 4926 dicti
2873 4863 3150 4928 Gerardi
3217 4864 3407 4929 nobis
3462 4864 3587 4929 fuit
3632 4864 3968 4928 humiliter

898 4971 1368 5057 supplicatum,
1417 4975 1492 5031 ut
1537 4966 1881 5053 providere
1931 4966 2056 5030 sibi
2102 4988 2298 5053 super
2343 4967 2468 5031 hoc
2517 4966 2599 5032 de
2633 4975 2956 5053 oportuno
2990 4968 3280 5034 remedio
3315 4969 3752 5054 dignaremur.
3827 4968 3965 5033 Nos

896 5079 1157 5162 itaque,
1205 5075 1409 5161 ipsius
1457 5072 1731 5138 Gerardi
1776 5072 2371 5158 supplicacionibus
2403 5074 2734 5157 inclinati,
2787 5072 3173 5139 discrecioni
3204 5082 3420 5140 vestre
3455 5096 3571 5162 per
3603 5075 3967 5160 apostolica

900 5183 1142 5268 scripta
1202 5180 1618 5263 mandamus,
1684 5180 1992 5264 quatinus
2055 5198 2171 5241 vos
2231 5178 2335 5242 vel
2384 5177 2515 5242 duo
2564 5185 2680 5243 aut
2727 5201 2898 5244 unus
2944 5186 3235 5245 vestrum
3281 5202 3399 5264 per
3446 5202 3563 5246 vos
3609 5181 3715 5244 vel
3761 5182 3964 5247 alium

898 5311 1016 5355 seu
1064 5289 1255 5371 alios,
1302 5287 1613 5373 legitimis
1661 5306 1857 5372 super
1904 5284 2028 5349 hiis
2065 5305 2185 5370 per
2221 5306 2370 5368 vos,
2411 5286 2868 5350 archidiacone
2910 5291 2979 5352 et
3017 5285 3266 5352 decane
3298 5293 3522 5352 sancte
3553 5287 3791 5370 Maris,
3841 5288 3966 5371 (in)

894 5394 1271 5481 hujusmodi
1319 5394 1735 5460 execucionis
1781 5392 2057 5478 negocio
2093 5391 2367 5474 habitis,
2417 5393 2689 5457 servatis
2722 5394 3167 5479 processibus,
3216 5399 3412 5479 prout
3442 5395 3700 5478 justum
3731 5394 3959 5477 fuerit,

892 5502 965 5565 in
1013 5500 1245 5566 eodem
1284 5493 1564 5585 =negocio
1610 5498 2015 5586 procedatis,
2068 5498 2269 5582 juxta
2314 5495 2752 5582 predictarum
2803 5498 3195 5563 directarum
3242 5498 3428 5564 vobis
3475 5499 3957 5566 continenciam

895 5608 1297 5691 litterarum,
1356 5607 1660 5672 invocato
1724 5605 1806 5670 ad
1869 5604 2027 5686 hoc,
2091 5603 2147 5667 si
2209 5623 2373 5689 opus
2417 5604 2650 5687 fuerit,
2708 5605 2956 5669 auxilio
3004 5604 3254 5669 brachii
3300 5606 3647 5689 secularis,
3698 5613 3956 5671 contra-
