4450 6684
1838 495 2327 559 In'rnonucrm.
3559 515 3606 560 v

775 712 984 797 Ergo,
1048 712 1103 774 si
1165 710 1233 774 in
1298 710 1674 775 universum
1737 716 2114 796 computare
2176 710 2512 794 volumus,
2578 711 2750 776 inter
2810 711 3033 776 literas
3096 711 3362 798 papales
3426 713 3605 776 2292

548 817 925 881 Bullarium
981 815 1162 897 Traj.
1211 813 1487 880 exhibet
1534 813 1941 901 autographa
1991 816 2148 879 184:
2197 834 2424 879 verum
2472 814 2701 901 utique
2750 816 3114 901 specimen,
3164 835 3249 879 ex
3293 836 3422 901 quo
3465 816 3604 880 solo

550 920 875 1005 conjicere
936 919 1128 1002 licet,
1195 917 1624 1004 diplomatum
1686 922 2096 982 vetustorum
2155 918 2404 1003 copiam
2456 918 2805 982 maximam
2853 917 3252 1005 procedente
3302 924 3601 1005 tempore

546 1023 908 1111 deperiisse
957 1028 1025 1087 et
1072 1019 1265 1087 modo
1313 1026 1569 1107 partem
1618 1021 1925 1106 exiguam
1975 1021 2163 1085 nobis
2211 1041 2354 1085 esse
2404 1019 2754 1085 residuam.

772 1126 843 1193 b.
902 1125 1206 1191 Breviter
1266 1123 1531 1189 tandem
1598 1122 1946 1188 dicendum
2012 1129 2112 1188 est
2176 1122 2257 1188 de
2321 1125 2741 1212 apographis,
2801 1125 3043 1211 quippe
3092 1125 3328 1210 quibus
3376 1124 3592 1190 fontes
3653 1139 3962 1204 Apographa.

548 1237 811 1296 nostros
858 1227 1122 1295 aliunde
1173 1248 1366 1315 quam
1415 1248 1502 1292 ex
1549 1227 1812 1292 archivo
1858 1227 2183 1292 Vaticano
2233 1227 2654 1316 depromptos
2694 1228 2820 1293 rite
2863 1229 3173 1314 compleri
3206 1250 3403 1315 supra
3436 1228 3599 1294 dixi.

551 1334 949 1420 Hujusmodi
989 1339 1211 1398 autem
1255 1335 1409 1396 sunt
1449 1352 1617 1416 61166
1655 1330 1835 1395 vario
1876 1332 2293 1417 appellantur
2335 1333 2628 1397 nomine:
2674 1331 3013 1416 Vidimus,
3059 1337 3607 1419 transsumptum,

546 1438 973 1521 transfixum,
1044 1436 1159 1501 sed
1233 1457 1350 1522 pro
1425 1436 1673 1520 majore
1744 1441 1929 1521 parte
1992 1435 2061 1499 in
2123 1436 2533 1501 chartulariis
2598 1436 2883 1522 antiquis
2947 1442 3234 1501 aetatem
3286 1437 3602 1502 tulerunt.

552 1542 761 1605 Immo
810 1539 1274 1606 nonnullarum
1322 1539 1659 1603 literarum
1706 1540 2074 1624 papalium,
2135 1560 2303 1624 quae
2352 1561 2549 1603 manu
2598 1541 2879 1627 scriptae
2920 1541 3061 1625 jam
3110 1562 3284 1606 nunc
3330 1540 3607 1606 indicari

551 1666 685 1710 non
748 1649 1055 1730 possunt,
1123 1664 1257 1707 non
1320 1648 1423 1707 est
1488 1642 1654 1706 alius
1700 1642 1845 1706 fons
1894 1663 2088 1728 quam
2134 1643 2283 1707 libri
2329 1644 2662 1730 impressi,
2717 1644 2831 1709 ubi
2879 1645 3236 1710 earundem
3289 1646 3461 1711 facta
3507 1652 3610 1710 est

547 1749 830 1813 mentio,
924 1750 1017 1812 At
1081 1747 1539 1832 qualicumque
1604 1746 1868 1811 nomine
1931 1746 2038 1810 vel
2087 1752 2236 1810 ortu
2303 1756 2686 1834 occurrunt,
2755 1753 3048 1836 singulos
3103 1750 3301 1815 hosce
3347 1750 3605 1830 fontes,

549 1858 624 1917 ut
683 1853 780 1916 ita
844 1850 1054 1916 dicam
1119 1849 1574 1931 secundarios,
1639 1871 1833 1914 unam
1899 1850 2018 1914 sub
2086 1851 2447 1917 rubricam:
2506 1855 2919 1941 apoqrapha,
2969 1853 3314 1941 disponere
3368 1854 3601 1919 merito

548 1977 912 2043 possumus.

776 2059 906 2124 Pro
953 2079 1114 2124 aevo
1163 2057 1643 2143 antiquissime,
1693 2059 1828 2122 scil.
1866 2064 2018 2124 ante
2055 2061 2392 2125 saeculum
2426 2062 2631 2145 XIII,
2666 2082 2754 2126 ex
2786 2062 3179 2149 apographis
3223 2061 3610 2148 deprompta

549 2166 619 2229 in
682 2164 980 2229 Bullario
1043 2164 1221 2247 Traj.
1284 2164 1598 2247 leguntur
1659 2161 2016 2249 diplomata
2080 2165 2203 2248 313
2268 2187 2383 2251 pro
2441 2167 2583 2252 ipso
2633 2188 2799 2231 saec.
2850 2166 3023 2232 XIII
3073 2165 3431 2253 diplomata
3480 2168 3606 2251 943

551 2270 636 2335 ab
684 2290 789 2332 an.
844 2269 1019 2333 1300
1067 2287 1276 2352 usque
1325 2265 1407 2331 ad
1456 2287 1558 2330 66.
1614 2267 1786 2331 1378
1835 2266 2193 2353 diplomata
2241 2271 2347 2333 42.

780 2372 1035 2459 Operae
1083 2371 1365 2457 pretium
1412 2369 1673 2434 videtur
1719 2371 1825 2435 hic
1872 2378 2225 2455 annotare,
2281 2372 2704 2458 paucissimas
2760 2378 3016 2438 tantum
3063 2374 3287 2438 literas
3333 2374 3603 2460 reperiri
3675 2396 3983 2461 Comparatio

557 2485 696 2543 tum
744 2478 812 2542 in
858 2476 1183 2562 Registris
1232 2475 1476 2540 archivi
1510 2475 1816 2539 Vaticani
1850 2497 1997 2541 cum
2030 2477 2099 2540 in
2129 2477 2588 2564 manuscriptis
2620 2477 2778 2542 alibi
2812 2478 3258 2560 exstantibus,
3296 2478 3602 2543 nimirum
3636 2465 3766 2581 2:¹3?
3795 2463 4020 2581 ⁶3:²⁰3*

554 2589 709 2649 ante
773 2581 970 2645 finem
1036 2601 1204 2681 saec.
1269 2578 1441 2644 XIII
1504 2579 1911 2665 autographa
1973 2585 2233 2645 tantum
2294 2582 2582 2667 quinque
2644 2583 2917 2665 (numm.
2978 2583 3144 2664 369,
3212 2583 3383 2665 370,
3435 2584 3601 2667 375,
3786 2549 3817 2596 g
3962 2568 3974 2580 ⁹

558 2691 687 2753 403
739 2694 806 2752 et
853 2687 1047 2768 429),
1096 2683 1474 2770 apographa
1520 2684 1784 2769 penitus
1831 2685 2044 2768 nulla3
2092 2690 2326 2771 postea
2376 2707 2531 2750 vero
2572 2686 2978 2774 autographa
3009 2687 3244 2770 viginti
3277 2693 3345 2751 et
3376 2707 3614 2752 novem

557 2794 829 2875 (numm.
896 2791 1063 2870 477,
1130 2790 1300 2871 515,
1367 2790 1535 2868 552,
1605 2790 1772 2870 567,
1839 2789 2007 2871 595,
2073 2791 2239 2873 921,
2308 2791 2475 2873 922,
2525 2791 2694 2873 925,
2745 2791 2912 2873 926,
2965 2792 3131 2872 927,
3182 2791 3348 2874 984,
3406 2793 3615 2872 1046,

564 2899 772 2978 1131,
832 2897 1030 2977 1294,
1088 2895 1293 2975 1494,
1349 2895 1553 2974 1495,
1608 2894 1811 2975 1533,
1868 2894 2069 2977 1616,
2124 2895 2326 2975 1644,
2382 2896 2584 2977 1840,
2638 2895 2844 2977 1985,
2899 2895 3102 2976 1986,
3157 2895 3357 2977 1987,
3407 2895 3615 2976 2095,

560 3001 766 3083 2140,
817 3001 1030 3081 2174,
1080 2999 1288 3079 2175,
1340 2999 1550 3078 2176,
1601 2998 1837 3079 2196),
1889 2996 2269 3084 apographa
2314 2997 2578 3084 quidem
2624 3019 2861 3063 novem
2894 3000 3165 3082 (numm.
3212 3000 3374 3081 569,
3417 2999 3615 3082 1512,

566 3106 772 3187 1528,
844 3104 1056 3186 1548,
1113 3104 1322 3184 1617,
1379 3102 1582 3182 1618,
1647 3103 1855 3184 1637,
1909 3102 2121 3185 1779,
2171 3103 2395 3186 2087).
2492 3102 2663 3167 Sunt
2709 3102 2911 3188 igitur
2956 3123 3088 3167 non
3139 3103 3417 3189 amplius
3465 3123 3621 3188 qua-

557 3208 866 3293 draginta
914 3206 1125 3271 tribus
1176 3205 1589 3293 diplomatis,
1636 3227 1804 3291 quae
1851 3207 1921 3270 in
1972 3205 2265 3271 fontibus
2314 3211 2446 3270 tam
2495 3205 2741 3271 archivi
2774 3206 3080 3271 Vaticani
3127 3228 3316 3293 quam
3356 3208 3620 3274 aliunde

565 3311 928 3397 desumptis
992 3316 1253 3397 praesto
1318 3314 1488 3374 sunt.
1585 3309 1865 3376 Caetera
1913 3317 2168 3393 tamen,
2227 3331 2395 3395 quae
2444 3310 2802 3375 secundum
2854 3311 3264 3397 autographa
3309 3313 3414 3377 vel
3460 3334 3615 3399 apo-

563 3415 811 3502 grapha
879 3414 1267 3502 deprompta
1335 3414 1818 3499 recensuimus,
1895 3414 1965 3480 in
2034 3414 2362 3498 Registris
2434 3414 2681 3479 archivi
2750 3416 3057 3480 Vaticani
3130 3414 3618 3482 desiderantur.

564 3519 754 3594 Quod
818 3519 1054 3583 mirum
1114 3539 1247 3583 non
1311 3523 1447 3598 est,
1497 3538 1643 3582 cum
1691 3518 1855 3584 haec
1905 3518 2254 3605 Regigtra,
2304 3521 2598 3604 quamvis
2642 3527 2718 3585 111
2766 3525 3091 3606 quotquot
3137 3540 3173 3583 e
3229 3521 3619 3586 cancellaria

562 3624 780 3711 papali
828 3623 1170 3710 prodirent
1218 3621 1614 3688 documenta
1661 3622 2079 3688 continerent
2139 3644 2258 3687 sua
2309 3622 2532 3688 indole
2579 3623 2939 3708 destinata,
2990 3624 3357 3689 absolutam
3397 3624 3625 3709 hujus-

568 3728 743 3794 modi
790 3728 1238 3812 integritatem
1288 3747 1621 3813 nunquam
1670 3747 1898 3812 reapse
1948 3726 2244 3811 attigisse
2277 3728 2648 3792 noverimus
2676 3729 2748 3809 l).
2825 3728 3134 3794 Jamvero
3171 3726 3302 3791 duo
3348 3727 3629 3794 fontium

565 3853 845 3920 genera,
891 3831 960 3895 in
1009 3852 1177 3917 quae
1227 3836 1485 3895 tantum
1533 3830 2074 3896 documentorum
2108 3851 2412 3895 acervum
2446 3831 2807 3897 secundum
2843 3832 3162 3917 originem
3197 3830 3621 3898 dividendum

567 3937 834 4025 putavi,
885 3934 1162 4000 alterum
1213 3936 1482 4000 alterius
1529 3936 1705 4000 vices
1753 3935 1988 3999 mirum
2033 3935 2103 3998 in
2148 3934 2416 3998 modum
2467 3936 2771 4023 supplere
2832 3935 3153 4000 videmus.

791 4039 1083 4105 Archiva
1132 4046 1198 4104 61
1245 4038 1711 4121 bibliothecas,
1761 4059 2039 4126 quorum
2088 4041 2540 4124 manuscriptis
2586 4039 2669 4105 ad
2718 4037 3241 4126 componendum
3289 4039 3413 4104 hoc
3459 4062 3626 4129 opus

565 4166 724 4210 usus
789 4166 970 4225 sum,
1023 4145 1161 4228 jam
1210 4144 1278 4207 in
1328 4143 1747 4208 Praefatione
1795 4142 2121 4224 indicavi3
2173 4144 2410 4228 quibus
2458 4143 2833 4209 addendum
2882 4150 2983 4209 est
3031 4145 3240 4209 solum
3291 4143 3626 4208 archivum

567 4248 797 4314 Status
844 4247 1493 4333 Dusseldorpianum.
1566 4247 1748 4312 Libri
1797 4247 2131 4334 impressi,
2180 4268 2346 4332 quos
2394 4249 2542 4333 plus
2595 4249 2798 4314 semel
2847 4247 3115 4312 adhibui
3166 4247 3269 4312 vel
3314 4246 3623 4331 laudavi,

564 4375 714 4418 cum
800 4353 1058 4437 integro
1148 4351 1342 4414 titulo
1430 4351 1842 4438 alphabetico
1910 4350 2081 4414 infra
2160 4352 2723 4417 enumerabuntur
2794 4352 2865 4415 in
2931 4351 3222 4416 Elencho
3309 4350 3626 4416 librorum

564 4457 1013 4522 adhibitorum
1027 4503 1042 4518 .

795 4561 925 4624 Hic
995 4559 1280 4645 denique
1350 4557 1632 4643 adjicere
1702 4558 1889 4624 lubet
1958 4557 2220 4623 schema
2290 4558 2616 4645 quoddam
2690 4559 3029 4643 generale,
3104 4559 3217 4623 ubi
3286 4559 3608 4647 inspicere
3723 4572 3928 4623 Schema

566 4665 812 4751 poteris
860 4684 1204 4729 numerum
1252 4669 1449 4749 atque
1498 4663 1815 4748 originem
1864 4666 2188 4749 quotquot
2236 4662 2465 4747 collegi
2517 4662 2974 4748 diplomatum3
3022 4661 3290 4749 insuper
3335 4669 3498 4749 quot
3547 4663 3618 4727 in
3707 4641 3946 4706 generale.

567 4769 858 4834 Bullario
928 4773 1151 4832 nostro
1222 4788 1371 4831 cum
1444 4772 1634 4832 textu
1711 4766 1970 4851 integro
2044 4765 2519 4848 exhibeantur3
2585 4765 2823 4831 deinde
2892 4770 3052 4851 quot
3115 4786 3402 4852 eousque
3472 4788 3621 4832 cum

572 4879 762 4939 textu
810 4873 1068 4957 integro
1116 4891 1248 4935 non
1297 4871 1541 4936 fuerint
1586 4872 1770 4957 prelo
1818 4868 2164 4952 mandata;
2226 4868 2491 4934 tandem
2541 4876 2702 4957 quot
2745 4871 2817 4933 in
2865 4870 3156 4934 Bullario
3204 4871 3624 4955 reperiantur

566 4975 964 5062 diplomata,
1030 4996 1196 5060 quae
1261 4973 1342 5038 ad
1409 4975 1865 5039 Coloniensem
1930 4973 2148 5058 potius
2195 4977 2497 5059 spectant
2542 4973 2945 5060 provinciam
2994 4994 3189 5060 quam
3238 4972 3489 5039 directe
3536 4974 3618 5039 ad
3741 5004 3745 5008 Δ

570 5081 772 5166 ipsam
823 5078 1171 5144 dioecesim
1221 5078 1733 5163 Trajectensem.

743 5369 792 5434 1)
828 5367 933 5419 Csr.
972 5368 1035 5419 Η.
1071 5367 1274 5418 Denisse
1310 5366 1501 5433 Archiv
1525 5366 1634 5429 sar
1667 5364 1966 5414 Moratur·
2000 5363 2105 5412 und
2139 5360 2518 5425 Kirchenyeaeeh.
2557 5360 2624 5410 11.
2659 5357 2725 5409 56
2759 5372 2870 5424 seq.
