4450 6684
727 536 928 583 Lxxn
2006 515 2494 582 Imaonuo‘no,

726 736 968 817 tensis,
1018 753 1212 821 quam
1261 731 1617 799 Godessrido
1666 732 1972 821 episcopo
2019 738 2290 820 petente
2337 735 2407 799 in
2454 736 2975 821 possessionibus
3022 737 3093 801 a⁰
3147 738 3316 803 1159
3365 735 3773 802 confirmavit

725 839 1104 906 Hadrianus
1166 859 1337 926 papa
1393 836 1495 903 IV
1557 838 1763 920 (num.
1829 839 1980 921 28);
2044 836 2284 903 deinde
2346 846 2578 925 quater
2641 841 2917 906 ecclesia
2976 840 3043 907 S.
3093 840 3452 907 Salvatoris
3497 840 3772 923 (numm.

727 945 844 1028 35,
899 945 1048 1026 117,
1102 944 1260 1026 119,
1310 943 1499 1026 310),
1549 947 1651 1006 ter
1697 941 1973 1006 ecclesia
2020 940 2087 1006 S.
2136 941 2322 1007 Petri
2368 944 2641 1026 (numm.
2692 946 2808 1027 60,
2858 945 2974 1027 64,
3024 946 3214 1028 311);
3254 946 3457 1010 semel
3500 943 3774 1009 ecclesia

726 1049 794 1115 S.
866 1047 1191 1114 Johannis
1258 1048 1463 1130 (num.
1537 1047 1670 1130 65).
1762 1045 1995 1132 Neque
2064 1046 2171 1110 hic
2244 1046 2648 1114 omittendae
2703 1054 2858 1113 sunt
2904 1049 3134 1114 literae
3184 1049 3486 1136 papales,
3538 1047 3773 1134 quibus

725 1153 1025 1239 specialis
1088 1149 1410 1238 quaedam
1475 1149 1843 1232 concessi0,
1913 1147 2217 1232 donatio,
2283 1153 2667 1238 compositio
2729 1174 2941 1240 nuper
2997 1153 3205 1236 facta,
3265 1154 3529 1239 majoris
3575 1151 3772 1216 firmi-

724 1262 879 1327 tatis
949 1279 1142 1344 ergo,
1214 1278 1411 1344 saepe
1480 1254 1881 1321 communita
1946 1254 2147 1318 fuisse
2192 1253 2455 1340 legitur.
2550 1256 2950 1341 Hujusmodi
2998 1258 3209 1322 bullas
3255 1255 3771 1322 confirmatorias

725 1366 849 1431 sibi
914 1364 1341 1430 obtinuerunt
1401 1382 1461 1425 v.
1529 1381 1623 1445 gr.
1688 1359 1978 1445 capitula
2037 1358 2100 1422 b.
2165 1358 2413 1424 Mariae
2462 1360 2994 1444 Daventriensis,
3052 1360 3117 1426 S.
3167 1361 3351 1427 Petri
3398 1367 3467 1426 et
3515 1360 3583 1426 S.
3633 1357 3773 1425 Sal-

723 1470 968 1536 vatoris
1040 1465 1561 1551 Trajectensium
1633 1464 2090 1545 ecclesiarum,
2162 1462 2483 1528 Folkerus
2550 1463 2876 1530 {Iohannis
2939 1463 3021 1531 de
3066 1464 3275 1531 Arkel
3322 1464 3771 1550 suffraganeus

726 1574 1071 1660 episcopus
1119 1572 1391 1654 (numm.
1450 1571 1613 1652 160,
1664 1570 1831 1652 263,
1882 1569 2047 1649 354,
2101 1568 2303 1650 1637)
2350 1573 2548 1654 atque
2595 1569 2993 1634 monasteria
3037 1569 3389 1655 complura.

952 1677 1215 1752 Quanta
1273 1680 1494 1738 autem
1559 1677 1715 1737 tunc
1781 1676 1954 1736 esset
1999 1671 2286 1736 Romani
2331 1672 2672 1737 Pontificis
2719 1672 3111 1755 auctoritas,
3157 1672 3433 1738 caeteris
3479 1671 3774 1736 luculen-

724 1785 857 1848 tius
925 1781 1048 1845 hac
1118 1781 1187 1844 in
1257 1799 1328 1843 re
1393 1776 1522 1842 dno
1586 1776 1966 1862 praesertim
2028 1774 2387 1840 ostendunt
2432 1775 2739 1862 exempla
2782 1777 3055 1859 (numm.
3107 1777 3191 1840 95
3241 1782 3309 1841 et
3359 1777 3539 1859 467).
3632 1772 3770 1860 Ipsi

726 1889 832 1953 vel
879 1885 1204 1973 principes
1252 1887 1715 1969 praepotentes
1764 1879 2174 1966 privilegium
2210 1879 2632 1966 Apostolicae
2673 1880 3099 1965 protectionis
3133 1880 3398 1944 minime
3432 1876 3774 1962 dedignati

723 1998 911 2057 sunt:
984 1989 1234 2054 scilicet
1301 1984 1688 2050 Fredericus
1757 1985 2110 2071 imperator
2176 1983 2248 2047 ΙΙ
2310 1983 2380 2047 a0
2449 1985 2618 2049 1219
2683 1982 2751 2047 in
2815 1983 3085 2049 Terram
3153 1983 3461 2049 Sanctam
3525 1980 3772 2069 profec-

724 2104 909 2161 turus
932 2095 1021 2178 1),
1089 2094 1380 2178 itemque
1442 2088 1827 2175 Reynaldus
1891 2088 1925 2152 I
1990 2108 2208 2152 comes
2258 2087 2592 2152 Gelrensis
2641 2087 2712 2152 a<>
2767 2089 2936 2153 1306
2994 2108 3186 2152 cruce
3235 2086 3531 2172 signatus
3586 2105 3771 2166 „cum

722 2221 959 2281 uxore,
1025 2197 1176 2262 filiis
1241 2215 1497 2260 necnon
1564 2200 1738 2259 terra
1784 2198 1852 2257 et
1900 2191 2195 2256 vassallis
2243 2212 2318 2256 ac
2366 2191 2670 2256 omnibus
2717 2192 2862 2257 aliis
2910 2190 3145 2257 bonis”
3194 2192 3314 2256 sub
3363 2190 3542 2256 beati
3587 2188 3771 2254 Petri

722 2303 1130 2391 protectione
1178 2298 1464 2386 suscepti
1510 2298 1711 2363 fuisse
1757 2297 2075 2363 feruntur.
2106 2296 2161 2379 2)

2015 2504 2214 2569 Sectio
2261 2505 2488 2569 altera.

344 2727 535 2806 Literna
580 2743 686 2804 sur»
946 2721 1131 2796 Quae
1206 2738 1242 2783 e
1313 2714 1597 2780 dioecesi
1665 2714 2073 2799 Trajectensi
2144 2713 2226 2779 ad
2298 2714 2533 2778 solium
2602 2714 3008 2800 pontificium
3082 2713 3478 2778 documenta
3551 2729 3772 2774 ascen-

361 2795 668 2928 Κξζξῗοξξὲζ
723 2826 940 2891 derint
999 2824 1196 2908 longe
1258 2820 1540 2908 plurima
1599 2824 1883 2884 aetatem
1948 2838 2082 2882 non
2146 2818 2375 2883 tulisse
2439 2817 2794 2883 dolendum
2857 2838 3014 2883 sane
3078 2823 3197 2883 est.
3293 2816 3448 2903 Ipsa
3494 2813 3669 2879 enim
3717 2812 3769 2875 si

379 2936 638 2995 porrectae.
722 2947 1174 3008 nosceremus,
1231 2924 1506 2989 facultas
1554 2923 1744 2987 nobis
1792 2928 1966 2986 esset
2014 2921 2096 2986 de
2142 2922 2376 2986 intima
2423 2942 2617 3006 quam
2666 2922 2879 3007 patria
2925 2926 3150 2986 nostra
3195 2941 3343 2986 cum
3389 2917 3774 3006 Apostolica

723 3033 897 3100 Sede
945 3029 1204 3096 assidue
1254 3028 1458 3093 coluit
1504 3025 1917 3091 connexione
1965 3025 2199 3090 melius
2240 3024 2601 3111 judicandi.
2695 3024 2888 3090 Nunc
2936 3031 3288 3112 supersunt
3338 3025 3464 3088 nisi
3511 3023 3770 3103 literae,

721 3137 958 3224 quibus
1025 3133 1108 3200 ad
1180 3131 1690 3219 supplicationes
1759 3129 1883 3193 sibi
1947 3129 2200 3194 oblatas
2268 3128 2665 3216 respondere
2731 3128 2983 3215 dignati
3048 3135 3202 3194 sunt
3262 3126 3547 3194 Romani
3602 3125 3774 3189 Pon-

722 3241 966 3322 tifices,
1039 3257 1285 3323 eaeque
1355 3255 1593 3320 magno
1664 3233 1927 3320 quidem
1998 3254 2307 3314 numero,
2377 3232 2492 3298 sed
2564 3240 2639 3298 ut
2710 3233 2920 3299 dicam
2992 3240 3153 3320 quot
3216 3233 3370 3298 olim
3434 3232 3505 3296 in
3551 3236 3771 3317 partes

722 3351 978 3410 nostras
1028 3340 1518 3421 emanaverint,
1591 3339 1869 3403 multum
1942 3338 2150 3402 abest.
2246 3338 2339 3402 At
2408 3358 2562 3402 vero
2637 3358 2852 3424 neque
2908 3360 3148 3425 paucas
3193 3338 3395 3402 fuisse
3442 3341 3772 3423 porrectas

722 3444 1266 3531 supplicationes,
1335 3439 1417 3505 ad
1475 3460 1637 3526 quas
1694 3437 2089 3524 respondere
2139 3440 2374 3507 Curiae
2423 3442 2795 3527 pontificiae
2845 3463 2978 3506 non
3025 3442 3379 3528 placuerit,
3431 3446 3574 3504 tuto
3623 3461 3771 3526 sup·

722 3549 1099 3637 ponendum
1168 3545 1452 3611 videtur.
1548 3543 1963 3609 Summorum
2031 3543 2467 3628 Pontificum,
2538 3545 2651 3630 qui
2721 3552 2874 3611 ante
2947 3565 3051 3611 an.
3131 3548 3301 3610 1378
3373 3546 3771 3625 floruerunt,

721 3653 1140 3741 reperiuntur
1204 3648 1417 3714 adhuc
1479 3649 1550 3712 in
1611 3646 1873 3711 archivo
1931 3648 2255 3713 Vaticano
2304 3649 2604 3713 nonnulli
2657 3649 3265 3736 „supplicationum
3311 3647 3534 3732 libri,”
3584 3647 3772 3711 nimi·

721 3780 865 3823 rum
917 3754 1276 3823 Clementis
1322 3773 1531 3841 papae
1577 3752 1706 3832 VI,
1757 3751 2129 3817 Innocentii
2176 3751 2305 3835 VI,
2356 3753 2608 3818 Urbani
2655 3753 2754 3818 VI
2787 3753 2862 3836 3).
2959 3753 3160 3818 Hisce
3210 3760 3430 3818 tamen
3477 3773 3771 3840 perscru-

722 3861 939 3927 tandis
1001 3880 1267 3946 operam
1326 3855 1480 3922 dare
1529 3876 1661 3921 non
1709 3855 1895 3942 potui
1941 3876 2061 3920 nec
2109 3857 2285 3920 inter
2331 3856 2661 3939 eruditos,
2709 3857 2831 3921 nisi
2880 3858 3101 3941 fallor,
3149 3857 3383 3944 aliquis
3429 3856 3770 3943 hucusque

720 3965 1038 4031 incubuit.

944 4067 1304 4133 Rarissima
1347 4064 1550 4150 igitur
1597 4062 1959 4148 eademque
2006 4062 2121 4126 vix
2169 4068 2328 4126 nota
2373 4068 2527 4128 sunt
2573 4064 2716 4150 ipsa
2762 4063 3192 4148 documenta,
3257 4085 3425 4149 quae
3473 4086 3510 4130 e
3557 4065 3771 4152 patria

720 4179 945 4239 nostra
1012 4172 1082 4236 in
1152 4170 1395 4234 curiam
1464 4168 1766 4255 papalem
1836 4166 2198 4252 antiquitus
2271 4166 2677 4252 prodierunt.
2770 4167 3058 4233 Proinde
3120 4167 3446 4233 sufficiant
3508 4174 3770 4255 oportet

720 4278 1037 4363 rescripta
1085 4271 1422 4361 pontificia
1466 4271 1723 4357 aliaque
1771 4274 2095 4356 quotquot
2141 4268 2223 4333 ad
2273 4291 2410 4334 rem
2458 4270 2708 4335 faciunt
2750 4270 3108 4357 diplomata
3138 4277 3391 4354 vetera,
3440 4277 3516 4336 ut
3547 4292 3769 4337 neces-

720 4380 1106 4460 situdinem,
1157 4398 1352 4464 quam
1401 4395 1548 4439 cum
1595 4372 1979 4459 Apostolioa
2025 4372 2197 4437 Sede
2247 4371 2563 4438 dioecesis
2611 4380 2836 4439 nostra
2867 4374 3309 4460 Trajectensis
3349 4380 3423 4438 ut
3454 4375 3769 4441 terminus

721 4506 760 4549 a
807 4504 936 4570 quo
985 4482 1200 4546 colere
1249 4486 1406 4544 tunc
1454 4478 1733 4563 sategit,
1784 4476 2198 4563 aliquatenus
2247 4477 2735 4562 perspiciamus.

945 4584 1321 4653 Secundum
1369 4581 1664 4648 ordinem
1713 4602 1909 4667 supra
1953 4581 2361 4668 propositum
2409 4579 2866 4646 considerandi
2914 4602 3090 4646 nunc
3137 4586 3321 4646 sunt:

353 4724 584 4773 visitatio
619 4723 679 4772 aa
944 4690 1026 4755 A.
1118 4688 1419 4773 Episcopi
1459 4686 1880 4770 Trajectenses
1910 4684 2172 4750 Limina
2201 4685 2658 4768 Apostolorum
2689 4687 3032 4750 visitantes.
3092 4685 3447 4750 Antistites
3479 4690 3769 4766 nostros,

412 4792 621 4840 Limina.
724 4795 880 4861 dum
942 4793 1125 4880 gregi
1188 4812 1306 4856 suo
1369 4811 1585 4855 coram
1631 4789 2086 4875 invigilarent,
2143 4786 2472 4852 assiduam
2520 4808 2668 4852 cum
2714 4789 3018 4854 Romano
3065 4788 3389 4854 Pontifice
3437 4794 3772 4875 tamquam

885 5247 942 5313 1)
979 5246 1083 5298 Cfr.
1116 5260 1277 5310 snpra
1314 5243 1514 5294 Introd.
1550 5258 1598 5308 p.
1633 5242 1802 5293 xvn.

887 5328 943 5393 2)
979 5327 1285 5379 Jucundum
1328 5326 1417 5376 hic
1463 5324 1596 5375 mihi
1639 5321 1906 5374 incumbit
1948 5319 2245 5387 gratiarum
2279 5318 2504 5369 actionis
2538 5318 2770 5370 officium
2805 5334 2929 5385 erga
2965 5320 3304 5371 carissimum
3339 5321 3570 5371 amicum
3603 5321 3775 5372 Theo-

720 5412 908 5461 dorum
943 5408 1217 5473 Vlaming,
1257 5408 1313 5457 in
1342 5405 1639 5457 Seminario
1662 5400 2074 5455 Warmondensi
2103 5398 2245 5462 juris
2269 5400 2509 5450 canonici
2537 5405 2949 5464 antecessorem,
2985 5402 3181 5466 quippe
3204 5403 3296 5466 qui
3320 5402 3456 5452 comi
3481 5402 3775 5453 eruditione

722 5493 776 5543 in
823 5490 1115 5541 tractandis
1162 5496 1273 5539 tam
1320 5488 1503 5538 arduis
1548 5491 1790 5536 vetustae
1833 5481 2145 5545 disciplinae
2189 5480 2580 5531 ecclesiastieae
2624 5481 3025 5546 quaestionibus
3060 5496 3211 5532 meus
3246 5482 3581 5533 consiliarius
3614 5488 3775 5548 atque

722 5577 906 5623 contra
943 5571 1123 5621 faciles
1157 5570 1338 5634 lapsus
1373 5582 1555 5619 revera
1590 5571 1731 5617 esset
1761 5559 2183 5630 „conservatum”

888 5651 945 5717 3)
983 5650 1088 5703 cfr.
1125 5650 1279 5716 Greg.
1314 5650 1565 5699 Palmieri
1599 5644 1939 5698 Manudaectio
1973 5657 2060 5707 pp.
2091 5638 2211 5703 107,
2253 5637 2376 5702 125,
2413 5638 2528 5690 163.
