4450 6684
1943 527 2327 593 Arrnnmx·
3533 526 3667 590 323

592 755 778 820 viciis
848 760 1164 820 consueto
1237 751 1459 817 debito
1530 772 1646 838 pro
1709 749 2136 814 familiaribus
2198 754 2271 814 et
2334 748 2719 814 officialibus
2782 748 2937 813 dicti
2987 747 3245 833 collegii
3293 746 3413 812 sub
3463 747 3659 813 certis

598 863 787 949 penis
835 869 901 927 et
949 860 1304 926 sentenciis
1349 859 1611 923 racione
1658 856 1832 922 dicte
1882 878 1996 921 sue
2046 857 2320 921 ecclesie
2362 856 2803 941 Trajectensis
2844 855 3070 921 existit
3112 854 3462 920 efficaciter
3505 854 3666 918 obli-

594 977 816 1055 gatus,
865 977 975 1034 etc.
1025 988 1232 1054 usque
1280 966 1361 1031 ad
1410 966 1650 1031 festum
1682 965 1744 1029 N
1748 964 2063 1028 ativitatis
2100 963 2310 1028 sancti
2341 963 2385 1029 J
2388 963 2666 1028 ohannis
2699 963 3001 1049 Baptista
3032 962 3332 1048 proxime
3363 960 3659 1025 futurum

595 1096 1019 1163 prorogamus
1066 1081 1135 1139 et
1181 1073 1264 1139 de
1312 1094 1482 1138 novo
1531 1072 1937 1156 assignamus
1986 1070 2236 1154 eidem3
2294 1071 2389 1135 ita
2434 1078 2657 1135 tamen
2703 1078 2813 1135 etc.
2862 1077 2974 1134 etc.
3067 1068 3221 1135 Dat.
3270 1068 3488 1135 Janue
3538 1070 3663 1134 sub

591 1203 763 1248 anno
824 1204 864 1247 a
924 1181 1290 1247 Nativitate
1353 1178 1618 1244 Domini
1684 1175 2322 1261 MOOGLXXXVI,
2372 1177 2732 1241 indictione
2782 1196 2992 1259 nona,
3042 1175 3148 1241 die
3196 1175 3368 1240 XIX
3415 1176 3657 1241 mensis

593 1289 854 1373 Marcii,
903 1288 1324 1375 pontificatus
1372 1306 1544 1350 anno
1595 1291 1847 1350 octavu.

1018 1424 1219 1473 Archiv.
1266 1421 1430 1473 Vatia
1468 1421 1757 1471 Solutiones
1803 1419 1998 1470 Urbani
2044 1420 2125 1468 Vl
2157 1423 2209 1468 ot
2243 1419 2521 1483 Bonisacii
2555 1419 2651 1468 IX
2690 1421 2822 1471 Tom.
2848 1418 2979 1483 572,
3002 1420 3061 1484 s.
3085 1417 3168 1468 13.
3221 1418 3426 1468 Ibidem
3449 1417 3534 1467 sol.
3558 1415 3678 1481 19',

938 1523 1032 1571 pro
1066 1508 1247 1558 eodem
1283 1511 1574 1556 annotatur
1607 1507 1663 1555 a⁰
1696 1504 1825 1555 1387
1864 1503 2159 1569 prorogatio
2194 1517 2366 1566 usque
2399 1504 2463 1553 ad
2501 1504 2694 1554 festum
2735 1502 3126 1554 Purificationis
3163 1504 3219 1552 B.
3254 1502 3323 1552 M.
3358 1502 3419 1552 V.
3443 1501 3685 1566 proxime

947 1606 1199 1657 sequens:
1238 1591 1390 1654 „Dan
1426 1591 1706 1654 Aviuione‚
1744 1605 1886 1640 anno
1922 1588 2020 1646 lx,
2056 1588 2141 1637 die
2176 1587 2300 1637 XXI
2338 1588 2533 1637 Junii.”

590 2063 780 2132 xlv,
1835 2061 2050 2142 1386,
2100 2059 2272 2144 Maji
2316 2062 2425 2124 11.

819 2217 987 2282 Item
1060 2216 1285 2281 abbati
1352 2215 1731 2280 monasterii
1796 2213 1862 2280 S.
1926 2212 2274 2280 Adalberti
2342 2212 2825 2300 Egmundensis
2886 2213 3327 2298 Trajectensis
3388 2213 3670 2278 diocesis

588 2330 978 2412 prorogatur
1020 2330 1096 2388 ut
1143 2344 1358 2410 supra.
1452 2323 1607 2388 Dat.
1655 2321 1762 2386 die
1809 2322 1914 2386 XI
1958 2323 2201 2385 mensis
2252 2322 2410 2407 Maji
2462 2342 2633 2386 anno
2683 2319 2935 2385 eodem.

1012 2459 1210 2509 Ibidem
1233 2461 1345 2523 sol.
1380 2459 1483 2510 150.

592 2867 745 2936 XV.
1519 2869 1732 2952 1389,
1780 2868 2137 2932 Decembris
2182 2869 2307 2949 11,
2356 2869 2718 2932 AvenioniS.

902 3024 1041 3088 Pro
1088 3024 1415 3088 Florentio
1462 3023 1569 3106 (de
1618 3021 2199 3107 Wevelinckhoven)
2247 3022 2491 3086 dantur
2536 3021 2812 3106 apochae
2858 3041 3094 3086 necnon
3143 3021 3395 3084 termini
3431 3020 3663 3084 dilatio

814 3131 1027 3217 quoad
1058 3133 1399 3217 pecuniam
1444 3133 1690 3195 ratione
1734 3131 1977 3194 servitii
2021 3132 2298 3194 consueti
2342 3128 2721 3193 solvendam.

807 3315 891 3379 A.
985 3314 1371 3379 Franciscus
1417 3321 1526 3377 etc.

811 3420 1000 3495 Quod
1066 3419 1464 3486 reverendus
1527 3420 1597 3484 in
1662 3418 1926 3484 Christo
1989 3424 2178 3505 pater
2225 3418 2531 3483 dominus
2578 3417 2962 3482 Florencius
3010 3416 3355 3503 episcopus
3401 3416 3670 3503 Trajec·

584 3528 787 3594 tensis
833 3548 950 3615 pro
996 3533 1184 3614 parte
1230 3528 1435 3614 partis
1483 3528 1583 3591 sui
1632 3533 1741 3590 etc.
1795 3525 2112 3591 ducentos
2161 3525 2388 3591 decem
2438 3530 2505 3590 et
2554 3530 2700 3589 octo
2744 3524 3026 3590 florenos
3059 3524 3198 3589 auri
3233 3522 3316 3588 de
3349 3522 3658 3606 Camera,

588 3635 828 3700 solidos
891 3635 1163 3719 triginta
1222 3640 1517 3721 septem,
1582 3633 1883 3698 denarios
1948 3654 2067 3698 sex
2131 3639 2396 3697 monete
2459 3633 2760 3697 Romane
2817 3651 2936 3718 per
2981 3652 3212 3696 manus
3258 3630 3664 3696 honorabilis

584 3742 705 3808 viri
767 3742 1060 3828 magistri
1124 3741 1355 3807 Jacobi
1409 3741 1663 3807 Wilfen
1712 3740 1793 3806 de
1842 3740 2133 3827 Campen
2160 3741 2213 3824 l)
2263 3740 2535 3805 ecclesie
2585 3740 2792 3804 sancti
2841 3739 3164 3805 Johannis
3212 3738 3662 3825 Trajectensis

582 3848 931 3932 (canonici)
993 3846 1101 3912 die
1164 3847 1317 3913 date
1380 3848 1793 3934 presencium
1857 3847 2021 3912 solvi
2085 3847 2241 3912 fecit
2304 3847 2567 3911 realiter
2632 3851 2700 3910 et
2763 3866 2911 3911 cum
2959 3846 3198 3911 effectu
3224 3894 3241 3929 ,
3285 3845 3486 3909 etiam
3532 3866 3651 3932 pro

582 3962 768 4042 parte
813 3955 1017 4042 partis
1063 3955 1258 4019 unius
1303 3956 1540 4019 minuti
1586 3955 1843 4020 servicii
1893 4003 1907 4019 .
1940 4004 1955 4020 .
1984 4003 2001 4019 .
2029 4003 2045 4019 .
2093 3962 2202 4019 etc.
2262 3954 2511 4020 Verum
2562 3954 2902 4019 intellecta
2941 3954 3114 4018 mole
3152 3961 3262 4018 etc.
3305 3954 3658 4019 terminum

583 4060 880 4128 faciende
958 4062 1310 4126 solucionis
1387 4062 1634 4127 residui
1701 4060 2076 4148 hujusmodi
2146 4081 2356 4148 usque
2425 4060 2507 4126 ad
2581 4060 2821 4125 festum
2892 4059 3200 4125 Omnium
3271 4059 3663 4125 Sanctorum

580 4168 878 4254 proxime
943 4167 1235 4233 futurum
1298 4190 1723 4256 prorogamus
1786 4177 1895 4234 etc.
1989 4169 2237 4234 Datum
2303 4168 2516 4234 Rome
2581 4168 2703 4234 sub
2761 4188 2934 4233 anno
2981 4167 3247 4232 Domini
3296 4166 3366 4232 M
3412 4173 3666 4232 trecen·
3749 4155 3751 4158 ⁸

582 4275 815 4339 tesimo
879 4275 1324 4359 octuogesimo
1389 4296 1598 4358 nono,
1657 4275 2019 4339 indictione
2067 4274 2492 4359 duodecima,
2542 4275 2648 4339 die
2697 4273 3046 4339 undecima
3093 4274 3336 4338 mensis
3382 4272 3664 4339 Decem-

582 4380 752 4462 bris,
801 4381 1219 4467 pontificatus
1269 4380 1513 4446 domini
1563 4381 1888 4447 Bonifacii
1938 4401 2109 4445 anno
2155 4381 2388 4467 primo.

1004 4516 1201 4565 Ibidem
1224 4517 1283 4580 s.
1324 4515 1428 4566 790.

807 4696 888 4762 B.
982 4698 1369 4763 Franciscus
1417 4707 1527 4763 etc.

810 4803 1244 4869 Reverendus
1289 4806 1358 4869 in
1400 4805 1659 4870 Christo
1700 4811 1887 4891 pater
1927 4804 2228 4869 dominus
2267 4805 2650 4870 Florencius
2693 4804 2821 4869 Dei
2860 4803 3080 4889 gracia
3117 4802 3460 4889 episcopus
3499 4800 3668 4865 Tra·

577 4911 893 4994 jectensis
947 4932 1066 4998 pro
1128 4918 1315 4998 parte
1371 4912 1472 4976 sui
1520 4913 1882 4976 communis
1929 4912 2184 4976 servicii
2233 4910 2552 4977 ducentos
2601 4910 2829 4976 decem
2878 4915 2946 4975 et
2993 4915 3139 4974 octo
3187 4909 3468 4973 florenos
3516 4906 3662 4971 auri

589 5017 668 5083 de
718 5017 1021 5102 Camera,
1070 5017 1312 5082 solidos
1362 5018 1631 5102 triginta
1678 5023 1930 5106 septem
1971 5025 2080 5083 etc.
2119 5039 2239 5105 per
2269 5039 2502 5083 manus
2536 5018 2828 5103 magistri
2860 5017 2904 5083 J
2907 5016 3092 5081 acobi
3124 5015 3359 5081 Nisten
3394 5015 3545 5097 (sic)
3578 5012 3666 5077 de

587 5123 877 5211 Campen
906 5125 955 5208 ¹)
1004 5126 1299 5190 canonici
1347 5125 1622 5191 ecclesie
1668 5127 1877 5191 sancti
1925 5126 2251 5193 Johannis
2298 5126 2737 5212 Trajectensis
2787 5124 2951 5189 solvi
2998 5123 3154 5188 fecit
3198 5130 3308 5186 etc.
3351 5129 3461 5185 etc.
3507 5168 3523 5184 .
3556 5167 3572 5184 .
3602 5166 3617 5183 .
3644 5165 3662 5183 .

588 5230 726 5299 Sub
773 5253 945 5297 anno
994 5231 1243 5297 domini
1285 5232 2024 5317 MOCCLXXXVIIII,
2073 5232 2434 5298 indictione
2472 5232 2641 5316 XII,
2689 5230 2797 5297 die
2829 5230 2933 5296 XI
2965 5229 3205 5294 mensis
3236 5227 3658 5308 Decembris,

588 5338 1009 5423 pontificatus
1056 5345 1131 5404 ut
1178 5360 1376 5427 supra
1421 5361 1593 5404 anno
1640 5342 1869 5427 primo.

1004 5473 1205 5522 tndem
1248 5475 1381 5524 Tam.
1414 5473 1539 5538 573,
1565 5475 1624 5538 s.
1662 5474 1740 5538 ιι,

739 5598 796 5663 1)
832 5598 1004 5664 Supra
1040 5614 1188 5651 num.
1224 5599 1359 5651 1916
1394 5600 1568 5651 audit:
1609 5601 1836 5650 Jacobus
1872 5601 1935 5650 de
1971 5599 2201 5652 Wissem
2237 5600 2301 5650 de
2337 5599 2585 5663 Campen.
