4450 6684
824 522 865 583 8
2121 521 2438 585 cunnus
2491 520 2604 584 VI.

818 739 1017 809 1240.
1824 745 2041 827 1348,
2094 744 2351 828 Aprilis
2397 744 2477 825 2,
2525 742 2893 807 Avenionis.

1136 896 1431 961 Johanni
1475 897 1551 960 de
1610 896 1941 961 Westende
1986 900 2283 962 canonico
2330 897 2618 962 ecclesiae
2661 895 2976 960 Elstensis
3030 894 3213 977 Traj.
3261 895 3452 959 dioec.
3500 894 3894 978 declaratur,

1052 1004 1271 1068 literas
1340 1005 1723 1088 apostolicas
1750 1004 1841 1087 1),
1908 1003 2135 1089 quibus
2198 1005 2328 1089 ipsi
2386 1003 2462 1066 de
2524 1004 2902 1067 canonicatu
2962 1009 3022 1066 et
3071 1000 3440 1086 praebenda
3500 1001 3898 1067 Elstensibus

1032 1113 1364 1194 provisum
1427 1118 1519 1174 est
1580 1118 1638 1174 et
1701 1112 1892 1174 etiam
1952 1110 2308 1194 indultum,
2373 1110 2544 1196 quod
2605 1109 2818 1173 eadem
2872 1110 3068 1173 simul
3113 1129 3254 1172 cum
3288 1116 3607 1193 perpetua
3649 1111 3895 1174 vicaria

1041 1219 1328 1281 ecclesiae
1381 1218 1802 1301 Trajectensis
1848 1221 2120 1282 retinere
2153 1225 2401 1303 posset,
2437 1217 2709 1303 perinde
2755 1216 2965 1281 valere
3009 1236 3086 1281 ac
3123 1217 3180 1278 si
3217 1216 3287 1279 in
3322 1216 3649 1300 praefatis
3691 1217 3893 1281 literis

1043 1345 1405 1411 eoepressum
1446 1324 1704 1406 fuisset,
1737 1324 1924 1388 dictis
1956 1326 2360 1389 canonicatui
2390 1332 2450 1389 et
2473 1323 2870 1409 praebendae
2900 1344 3120 1387 curam
3153 1324 3477 1387 imminere
3507 1325 3891 1388 animarum.

1046 1506 1498 1592 suffragancis.
1546 1507 1685 1571 tibi.
1717 1552 1734 1569 .
1766 1555 1780 1569 .
1807 1554 1823 1570 .
1872 1506 2028 1571 Dat.
2074 1506 2444 1588 Avinione‚
2496 1506 2636 1572 1111
2682 1506 2745 1571 N
2749 1528 2856 1571 on.
2904 1505 3187 1592 Aprilis,
3237 1526 3410 1571 anno
3460 1512 3674 1572 sexto·

1233 1641 1359 1704 Bey.
1394 1644 1492 1689 Ao.
1535 1643 1590 1690 T.
1623 1640 1714 1699 43,
1741 1642 1802 1705 s.
1836 1640 1953 1691 414.

965 1786 1022 1851 1)
1058 1787 1230 1852 Supra
1265 1802 1413 1837 num.
1453 1785 1599 1837 1091.

2032 2054 2091 2059 ..-
2124 2054 2362 2061 -.-—-———
2413 2054 2612 2062 --——-.

807 2285 999 2353 1241.
1808 2292 2013 2373 1348,
2064 2292 2323 2375 Aprilis
2365 2293 2485 2373 16,
2534 2291 2900 2356 Avenionis.

1125 2443 1519 2508 Ghiselberto
1565 2444 1731 2508 dicto
1782 2444 2020 2508 Grater
2049 2445 2099 2527 1)
2147 2445 2224 2509 de
2271 2445 2485 2509 Renen
2533 2447 2828 2509 canonico
2874 2445 3162 2508 ecclesiae
3209 2444 3276 2507 S.
3326 2443 3601 2509 Lebuini
3631 2443 3881 2508 Davcn-

1039 2553 1328 2633 mensis,
1395 2554 1509 2636 qui
1571 2572 1762 2636 super
1822 2555 2198 2616 canonicatu
2261 2560 2319 2615 et
2373 2551 2738 2635 praebenda
2796 2552 3084 2615 ecclesiae
3129 2551 3478 2631 Elstensis,
3526 2551 3603 2614 de
3649 2550 3878 2636 quibus

1033 2664 1180 2720 tunc
1214 2679 1339 2742 per
1386 2657 1619 2721 obitum
1670 2658 1984 2742 Stephani
2031 2659 2237 2722 Brent
2283 2660 2450 2722 alias
2497 2658 2652 2721 dicti
2712 2658 2836 2721 Vos
2882 2658 2957 2720 de
3003 2657 3304 2721 Embrica
3349 2657 3720 2721 vacantibus
3755 2678 3878 2742 per

1033 2763 1251 2826 literas
1319 2765 1699 2847 apostolicas
1766 2767 1893 2848 ipsi
1959 2763 2201 2828 dudum
2264 2767 2598 2849 provisum
2662 2773 2788 2845 est,
2854 2785 2992 2827 cum
3039 2763 3341 2828 Johanne
3384 2764 3550 2828 dicto
3613 2763 3876 2828 Vanden

1046 2868 1416 2954 Westeynde
1463 2878 1776 2955 perpetuo
1839 2873 2126 2935 ecclesiae
2194 2870 2616 2953 Trajectensis
2677 2873 2914 2934 vicario
2975 2873 3043 2934 in
3106 2873 3288 2934 curia
3355 2872 3603 2956 litiyat,
3674 2871 3873 2935 datur

1026 2976 1405 3059 declaratio,
1438 2977 1784 3061 praefatas
1836 2979 2054 3041 literas
2090 2978 2363 3062 perinde
2408 2979 2619 3042 valere
2663 2999 2737 3041 ac
2782 2980 2840 3041 si
2886 2998 3249 3062 eaepressum
3281 2977 3369 3042 ibi
3395 2977 3654 3059 fuisset,
3704 2976 3874 3062 quod

1027 3083 1183 3146 dicti
1241 3086 1648 3147 canonicatus
1710 3091 1767 3148 et
1818 3085 2193 3169 praebenda
2240 3085 2317 3148 ab
2363 3084 2690 3170 aliquibus
2737 3092 2978 3169 quarta
3023 3084 3338 3149 Elstensis
3384 3084 3675 3149 ecclesiae
3709 3104 3874 3169 pars

1026 3197 1484 3273 nuncupantur
1533 3212 1606 3255 ac
1652 3191 1870 3254 iisdem
1918 3212 2077 3256 cura
2123 3194 2405 3255 imminet
2451 3193 2836 3254 animarum.

1026 3369 1278 3433 Meritis
1326 3376 1458 3433 tue.
1487 3419 1502 3434 .
1533 3417 1548 3432 .
1578 3418 1592 3434 .
1643 3370 1795 3435 Dat.
1845 3369 2215 3453 Avinione,
2265 3371 2434 3437 XVI
2479 3371 2588 3436 Kl.
2638 3371 2833 3456 Maji,
2884 3391 3055 3437 anno
3106 3376 3317 3436 sexto,

1224 3504 1345 3566 1229.
1382 3506 1479 3553 Au.
1524 3506 1576 3553 T.
1612 3504 1703 3567 44,
1730 3507 1792 3568 s.
1827 3503 1962 3555 402².

955 3648 1008 3711 1)
1046 3647 1164 3697 Vel:
1206 3649 1441 3699 Gruter?

796 4148 1255 4216 1242—1243.
1784 4153 1994 4233 1348,
2045 4153 2305 4235 Aprilis
2350 4153 2467 4233 25,
2519 4152 2881 4216 AvenioniS.

1112 4305 1196 4368 A.
1275 4305 1554 4369 Geraldo
1602 4304 1741 4390 Pyl
1786 4305 2208 4387 conferunt-ur
2254 4306 2662 4368 canonicatus
2708 4313 2766 4368 et
2801 4305 3170 4389 praebenda
3206 4307 3494 4370 ecclesiae
3526 4306 3579 4370 b.
3616 4306 3870 4371 Mariae

1032 4411 1251 4492 Traj.‚
1316 4433 1479 4496 quae
1542 4432 1681 4475 cum
1743 4410 2043 4476 Johanne
2106 4409 2383 4493 Majoris
2435 4432 2565 4495 pro
2620 4412 2994 4495 parochiali
3038 4414 3293 4476 ecclesia
3337 4413 3413 4477 de
3458 4413 3625 4477 Ema
3680 4413 3862 4495 Traj.

1021 4518 1208 4582 dioec.
1261 4520 1525 4601 putavit
1575 4517 2030 4601 permutanda.
2084 4556 2164 4564 —
2214 4517 2632 4601 Deputantur
2679 4526 3066 4601 executoreS,
3117 4522 3284 4583 inter
3331 4540 3488 4603 quos
3534 4520 3865 4584 Johannes

1022 4623 1281 4707 Spirinc
1311 4624 1360 4704 ι)
1408 4632 1466 4687 et
1512 4622 1836 4687 Henricus
1882 4624 2089 4688 dictus
2136 4624 2342 4688 Berro
2368 4624 2422 4706 2)
2470 4624 2546 4687 de
2581 4624 2983 4688 Brocchusen
3030 4628 3315 4689 canonici
3354 4627 3641 4690 ecclesiae
3679 4625 3861 4707 Traj.

1108 4730 1186 4794 B.
1256 4729 1548 4793 Johanni
1594 4729 1869 4812 Majoris
1915 4730 2244 4813 confertur
2278 4731 2682 4815 parochialis
2728 4733 2984 4796 ecclesia
3015 4732 3091 4795 de
3120 4732 3288 4796 Ema
3328 4732 3508 4816 Traj.
3546 4733 3735 4797 dioec.
3775 4769 3857 4781 -

1022 4835 1227 4900 Iidem
1272 4836 1667 4920 deputantur
1714 4845 2085 4901 executores.
3873 4846 3882 4853 '

1021 5019 1405 5107 Apostolice
1454 5018 1649 5084 sedis,
1678 5065 1694 5083 .
1723 5067 1739 5083 .
1769 5066 1786 5083 .
1835 5019 1988 5084 Dat.
2035 5020 2405 5106 Avinione,
2454 5022 2589 5089 VII
2635 5022 2744 5088 Kl.
2795 5023 2991 5110 Maji,
3041 5043 3216 5088 anno
3265 5029 3478 5089 sexto·

1216 5152 1341 5217 Ray.
1378 5154 1473 5202 Ao.
1522 5155 1575 5202 T.
1610 5151 1702 5216 38,
1729 5154 1790 5217 s.
1824 5151 1917 5203 191
1958 5160 2007 5204 et
2051 5150 2111 5204 T.
2146 5154 2237 5221 ⁴1,
2265 5158 2325 5221 s.
2360 5155 2475 5209 276.
2544 5157 2584 5207 B
2622 5157 2809 5209 habet:
2845 5157 2903 5223 1)
2940 5157 3228 5222 Spiririnc,
3263 5163 3319 5209 et
3351 5158 3434 5222 2):
3472 5157 3711 5209 Bon-oni.
