4450 6684
896 473 1030 538 210
2147 465 2553 533 Gnaeosms
2597 468 2721 536 XL

1117 691 1378 757 Dilecto
1428 689 1563 754 filio
1610 686 1999 773 Wybrando
2046 688 2273 753 abbati
2322 690 2700 755 monasterii
2746 696 2972 757 sancte
3018 691 3226 759 Marie
3272 693 3344 758 in
3389 693 3600 759 Frisia
3646 694 3959 761 Promon-

897 800 1240 866 stratensis
1287 794 1570 878 ordinis,
1617 794 2062 880 Trajectensis
2110 792 2426 878 diocesis,
2476 795 2754 861 salutem
2800 805 2911 862 etc.

1122 903 1391 969 Sincere
1454 899 1834 966 devocionis
1895 898 2208 982 affectus,
2272 920 2469 985 quem
2530 899 2614 965 ad
2660 922 2782 966 nos
2829 907 2899 967 et
2944 903 3313 969 Romanam
3360 906 3534 990 geris
3581 907 3959 991 ecclesiam,

900 1018 1347 1107 promeretur,
1409 1014 1486 1072 ut
1545 1008 1617 1071 in
1676 1006 1839 1089 hiis,
1905 1027 2034 1092 que
2099 1004 2298 1091 digne
2345 1007 2601 1092 possint
2648 1006 2828 1091 fieri,
2877 1008 2999 1074 tibi
3046 1009 3248 1074 simus
3295 1019 3619 1098 oportuno
3669 1019 3964 1101 tempore

896 1120 1195 1214 graciosi.
1289 1117 1464 1183 Sane
1525 1113 1766 1202 peticio
1830 1134 1947 1199 pro
2013 1117 2199 1200 parte
2266 1116 2382 1176 tua
2444 1113 2635 1179 nobis
2700 1134 2910 1200 nuper
2970 1114 3271 1180 exhibita
3316 1118 3735 1202 continebat,
3783 1120 3957 1206 quod

897 1230 1202 1301 nonnulli
1266 1227 1365 1291 tui
1425 1229 1493 1288 et
1539 1223 1745 1287 eciam
1792 1220 1861 1284 in
1907 1219 2127 1284 Vinea
2172 1217 2441 1283 Domini
2486 1219 3122 1286 Promonstratensis
3169 1221 3452 1306 ordinis,
3523 1224 3964 1309 Trajectensis

896 1336 1211 1417 diocesis,
1274 1327 1818 1396 monasteriorum
1884 1324 2213 1405 canonici,
2264 1321 2441 1409 quod
2490 1323 2757 1410 quidem
2803 1327 3275 1392 monasterium
3320 1329 3390 1392 in
3437 1327 3653 1393 Vinea
3699 1330 3963 1396 Domini

899 1467 940 1511 a
987 1442 1163 1508 dicto
1213 1445 1326 1502 tuo
1374 1432 1770 1500 monasterio
1818 1428 2154 1517 dependet
2200 1435 2270 1494 et
2316 1450 2433 1516 per
2479 1431 2889 1516 prepositum
2921 1433 3203 1518 regitur,
3249 1437 3498 1500 temere
3531 1436 3961 1520 apostatando

894 1549 1193 1639 predicta
1255 1541 1652 1608 monasteria
1708 1538 2051 1602 dimittunt
2099 1542 2168 1602 et
2213 1535 2299 1601 ad
2351 1537 2566 1601 curias
2614 1537 2929 1602 laicorum
2978 1539 3436 1625 confugientes
3483 1561 3558 1605 ac
3607 1542 3969 1627 regularem

899 1659 1287 1745 spernentes
1334 1648 1745 1734 disciplinam
1792 1644 2088 1730 predicta
2133 1644 2537 1708 monasteria
2584 1665 2732 1708 cum
2779 1643 3158 1729 hujusmodi
3198 1647 3412 1728 laicis,
3463 1668 3690 1712 eorum
3722 1648 3969 1713 suffulti

896 1762 1206 1853 potencia
1251 1764 1320 1823 et
1364 1755 1645 1836 auxilie,
1693 1774 1810 1838 pro
1856 1750 2046 1816 libito
2096 1750 2459 1815 voluntatis
2506 1751 2578 1814 in
2622 1749 2859 1815 habitu
2908 1752 3186 1816 seculari
3229 1752 3484 1817 intrant
3531 1758 3600 1818 et
3647 1752 3730 1818 de
3775 1755 3964 1819 bonis

898 1872 1223 1937 dictorum
1268 1861 1813 1928 monasteriorum
1859 1858 2127 1943 capiunt
2174 1855 2491 1921 alimenta
2533 1856 2604 1921 in
2653 1877 2919 1941 gravem
2965 1856 3092 1922 Dei
3134 1858 3450 1923 offensam
3483 1864 3553 1924 et
3585 1858 3964 1924 scandalum

895 1977 1345 2066 plurimorum.
1419 1969 1636 2044 Quare
1681 1986 1800 2052 pro
1847 1972 2034 2051 parte
2082 1969 2200 2027 tua
2240 1963 2433 2027 nobis
2471 1962 2597 2027 fuit
2627 1963 2964 2028 humiliter
2995 1964 3466 2051 supplicatum,
3514 1972 3590 2031 ut
3620 1966 3962 2052 providere

894 2085 967 2149 in
1014 2077 1346 2169 premissis
1394 2073 1477 2139 de
1525 2072 1935 2157 benignitate
1985 2068 2345 2156 apostolica
2392 2068 2831 2154 dignaremur.
2898 2068 3037 2135 Nos
3082 2070 3344 2156 itaque,
3390 2070 3772 2157 hujusmodi
3815 2093 3963 2158 sup-

895 2185 1368 2276 plicacionibus
1413 2179 1747 2259 inclinati,
1794 2175 2230 2264 compellendi
2277 2195 2396 2261 per
2443 2196 2785 2240 censuram
2833 2177 3340 2242 ecclesiasticam
3384 2177 3763 2263 hujusmodi
3810 2199 3962 2265 apo·

903 2301 1110 2363 statas
1157 2293 1240 2357 ad
1288 2287 1700 2355 redeundum
1747 2285 1830 2350 ad
1879 2284 2055 2348 dicta
2100 2283 2501 2348 monasteria
2547 2288 2616 2347 et
2663 2281 2865 2348 laicos
2910 2284 3229 2370 prefatos,
3277 2290 3354 2350 ut
3392 2306 3433 2350 a
3469 2286 3965 2372 quibuscunque

898 2401 1164 2468 auxiliis
1224 2397 1383 2483 ipsis
1445 2392 1763 2479 apostatis
1825 2387 2198 2476 prestandis
2256 2394 2325 2452 et
2371 2388 2456 2453 ab
2506 2408 2732 2453 eorum
2781 2386 3284 2455 detencionibus
3332 2392 3599 2455 omnino
3647 2389 3967 2456 desistant

903 2514 1009 2590 et,
1073 2507 1129 2569 si
1190 2504 1309 2569 tibi
1374 2522 1506 2566 non
1553 2498 1927 2587 paruerint,
1977 2497 2046 2561 in
2095 2494 2361 2560 eosdem
2409 2500 2750 2581 apostatas
2797 2501 2866 2560 et
2910 2495 3149 2577 laicos,
3196 2498 3567 2562 monicione
3615 2497 3964 2583 premissa,

894 2608 1600 2682 excommunicacionis
1662 2604 2067 2671 sentenciam
2132 2601 2592 2690 promulgandi
2654 2608 2724 2666 et
2788 2623 2939 2684 eos,
2987 2602 3042 2665 si
3089 2603 3639 2668 excommunicati
3684 2604 3961 2687 fuerint,

904 2717 1381 2798 denunciandi,
1453 2712 2019 2799 circumspectioni
2091 2717 2205 2775 tue
2279 2715 2508 2774 tenore
2581 2709 2993 2795 presencium
3063 2706 3480 2773 concedimus
3544 2713 3960 2795 potestatem.

894 2825 1079 2892 Nulli
1126 2843 1282 2909 ergo
1329 2830 1439 2886 etc.
1487 2826 1710 2886 nostre
1758 2815 2201 2884 concessionis
2253 2814 2614 2900 infringere
2661 2822 2771 2879 etc.
2822 2813 2977 2878 Dat.
3024 2813 3387 2898 Avinione,
3433 2813 3506 2878 H
3550 2814 3650 2880 Id.
3694 2815 3965 2881 Decem·

897 2932 1069 3012 bris,
1118 2949 1290 2994 anno
1336 2929 1568 3014 primo.

1318 3061 1442 3124 περ.
1479 3060 1575 3109 An.
1622 3061 1676 3109 T.
1710 3057 1767 3118 2,
1792 3059 1854 3122 f.
1889 3056 2004 3107 379.

894 3431 1372 3502 sose-2037.
1834 3431 2008 3494 1371
2027 3477 2045 3510 ,
2092 3426 2449 3493 Decembris
2495 3429 2615 3510 29,
2661 3427 3024 3492 Avenionis.

1207 3585 1292 3652 A.
1389 3582 1682 3649 Johanni
1726 3581 1802 3646 de
1848 3581 2100 3647 Brakel
2132 3580 2458 3644 domicello
2489 3582 2749 3664 ejusque
2780 3579 3033 3643 mulieri
3063 3576 3398 3642 Elizabetli
3428 3576 3739 3642 nobilibus
3780 3577 3957 3659 Traj.

1123 3692 1312 3758 dioec.
1383 3690 1743 3756 conceditur
1802 3689 2214 3773 privileyium
2272 3687 2613 3772 plenariae
2668 3692 3073 3770 peccatorum
3134 3685 3517 3749 remissionis
3574 3686 3644 3748 in
3688 3685 3959 3749 articulo

1116 3807 1358 3970 mog&-
1387 3902 1682 3968 Johanni
1708 3901 1915 3986 Breye
1943 3899 2269 3964 domicello
2300 3899 2558 3982 ejusque
2586 3896 2843 3961 mulieri
2871 3895 3179 3960 Mabiliae
3209 3894 3519 3961 nobilibus
3558 3894 3740 3978 Traj.
3773 3895 3957 3960 dioec.

1116 4011 1281 4076 idem
1313 4011 1747 4096 privileqium.

1128 4191 1448 4260 Provenit
1493 4211 1600 4256 ex.
1627 4236 1644 4253 .
1671 4236 1689 4254 .
1718 4235 1734 4252 .
1781 4187 1936 4253 Dat.
1986 4185 2353 4268 Avinione,
2401 4184 2544 4249 IIII
2587 4182 2699 4251 Kl.
2749 4181 3084 4265 Januarii,
3131 4202 3304 4248 anno
3354 4181 3584 4269 primo.

1311 4326 1439 4389 Bw.
1473 4327 1570 4374 Δο.
1615 4320 1676 4372 T.
1708 4321 1768 4385 8,
1794 4324 1857 4387 f.
1891 4321 1975 4372 40.

891 4698 1097 4768 2088.
1860 4696 2069 4776 1372,
2116 4692 2435 4757 Januarii
2477 4692 2598 4774 13,
2643 4691 3008 4755 Avenionis.

1218 4849 1649 4915 Thesaurario
1695 4847 1980 4913 ecclesiae
2025 4845 2503 4910 Aldenzelensis
2543 4844 2913 4925 mandatur,
2959 4851 3033 4908 ut
3060 4845 3556 4929 praepositis-sae
3584 4850 3645 4908 et
3673 4844 3949 4928 capitulo

1123 4956 1471 5021 saecularis
1515 4954 1801 5018 ecclesiae
1844 4953 1915 5016 in
1978 4950 2257 5015 Vredene
2294 4949 2815 5015 Monasteriensis
2850 4949 3040 5014 dioec.
3080 4948 3358 5032 efficacis
3387 4948 3714 5034 praesidio
3749 4947 3958 5030 defen-

1121 5064 1317 5128 sionis
1361 5061 1686 5143 assistens,
1733 5079 1859 5124 non
1892 5059 2236 5143 permittat
2277 5056 2522 5120 easdem
2567 5058 2638 5120 in
2669 5056 2965 5141 personis
3009 5076 3084 5120 ac
3129 5055 3303 5121 bonis
3348 5058 3483 5120 suis
3526 5056 3868 5120 molestari.

1123 5246 1295 5321 Quia
1353 5242 1599 5309 mundo
1659 5243 1896 5329 posito.
1925 5287 1941 5304 .
1971 5288 1986 5304 .
2015 5286 2032 5303 .
2103 5237 2538 5304 Presentibus
2582 5242 2736 5323 post
2781 5237 3140 5304 triennium
3187 5238 3456 5305 minime
3503 5237 3821 5304 valituris.
3848 5286 3863 5302 .
3890 5283 3906 5302 .
3934 5283 3950 5300 .

900 5351 1056 5418 Dat,
1104 5351 1472 5434 Avinione,
1520 5347 1621 5414 Id.
1669 5347 1713 5414 J
1715 5346 2006 5430 anuarii,
2053 5342 2476 5432 pontificatus
2520 5343 2730 5407 nostri
2775 5363 2949 5409 anno
2995 5342 3308 5409 secundo.

1312 5482 1597 5545 ,Bijdrayen
1641 5483 1721 5529 tot
1761 5480 1825 5528 ds
1861 5475 2201 5543 geschiodeniae
2242 5490 2342 5523 voen
2394 5473 2664 5536 Oceriiuel
2707 5474 2791 5526 ΙΙ.
2839 5474 2930 5539 43,
2976 5475 3238 5525 secudum
3279 5474 3648 5540 autoyraplm
3679 5475 3738 5525 in
3769 5475 3961 5527 archivo

1243 5566 1416 5616 ἆοηκιε
1447 5563 1819 5628 Eoo-inplicam.
