4450 6684
1772 541 2234 606 Innocnn'rms
2293 538 2413 605 VI.
3545 540 3631 603 69

786 762 1062 829 Dilectis
1107 762 1259 828 filiis
1307 809 1324 827 .
1352 811 1367 827 .
1418 762 1630 827 sancti
1676 761 1996 827 Gereonio
2047 759 2460 825 Coloniensis
2506 764 2578 824 et
2624 806 2640 822 .
2669 805 2687 823 .
2736 759 2943 824 sancti
2977 759 3336 825 salvatoris
3368 759 3634 847 Trajec·

567 872 769 939 tensis
815 891 892 936 ac
941 919 958 936 .
985 919 1001 936 .
1051 870 1260 935 sancti
1306 870 1758 935 Bai-tholomei
1802 868 2190 934 Leodiensis
2240 866 2505 933 decanis
2554 866 2975 931 ecclesiarum
3024 867 3303 933 salutem
3348 876 3461 933 etc.

787 978 1102 1045 Militanti
1148 978 1443 1044 ecclesie.
1471 1024 1488 1042 .
1518 1024 1533 1042 .
1563 1025 1579 1042 .
1629 976 1783 1042 Dat.
1831 976 2200 1060 Avinione,
2249 975 2316 1041 V
2359 974 2459 1039 Id.
2507 974 2773 1057 Marcii,
2822 994 2996 1039 anno
3044 976 3269 1040 tercio,

979 1114 1105 1177 Ray.
1141 1114 1240 1164 Αυ.
1286 1115 1339 1164 Τ.
1374 1112 1466 1176 10,
1492 1115 1554 1178 s.
1591 1111 1705 1163 404„

562 1600 753 1669 1525.
1570 1602 1776 1683 1355,
1825 1600 2064 1665 Martii
2107 1602 2227 1683 23,
2286 1602 2641 1665 Avenionis.

880 1751 1238 1838 (Johanni)
1300 1753 1583 1837 episcopo
1653 1750 2044 1836 Trajectensi
2088 1753 2523 1835 committitur,
2570 1758 2644 1814 ut
2689 1750 2965 1815 Suedero
3011 1749 3088 1813 de
3147 1749 3394 1814 Vianen
3439 1749 3637 1815 domi-

795 1861 950 1925 cello
999 1868 1060 1925 et
1103 1860 1452 1926 Machtildi
1495 1859 1784 1924 dominae
1829 1860 2028 1923 castri
2072 1858 2149 1922 de
2198 1858 2620 1923 Beveriwerde
2662 1856 2973 1921 nobilibus
3021 1857 3202 1940 Traj.
3251 1857 3471 1941 dioec.‚
3522 1863 3638 1944 qui

792 1974 1025 2052 quarto
1087 1967 1656 2051 consanyuinitatis
1711 1966 1926 2050 qradu
1986 1986 2050 2029 se
2110 1967 2487 2049 attinyentes
2550 1966 2862 2050 hujusque
2920 1964 3350 2049 impedimenti
3402 1969 3633 2031 conscii

792 2074 1269 2137 matrimonium
1332 2072 1717 2137 clandestine
1777 2074 2059 2136 inierunt
2121 2079 2180 2136 et
2239 2073 2428 2136 etiam
2484 2078 3036 2154 consummarunt,
3093 2069 3171 2135 ab
3217 2076 3632 2138 excommuni-

796 2179 1064 2243 cationis
1124 2181 1432 2243 sententia
1493 2177 1941 2244 absolutionem
2001 2180 2355 2263 impertiat,
2422 2178 2870 2264 poenitentiam
2931 2198 3276 2263 conqruam
3335 2180 3636 2265 injunyat

795 2290 855 2347 et
899 2304 1039 2348 cum
1084 2284 1244 2368 ipsis
1289 2304 1481 2368 super
1525 2283 1964 2368 impedimento
1999 2283 2332 2370 praedicto
2377 2283 2709 2368 dispenset.

802 2463 1128 2529 Exhibita
1173 2464 1385 2529 nobis.
1412 2510 1430 2529 .
1460 2511 1477 2528 .
1506 2511 1522 2528 .
1570 2464 1725 2529 Dat.
1773 2464 2142 2546 Avinione,
2190 2465 2259 2530 X
2304 2464 2412 2530 Kl.
2463 2464 2749 2551 Aprilis,
2796 2484 2969 2530 anno
3019 2466 3239 2531 tercio.

990 2599 1117 2662 περ.
1149 2600 1249 2650 An.
1293 2601 1348 2649 T.
1383 2598 1474 2664 ιο,
1500 2600 1558 2663 s.
1596 2597 1737 2650 455².

584 3084 1030 3154 1526—1527.
1442 3088 1660 3170 1355,
1707 3087 1967 3173 Aprilis
2014 3090 2086 3170 9,
2136 3108 2243 3173 ap.
2307 3087 2797 3152 Villamnovam.

901 3238 985 3305 A.
1073 3239 1360 3304 Waltero
1406 3239 1483 3304 de
1532 3239 1962 3330 Lanqherake
2001 3240 2423 3322 conferuntur
2463 3244 2868 3307 canonicatus
2899 3250 2957 3307 et
2975 3242 3345 3328 praebenda
3375 3245 3663 3309 ecclesiae

809 3343 865 3408 b.
914 3343 1172 3409 Mariae
1226 3343 1445 3429 Traj.,
1483 3365 1612 3429 pro
1647 3344 1875 3430 quibus
1907 3365 2048 3409 cum
2082 3344 2382 3409 Gobelino
2414 3345 2491 3409 de
2520 3346 2869 3433 Dryhusen
2889 3356 3272 3434 perpetuum
3302 3348 3662 3432 beneficium

811 3453 880 3514 in
924 3451 1136 3515 eadem
1183 3453 1436 3515 ecclesia
1484 3454 1848 3515 institutum
1882 3455 2144 3537 putavit
2178 3453 2706 3538 permutandum.

897 3557 977 3622 B.
1060 3557 1366 3623 Gobelino
1428 3558 1505 3622 de
1565 3558 1913 3644 Dryhusen
1974 3559 2303 3642 confertur
2355 3568 2741 3645 perpetuum
2787 3560 3143 3644 beneficium
3193 3565 3261 3627 in
3307 3564 3561 3628 ecclesia
3608 3563 3664 3627 b.

810 3664 1067 3728 Mariae
1122 3664 1305 3747 Traj.
1357 3701 1441 3712 —
1494 3665 1632 3730 Pro
1680 3673 1950 3751 utroque
1996 3666 2392 3750 deputantur
2440 3676 2812 3732 executores.

817 3845 1204 3934 Apostolioe
1253 3845 1447 3912 sedis.
1476 3893 1492 3910 .
1522 3893 1538 3910 .
1575 3894 1591 3911 .
1640 3845 1793 3911 Dat.
1835 3841 2018 3934 'apud
2065 3848 2548 3913 Villamnovam
2593 3847 3061 3914 Avinionensis
3107 3849 3412 3934 diocesis,
3460 3850 3526 3917 V
3560 3850 3662 3917 Id.

588 3953 867 4043 Aprilis,
916 3974 1090 4019 anno
1143 3953 1366 4018 tercio.

1003 4090 1131 4151 περ.
1163 4085 1262 4138 Αο.
1305 4083 1365 4139 T.
1402 4085 1493 4151 ιο,
1516 4089 1578 4153 s.
1612 4086 1921 4140 179v—180.

591 4604 784 4675 1528.
1581 4608 1800 4689 1355,
1846 4557 2087 4740 ‘¹2¹2ss
2138 4608 2261 4692 11,
2310 4607 2676 4673 Avenionis.

906 4808 1152 4874 Decani
1225 4807 1614 4873 Coloniensis
1683 4814 1743 4872 et
1812 4805 1881 4870 S.
1952 4805 2238 4871 Martini
2299 4806 2662 4873 Leodiensis
2726 4815 2787 4872 et
2847 4807 3235 4875 subdecanus
3293 4810 3679 4879 Coloniensis

820 4916 1217 4980 ecclesiarum
1277 4934 1400 5000 pro
1464 4913 1697 4978 decano
1761 4920 1821 4978 et
1866 4915 2147 4998 capitulo
2194 4912 2263 4979 S.
2314 4913 2675 4980 Salvator-is
2729 4914 2911 5000 Traj.
2961 4916 3049 4980 ad
3099 4918 3439 4983 triennium
3484 4920 3681 5006 depu-

826 5028 1049 5085 tantur
1095 5027 1575 5086 conservatores.

816 5201 1131 5267 Militanti
1181 5200 1477 5267 ecclesie.
1508 5247 1525 5266 .
1553 5247 1571 5265 .
1600 5248 1617 5266 .
1663 5200 1822 5267 Dat.
1870 5201 2232 5285 Avinione‚
2280 5202 2346 5269 V
2392 5201 2493 5267 Id.
2549 5202 2742 5289 Maii,
2787 5202 3212 5291 pontificatus
3252 5206 3464 5271 nostri
3506 5228 3680 5274 anno

603 5313 821 5375 temo·
1012 5414 1139 5479 Ray.
1184 5414 1284 5464 Δυ.
1328 5415 1379 5465 Τ.
1419 5412 1510 5480 10,
1545 5416 1609 5479 s.
1642 5410 1797 5478 406¹,
1837 5413 1928 5464 ubi
1961 5413 2089 5465 sub:
2128 5413 2173 5464 V
2208 5414 2286 5464 Id.
2323 5413 2522 5466 Martii.

1016 5498 1386 5562 Apo-cropheum
1421 5513 1645 5548 coaevum
1683 5496 1739 5546 in
1773 5498 1915 5548 arch.
1940 5512 2082 5562 prov.
2120 5497 2314 5563 Ultraj.
2343 5501 2404 5548 Ο.
2428 5496 2547 5557 320.
2588 5497 2645 5547 in
2666 5497 2858 5563 copiam
2885 5497 3228 5548 manticam
3249 5499 3426 5548 datum
3446 5515 3481 5546 a
3502 5498 3689 5550 decano

955 5583 1236 5634 Coloniensi
1271 5582 1356 5634 die
1387 5581 1455 5634 20
1494 5583 1726 5633 Octobris
1760 5583 1977 5648 eiusdem
2009 5583 2158 5646 anni,
2195 5600 2305 5634 oum
2338 5582 2512 5648 aeiyiuo
2545 5599 2766 5648 menso
2801 5584 3021 5649 eiusdem
3053 5583 3230 5633 άοοακί
3260 5582 3315 5633 in
3348 5597 3460 5633 coro
3492 5582 3660 5634 rubro.
