4450 6684
943 524 1072 594 136
2249 524 2586 595 Unum
2631 527 2717 595 V.

1162 745 1274 813 Ad
1319 745 1685 833 regendum
1731 747 2141 814 universalis.
2166 794 2184 814 .
2210 793 2230 814 .
2255 794 2276 814 .
2324 747 2478 815 Dat.
2510 748 2874 836 Avinione,
2907 750 2980 817 11
3008 751 3182 818 Non.
3218 752 3557 840 Octobris,
3587 755 4009 843 pontific-tm

936 852 1147 920 nostri
1193 872 1368 918 anno
1415 852 1652 940 primo.

1353 971 1480 1034 1209.
1516 972 1618 1022 An.
1658 972 1716 1020 τ’.
1748 970 1808 1036 6,
1836 974 1898 1039 s.
1931 971 2048 1023 275.

931 1328 1131 1397 1766.
1852 1328 2173 1413 136342),
2224 1327 2510 1394 Octobris
2555 1330 2674 1411 21,
2721 1330 3089 1395 Avmionis.

1249 1481 1742 1567 Archiepiscopo
1786 1480 2144 1546 Coloniensi
2189 1482 2448 1567 ejusque
2491 1482 2922 1568 suffraqaneis
2967 1481 3271 1548 scribitur
3306 1503 3499 1569 super
3538 1485 3793 1551 decimis
3830 1485 4007 1568 fruc-

1160 1595 1339 1654 tuum
1384 1591 1578 1653 unius
1623 1589 1783 1653 anni
1826 1589 2380 1653 ecclesiasticorum
2421 1587 2887 1673 beneficiorum,
2937 1611 3102 1676 quae
3141 1593 3210 1655 in
3237 1591 3543 1676 partibus
3577 1594 4004 1658 Alamanniae

1154 1703 1214 1759 et
1257 1694 1551 1760 Boe‘miae
1595 1694 1866 1777 fuerunt
1910 1701 2285 1759 reservatae.

1151 1877 1593 1945 Ecclesiamm
1641 1878 1954 1943 omnium.
1982 1925 1999 1942 .
2029 1926 2044 1942 .
2070 1924 2088 1942 .
2135 1876 2293 1942 Dat.
2341 1877 2710 1959 Avinione,
2758 1875 2898 1942 XII
2943 1875 3055 1944 m.
3103 1876 3527 1961 Novembris,
3575 1878 3995 1965 pontificatus

926 1985 1137 2052 nostri
1182 2006 1355 2051 anno
1402 1985 1613 2071 primo
1660 1985 1833 2069 (sic).

1343 2102 1470 2165 Rea.
1503 2102 1600 2152 Ao.
1645 2103 1700 2151 T.
1734 2101 1826 2164 15,
1852 2102 1915 2166 s.
1948 2099 2065 2152 526.
2135 2100 2199 2150 ln
2236 2113 2283 2151 e.
2318 2115 2391 2151 ιιι.
2425 2115 2487 2152 ac
2521 2101 2642 2152 aliis
2675 2101 2943 2152 dictarum
2979 2102 3212 2166 partium
3246 2102 3602 2166 praesulibus.
3671 2101 3807 2154 Cum
3841 2109 4011 2156 tomus

1278 2186 1528 2235 laudatus
1574 2185 1791 2235 nonnisi
1838 2185 2020 2235 literas
2042 2184 2186 2242 ,anni
2222 2184 2403 2248 quinti
2437 2185 2740 2250 contineat,
2786 2185 2916 2236 haec
2953 2185 3099 2236 bulla
3133 2187 3310 2249 potius
3344 2186 3411 2236 nd
3448 2200 3533 2236 an.
3575 2184 3707 2237 1367
3742 2186 4006 2237 resen-endu

1279 2270 1502 2319 videtur.

918 2621 1101 2690 1767.
1892 2622 2103 2705 1363,
2155 2619 2440 2688 octobris
2485 2623 2608 2706 24,
2653 2622 3020 2687 Amnum.

1232 2776 1504 2863 Huqoni
1575 2775 1840 2841 Uustinc
1906 2776 2202 2841 canonico
2283 2774 2505 2858 Traj.,
2575 2777 2647 2840 in
2716 2783 2987 2862 utroque
3028 2778 3190 2860 jure
3233 2780 3385 2862 jam
3447 2798 3489 2842 a
3551 2777 3756 2843 decem
3801 2781 3986 2843 annis

1149 2885 1493 2965 licentiam,
1541 2883 1783 2946 intuitu
1828 2881 2152 2946 Johannis
2198 2880 2308 2963 (de
2352 2881 2595 2965 Arkel)
2632 2883 2907 2967 episcopi
2945 2880 3160 2966 Traj.,
3194 2903 3325 2968 pro
3362 2883 3588 2947 dilecto
3629 2885 3986 2969 capellano,

1144 2987 1469 3071 familiari
1497 2987 1854 3069 domestico,
1902 2989 2196 3051 continuo
2228 2988 2629 3051 commensali
2660 3008 2773 3051 sno
2805 2988 3261 3071 supplicantis,
3310 2995 3677 3053 reservatur
3707 2988 3983 3073 di9nitas

1146 3115 1287 3159 cum
1345 3094 1442 3159 vel
1499 3095 1634 3157 sine
1691 3112 1878 3175 cura,
1930 3100 2319 3177 personatus
2381 3112 2490 3156 seu
2545 3092 2829 3175 officium
2875 3095 2944 3156 in
2990 3093 3241 3158 ecclesia
3298 3092 3520 3176 Traj.,·
3566 3094 3738 3179 quod
3783 3101 3984 3158 autem

1145 3221 1285 3265 cum
1355 3206 1675 3264 assecutus
1738 3198 1977 3281 fuerit,
2038 3197 2478 3283 parochialem
2547 3199 2866 3263 ecclesiam
2934 3200 3003 3262 in
3071 3197 3272 3284 Lopic
3339 3206 3398 3263 et
3465 3202 3985 3284 praeposituram

1145 3306 1430 3371 ecclesiae
1468 3303 1943 3370 Montisodiliae
1969 3303 2019 3386 l)
2060 3303 2256 3367 Leod.
2296 3304 2520 3385 dioec.,
2559 3324 2753 3388 super
2793 3323 2922 3388 qua
2961 3305 3031 3366 in
3059 3304 3318 3387 palatio
3357 3304 3709 3389 apostolica
3752 3305 3985 3386 litiyat,

1144 3412 1460 3476 dimittere
1508 3409 1834 3475 tenebitur.
1886 3446 1967 3457 -
2019 3408 2439 3495 Deputantur
2484 3417 2859 3474 executores.

1143 3596 1546 3662 Litterarum
1594 3592 1888 3658 scientia.
1914 3637 1933 3657 .
1961 3639 1976 3655 .
2004 3637 2021 3655 .
2071 3590 2226 3656 Dat.
2274 3590 2639 3675 Avinione,
2688 3592 2895 3658 VIHI
2925 3590 3037 3658 Kl.
3071 3590 3494 3676 Novembris,
3541 3612 3718 3658 anno
3750 3593 3972 3679 primo.

1338 3713 1464 3775 Ray.
1499 3712 1596 3760 Ao.
1640 3711 1695 3759 T.
1729 3709 1786 3769 2,
1820 3710 1879 3774 s.
1913 3707 2053 3759 138·.

1072 3822 1130 3886 1)
1166 3821 1678 3885 Sint-odilienberg.

914 4193 1103 4263 1768.
1845 4191 2054 4273 1363,
2105 4188 2479 4254 Novembris
2525 4191 2646 4272 18,
2702 4191 3063 4255 Avenionis.

1229 4343 1689 4428 Infrascriptis
1733 4341 2107 4425 mandatur,
2153 4348 2228 4405 ut
2277 4340 2568 4407 Huberto
2615 4342 2692 4407 de
2737 4341 3086 4408 Herwinen
3130 4345 3353 4409 clerico
3409 4343 3592 4429 Traj.
3638 4344 3865 4426 dioec,
3911 4345 3977 4409 in

1135 4449 1382 4514 artibus
1427 4450 1734 4533 maqistro
1782 4455 1840 4512 et
1886 4450 1953 4511 in
1985 4446 2300 4510 medicina
2333 4447 2742 4512 baccalaureo
2757 4497 2774 4532 ,
2808 4447 3144 4530 conferant
3175 4450 3561 4515 medietatem
3588 4450 3978 4536 parochialis

1135 4556 1419 4620 ecclesiae
1463 4556 1531 4617 in
1578 4554 1986 4635 Hemsteden‚
2035 4555 2218 4636 cujus
2263 4552 2520 4635 fructus
2565 4556 2700 4618 120
2746 4554 3135 4636 florenorum
3181 4559 3336 4621 auri
3380 4558 3657 4622 valorem
3696 4576 3976 4621 annuum

1132 4681 1261 4726 non
1329 4659 1630 4723 excedunt
1643 4682 1669 4738 ,·
1734 4661 1877 4743 ipsa
1944 4660 2109 4723 enim
2178 4659 2510 4743 medietas,
2587 4660 2726 4725 licet
2787 4681 2955 4725 nunc
3018 4682 3060 4725 a
3109 4660 3461 4745 Godefrido
3507 4661 3584 4726 de
3626 4661 3899 4726 Homert
3920 4661 3971 4744 1)

1120 4763 1491 4850 presbytero
1559 4763 1833 4844 ffusdem
1898 4763 2088 4828 dioec.
2160 4763 2430 4828 indebite
2498 4772 2862 4850 occupetur,
2926 4786 3002 4829 ex
3063 4787 3131 4831 eo
3175 4788 3404 4831 vacare
3448 4769 3760 4850 noscitur,
3809 4764 3975 4853 quod

1148 4869 1476 4934 Walterus
1538 4868 1614 4932 de
1675 4868 1942 4933 Dilbeke
2004 4870 2270 4932 ultimus
2333 4876 2539 4934 rector
2599 4871 2784 4954 infra
2850 4879 3093 4957 tempus
3159 4861 3505 4958 leqitimum
3567 4893 3631 4937 se
3676 4871 3765 4937 ad
3797 4890 3974 4958 pres·

1135 4977 1459 5064 byteratus
1505 4975 1789 5041 ordinem
1822 4977 2191 5060 promoveri
2239 4996 2367 5040 non
2410 4975 2654 5058 fecerit.

1131 5161 1411 5228 Dilectis
1475 5159 1627 5224 filiis
1687 5159 1954 5244 majoris
2016 5164 2084 5224 et
2147 5164 2374 5224 sancte
2436 5159 2642 5224 Mario
2707 5161 3151 5245 Trajeotensis
3198 5161 3466 5228 decanis
3514 5167 3583 5227 et
3630 5160 3965 5248 Stephano

906 5269 991 5337 de
1036 5267 1505 5353 Everdinghen
1551 5266 1865 5330 canonico
1914 5264 2214 5350 ejusdem
2262 5266 2528 5350 majoris
2576 5266 3002 5334 ecclesiarum
3049 5267 3331 5332 salutem
3378 5274 3488 5333 etc.

1129 5376 1532 5442 Litterarum
1573 5372 1868 5437 scientia.
1893 5419 1907 5435 .
1928 5419 1946 5437 .
1968 5419 1983 5436 .
2033 5371 2187 5437 Dat.
2223 5370 2587 5456 Avinione,
2620 5372 2830 5437 XIIII
2862 5373 2972 5437 Kl.
3005 5373 3420 5456 Decembris,
3454 5393 3627 5439 anno
3658 5370 3963 5440 secundo.

1326 5492 1450 5555 περ.
1486 5491 1583 5541 Λα.
1627 5488 1687 5541 T.
1721 5489 1779 5552 8,
1805 5492 1866 5555 s.
1900 5489 2015 5540 512.

1057 5606 1114 5674 1)
1149 5605 1453 5672 Legendum
1489 5605 1719 5653 videtur:
1757 5604 1821 5652 de
1862 5603 2093 5653 Hemert.
