4450 6684
1830 530 2166 595 Unsxnus
2217 528 2304 593 V.
3476 525 3605 587 169

529 747 725 816 1864.
1339 754 1553 833 1368,
1602 751 1798 815 Junii
1840 751 1961 832 13,
2010 771 2115 835 ap.
2166 747 2799 829 Montemflasconem.

853 905 1206 970 Edewardo
1252 905 1400 969 duci
1448 905 1752 970 Ghelriae
1796 902 2222 968 conceduntur
2273 905 2492 967 literae
2538 902 3040 985 confessionam.

763 1090 1064 1174 Benigno
1113 1093 1287 1152 sunt.
1314 1134 1331 1151 .
1359 1135 1377 1151 .
1404 1133 1421 1152 .
1471 1086 1622 1151 Dat.
1673 1085 1845 1172 apud
1892 1084 2540 1151 Montemflasconem
2588 1089 2731 1166 etc„
2778 1083 2879 1149 Id.
2913 1084 3129 1168 Junii,
3178 1105 3350 1149 anno
3384 1091 3593 1150 sexto.

958 1228 1083 1290 περ.
1118 1230 1216 1275 xv.
1260 1228 1315 1275 r.
1349 1224 1437 1285 17,
1464 1226 1525 1288 f.
1562 1223 1700 1274 487⁹.

538 1646 732 1713 1865.
1352 1646 1564 1726 1368,
1613 1645 1789 1708 Julii
1833 1646 1953 1726 19,
2004 1665 2108 1728 ap.
2159 1642 2797 1723 Montemflasconem.

852 1800 1306 1883 Infra-scriptis
1351 1799 1722 1879 mandatur,
1770 1805 1843 1862 ut
1903 1796 1963 1862 Π
1965 1799 2118 1862 lrico
2170 1797 2511 1862 Giselberti
2554 1797 2630 1860 de
2674 1797 3042 1882 Dypenhem
3083 1800 3150 1861 in
3188 1798 3435 1862 artibus
3475 1821 3605 1862 ma-

755 1910 995 1992 yistrO,
1062 1909 1177 1992 qai
1234 1907 1350 1970 diu
1410 1909 1480 1969 in
1535 1906 1851 1987 facultate
1916 1905 2260 1989 theoloyiae
2308 1903 2591 1968 Parisiis
2637 1904 2917 1984 studuzt,
2978 1905 3309 1986 conferant
3354 1908 3610 1970 canoni-

758 2022 967 2079 catum
1040 2022 1100 2077 et
1154 2013 1585 2098 praebendam
1610 2062 1627 2096 ,
1698 2015 1767 2077 in
1830 2013 2081 2077 ecclesia
2147 2011 2214 2075 S.
2280 2012 2604 2077 Johannis
2674 2012 2858 2092 Traj.
2921 2011 3162 2075 dadum.
3205 2033 3330 2095 per
3374 2013 3609 2077 obitam

764 2120 952 2185 Petri
998 2121 1074 2184 de
1121 2119 1654 2185 Sanctomichaele
1700 2126 2012 2184 vacantes,
2040 2118 2094 2200 1)

762 2301 1038 2366 Dilectis
1084 2301 1235 2365 filiis
1284 2349 1299 2364 .
1330 2349 1344 2363 .
1395 2301 1660 2386 majoris
1708 2306 1777 2365 et
1824 2347 1840 2364 .
1868 2348 1886 2364 .
1937 2302 2145 2365 sancti
2189 2301 2372 2365 Petri
2414 2302 2856 2385 Trajectensis
2897 2301 3162 2366 decanis
3203 2322 3276 2365 ac
3320 2349 3335 2364 .
3363 2349 3378 2365 .
3424 2302 3608 2366 Guil-

538 2410 742 2473 lermo
790 2409 1067 2474 Baronis
1116 2409 1429 2473 canonico
1478 2408 2013 2473 constanciensis
2062 2408 2487 2473 ecclesiarum
2537 2409 2814 2473 salutem
2863 2417 2972 2472 etc.

760 2517 1160 2581 Litterarum
1208 2515 1503 2580 scientia.
1533 2563 1549 2580 .
1579 2564 1593 2578 .
1623 2563 1639 2579 .
1700 2514 1851 2579 Dat.
1902 2515 2076 2601 apud
2125 2516 2813 2598 Montemflasconem,
2863 2515 3072 2580 XIIII
3118 2516 3229 2580 Kl.
3277 2518 3607 2602 Augusti,

535 2646 707 2690 anno
755 2631 966 2691 sexto.

952 2744 1080 2807 Ray.
1115 2745 1213 2794 Αυ.
1258 2746 1312 2792 Τ.
1348 2743 1436 2804 17,
1465 2746 1527 2807 s.
1562 2742 1701 2793 300».

684 2889 741 2951 1)
778 2887 884 2939 Cfr.
917 2902 1080 2953 supra
1113 2903 1319 2939 numm.
1360 2888 1488 2939 1702
1521 2894 1574 2939 et
1608 2886 1758 2938 1822.

531 3313 726 3380 1866.
1328 3315 1538 3394 1368,
1588 3312 1785 3377 Junii
1830 3315 1951 3395 23,
1999 3335 2105 3398 ap.
2155 3312 2797 3394 Montemflasconem.

847 3468 1203 3552 (Johanni)
1263 3469 1546 3553 episcopo
1620 3466 1799 3549 Traj.
1865 3466 2248 3548 mandatur,
2313 3474 2387 3530 ut
2432 3469 2501 3531 in
2547 3467 2796 3552 capella
2845 3466 2899 3532 b.
2949 3466 3250 3552 Dionysii
3292 3469 3485 3532 villae
3530 3468 3608 3532 de

757 3574 1325 3661 Steenwykerwold
1371 3574 1714 3660 quamdam
1743 3595 2089 3658 personam
2129 3574 2452 3658 idoneam,
2503 3595 2665 3660 quae
2695 3595 2888 3658 super
2919 3577 3142 3640 incolis
3176 3575 3381 3639 dictae
3410 3576 3605 3640 villae

753 3703 969 3747 curam
1015 3689 1203 3767 qerat
1247 3684 1612 3747 animarum
1658 3683 1861 3766 iisque
1908 3681 2325 3745 Sacramenta
2370 3683 2782 3747 ecclesiastica
2824 3682 3256 3764 administret,
3305 3691 3604 3747 rectorem

754 3792 1071 3854 instituat.

755 3971 1141 4037 Venerabili
1185 3971 1373 4036 fratri
1423 4021 1437 4036 .
1467 4019 1482 4035 .
1535 3972 1842 4058 episcopo
1891 3973 2305 4057 TraJectensi
2352 3974 2630 4038 salutem
2678 3982 2789 4037 etc.

755 4079 967 4144 Justis
1014 4079 1387 4165 petentium
1437 4080 1638 4162 votis,
1687 4100 1806 4165 per
1855 4100 1983 4166 que
2033 4079 2241 4143 divini
2290 4080 2577 4144 nominis
2626 4082 2842 4145 cultus
2874 4082 3083 4166 possit
3115 4082 3372 4166 augeri,
3422 4083 3606 4147 beni·
3687 4062 3690 4065 ¹

530 4185 753 4248 volum
799 4185 1213 4272 impertimur
1259 4206 1597 4250 assensum
1641 4185 1888 4271 illaque
1931 4186 2220 4250 libenter
2261 4185 2485 4251 favore
2528 4186 2987 4271 prosequimur
3027 4192 3376 4271 oportuno.
3429 4187 3603 4253 Sane

533 4289 768 4373 petitio
833 4311 950 4376 pro
1014 4297 1202 4376 parte
1264 4290 1654 4356 dilectorum
1717 4290 1999 4355 filiorum
2068 4291 2521 4355 universitatis
2576 4290 3116 4376 Stywikerawald
3165 4297 3277 4355 tue
3327 4291 3607 4357 diocesis

530 4394 720 4458 nobis
770 4397 1068 4461 exhibita
1113 4398 1526 4479 continebat,
1577 4397 1751 4484 quod
1803 4398 1958 4461 villa
2005 4398 2177 4484 ipsa,
2228 4418 2357 4483 que
2406 4396 2577 4461 infra
2606 4396 3018 4483 parrochiam
3051 4398 3328 4462 ecclesie
3361 4399 3600 4482 Styen-

529 4501 694 4565 wich
722 4502 776 4584 l)
825 4502 998 4569 dicte
1048 4512 1161 4568 tue
1209 4504 1488 4569 diocesis
1536 4505 1870 4585 consistit,
1921 4524 1960 4568 a
2007 4504 2185 4569 dicta
2235 4503 2514 4568 ecclesia
2557 4502 2723 4566 adeo
2757 4509 3011 4568 remota
3041 4504 3180 4568 fore
3216 4503 3599 4587 dinoscitur,

528 4607 709 4692 quod
768 4610 1068 4676 homines
1130 4610 1306 4676 dicte
1367 4611 1523 4676 ville
1587 4618 1913 4696 oportuno
1980 4618 2275 4697 tempore
2340 4609 2423 4674 ad
2475 4609 2753 4674 eandem
2801 4610 3143 4675 ecclesiam
3195 4633 3311 4697 pro
3361 4611 3601 4675 divinis

527 4714 910 4799 audiendis,
976 4719 1325 4804 presertim
1389 4740 1538 4783 cum
1597 4718 1773 4783 inter
1819 4717 2163 4782 ecclesiam
2215 4723 2285 4782 et
2331 4717 2554 4780 villam
2603 4716 2981 4801 hujusmodi
3031 4718 3308 4803 paludes
3358 4726 3426 4782 et
3475 4717 3605 4782 duo

531 4825 725 4889 rivuli
773 4847 942 4912 aque
989 4827 1249 4892 fortiter
1296 4834 1633 4892 currentes
1681 4828 2005 4907 existant,
2056 4824 2372 4890 accedere
2421 4829 2764 4910 nequeunt
2805 4829 2874 4887 et
2915 4823 3291 4889 hominibus
3330 4826 3490 4913 ipsis
3533 4826 3601 4889 in

530 4933 846 4997 extremis
893 4933 1124 5019 positis
1169 4938 1439 5020 propter
1483 4934 1611 4997 loci
1660 4933 2043 4998 distantiam
2095 4938 2163 4996 et
2206 4929 2587 5017 hujusmodi
2620 4951 2937 5016 aquarum
2969 4931 3263 5017 pericula
3294 4932 3602 5019 Corporis

529 5034 777 5101 Christi
824 5044 893 5103 et
938 5045 1234 5105 extreme
1282 5041 1633 5105 Unctionis
1680 5047 1750 5105 et
1796 5039 2179 5105 Penitentie
2232 5045 2299 5102 et
2348 5038 2480 5102 alia
2527 5038 2973 5110 ecclesiastica
3020 5037 3445 5103 Sacramenta
3491 5038 3603 5102 ad-

530 5142 886 5208 ministrari
952 5167 1086 5210 non
1148 5147 1405 5232 possint
1467 5154 1536 5211 et
1598 5147 1689 5210 sic
1751 5146 2051 5210 homines
2110 5145 2236 5230 ipsi
2285 5146 2427 5208 sine
2475 5143 2902 5229 perceptione
2949 5143 3330 5228 hujusmodi
3377 5145 3607 5209 Sacra-

528 5255 902 5315 mentorum
951 5253 1342 5335 moriuntur,
1392 5258 1460 5317 et
1508 5252 1683 5339 quod
1732 5259 1834 5317 est
1883 5251 2349 5338 periculosius,
2400 5251 2586 5335 pueri
2628 5248 2885 5334 parvuli
2922 5269 3008 5311 ex
3041 5250 3254 5313 causis
3286 5249 3600 5335 predictis

531 5356 672 5421 sine
720 5358 1059 5444 Baptismo
1108 5361 1328 5446 sepius
1375 5360 1766 5424 moriuntur.
1862 5358 1948 5423 Et
1994 5359 2276 5444 insuper·
2318 5356 2615 5420 homines
2663 5355 2827 5441 ipsi,
2890 5354 3045 5419 licet
3091 5354 3386 5441 predicte
3435 5376 3604 5441 aque

530 5464 878 5548 congelate
946 5465 1195 5530 fuerint
1261 5472 1379 5531 aut
1449 5473 1745 5553 tempore
1809 5465 2074 5530 estivali
2137 5463 2592 5546 decreverint,
2656 5469 2879 5526 tamen
2927 5460 3168 5525 dictam
3218 5463 3558 5527 eeclesiam
3585 5510 3603 5544 ,

526 5590 655 5656 que
718 5571 893 5636 inter
954 5572 1249 5636 tirannos
1304 5579 1375 5638 et
1421 5574 1883 5659 generationes
1933 5592 2316 5658 perversas,
2384 5570 2505 5634 sub
2553 5589 2829 5655 quorum
2881 5566 3170 5631 dominio
3220 5567 3398 5633 dicta
3444 5570 3601 5633 villa

531 5675 613 5741 de
662 5675 1163 5764 Stywikerwald
1211 5700 1346 5746 non
1393 5686 1495 5745 est
1541 5679 1698 5763 sita,
1747 5680 2078 5760 consistit,
2126 5684 2397 5764 propter
2447 5677 2741 5739 tirannos
2788 5675 2993 5761 ipsos,
3042 5675 3154 5760 qui
3193 5674 3320 5740 Dei
3364 5676 3595 5740 timore

749 5816 836 5876 11.
3306 5817 3383 5873 22
