4450 6684
772 408 904 473 346
1988 403 2213 469 lnnnx
2270 403 2633 469 Locoumt.

774 627 1074 689 Beuxie
1107 625 1390 703 (Beueie,
1416 624 1667 704 Ray-io)
1694 623 1975 703 princeps
2003 624 2079 685 de
2107 625 2218 703 93,

854 757 912 798 v.
956 735 1157 797 Gnido
1196 735 1301 812 de,
1344 734 1713 794 Wilhelmns
1753 733 1847 794 de.

773 845 1177 907 Beddebnr
1214 843 1472 905 ecelesia
1513 842 1573 903 S.
1616 844 1847 903 Mariae
1886 844 1997 915 20,
2040 844 2137 904 56.

771 954 1059 1016 Beesde
1098 974 1155 1014 v.
1199 954 1400 1014 Beest.

771 1063 1285 1142 Beeseghoem
1327 1083 1383 1123 v.
1427 1063 1775 1123 Beuseeom.

772 1175 1001 1235 Beest
1057 1175 1204 1252 285,
1260 1175 1409 1251 320,
1466 1193 1523 1234 v.
1580 1173 1878 1233 Hem-iens
1934 1173 2070 1234 Yde
2108 1173 2217 1251 de,

852 1283 1163 1345 «Iohannes
1202 1284 1295 1344 de.

770 1394 1243 1471 Begutarnm
1285 1392 1544 1452 ecclesis.
1588 1392 1762 1452 1947.

772 1502 1094 1579 Belgica.
1133 1501 1444 1578 provincia
1485 1502 1542 1559 3.

771 1610 1271 1670 Bellimontis
1310 1628 1509 1671 eomes
1546 1609 1734 1684 (899).

771 1721 1255 1782 Belloeastro
1282 1720 1539 1780 ecclesis
1566 1719 1933 1798 paroehialis
1961 1719 2063 1797 de,
2092 1720 2218 1783 Mo·

852 1828 1041 1889 rinen.
1085 1828 1269 1890 dioec.
1317 1830 1488 1889 1442.

771 1940 1254 2000 Bellomonte
1296 1958 1352 1998 v.
1396 1936 1707 1997 «Iohannes
1735 1937 1841 2012 de,
1873 1936 2217 2016 Stephanus

849 2049 943 2109 de.

770 2158 1276 2218 Belvaeensis
1317 2157 1576 2218 ecclesie
1616 2158 1751 2217 596.

770 2268 1097 2328 Bemmel
1138 2268 1276 2343 277,
1318 2269 1455 2328 343.

770 2378 1315 2438 Beneventana
1354 2375 1612 2437 eeclesia
1653 2377 1790 2435 681.

770 2485 1135 2546 Benthem
1191 2503 1389 2545 eomes
1442 2485 1517 2544 de
1566 2485 1718 2562 259,
1759 2487 1908 2563 343,
1950 2486 2101 2563 591,
2154 2506 2213 2548 v.

852 2595 1119 2655 Jaeobus
1167 2593 1275 2671 de,
1316 2593 1659 2654 Meehsrius
1703 2594 1807 2672 de,
1849 2595 2216 2656 wilhelmus

851 2702 1129 2781 Symonis
1171 2702 1265 2763 de.

771 2813 1017 2873 Bereh
1059 2833 1115 2874 v.
1158 2813 1370 2873 Reieh.

769 2922 1243 2982 Berentrsde
1285 2941 1343 2981 v.
1387 2922 1729 2981 Isentrndis
1771 2922 1864 2983 de.

771 3031 916 3090 Ber
926 3030 1150 3109 ghum
1184 3031 1615 3091 monesterium
1643 3030 1772 3091 ord.
1797 3029 1856 3091 S.
1881 3031 2216 3110 Augustini

859 3141 1030 3199 1800.

773 3248 1228 3309 Berinehem
1270 3268 1326 3308 v.
1368 3248 1738 3309 wilhelmus
1780 3249 1873 3309 de.

772 3355 1148 3419 Bernardi
1184 3356 1244 3416 S.
1274 3356 1422 3417 Loci
1454 3357 1882 3417 monasterium
1909 3359 2214 3421 Gamerae.

852 3465 1036 3526 dioec.
1079 3466 1486 3526 Praemonstr.
1519 3465 1679 3543 σαὶ,
1712 3467 1857 3543 178,
1890 3467 2035 3545 199,
2066 3469 2214 3545 200,

853 3576 974 3635 Int.
1017 3575 1210 3635 LXV.

769 3685 1015 3745 Berne
1056 3705 1113 3745 v.
1156 3684 1501 3744 Bernsrdns
1542 3684 1634 3745 de.

772 3794 1159 3854 Bernense
1191 3794 1622 3854 monasterium
1653 3794 1780 3854 ord.
1809 3794 2214 3858 Praemonstr.

853 3903 1036 3978 1825,
1131 3904 1322 3980 2219,
1415 3904 1606 3981 2237,
1689 3905 1810 3964 Int.
1895 3905 2211 3983 XXXVI,

847 4011 1223 4072 XXXVIII.

766 4120 1123 4180 Berselis.
1164 4140 1220 4181 v.
1264 4120 1570 4181 Berselen.

766 4228 1219 4289 Bertehome
1260 4249 1318 4289 v.
1362 4228 1668 4291 Gerardns
1708 4231 1802 4291 de.

768 4338 1272 4399 Bertineourt
1316 4358 1372 4399 v.
1414 4338 1724 4400 Johannes
1767 4340 1858 4400 de.

764 4447 1216 4507 Bethlehem
1256 4450 1685 4508 monesterium
1713 4449 1838 4509 ord.
1873 4449 1933 4510 S.
1964 4452 2209 4530 Angus-

842 4557 960 4615 tini
1020 4558 1164 4634 130,
1225 4558 1372 4633 139,
1433 4560 1577 4635 141,
1635 4560 1784 4636 262,
1828 4560 1977 4637 323,
2020 4563 2208 4639 2142,

843 4665 1033 4743 2153,
1075 4665 1195 4725 Int.
1237 4666 1472 4726 LXXI.

762 4774 1172 4834 Beuseeom
1209 4775 1466 4835 ecelesia
1494 4777 1858 4854 paroehialis
1889 4779 2074 4855 1872,
2103 4779 2206 4840 do-

842 4881 1040 4941 minns
1093 4882 1169 4941 de
1208 4885 1358 4959 938,
1400 4904 1458 4944 v.
1500 4884 1883 4947 Hel-mannus
1925 4886 2032 4965 de,
2073 4888 2205 4948 Hu-

840 4991 1050 5051 bertus
1089 4991 1195 5067 de,
1237 4992 1547 5053 Johannes
1589 4995 1683 5055 de.

760 5100 1234 5160 Bevelendie
1276 5104 1373 5161 30.

760 5209 1260 5270 Beverweerd
1301 5218 1567 5272 castrum
1616 5214 1788 5276 1525.

759 5318 1178 5397 Beverwijk
1216 5321 1476 5382 ecclesie
1515 5324 1882 5401 paroehialis
1911 5327 2101 5404 2216,
2145 5346 2202 5388 v.

839 5425 1043 5487 Simon
1084 5428 1283 5489 dietus
1324 5430 1562 5509 Pinghe
1602 5434 1695 5494 de.

758 5534 1344 5598 Bibelethensis
1386 5559 1444 5600 v.
1487 5539 1957 5604 Gibelethensis.

2398 623 2709 685 Bierste
2751 644 2806 683 v.
2851 624 3112 684 Hsthies
3155 624 3247 684 de.

2398 733 2791 793 Biervliet
2833 733 3090 793 eeclesia
3125 732 3493 811 paroehialis
3522 733 3578 792 b.
3607 730 3866 791 Nieolsi

2480 843 2590 920 53,
2650 844 2800 919 472,
2861 844 3047 920 1789,
3104 844 3295 919 2114,
3357 842 3479 902 Int.
3536 840 3884 916 XLVIII3,

2481 951 2542 1013 S.
2583 953 2808 1013 Metine
2852 954 3025 1029 1977,
3066 952 3245 1011 2114.

2399 1060 2705 1122 Biernm
2749 1081 2805 1122 v.
2848 1061 3119 1122 Elbodus
3160 1061 3255 1121 de.

2399 1171 2768 1249 Bigardis
2810 1190 2867 1230 v.
2912 1169 3398 1249 Grand-Bigerd.

2401 1281 2668 1341 Bilant
2724 1300 2780 1340 v.
2836 1279 3139 1341 Heni-iens
3193 1280 3298 1358 de,
3340 1279 3704 1340 Msehteldis
3748 1277 3880 1353 de,-

2479 1389 2628 1451 otto
2669 1390 2761 1450 de.

2400 1500 2827 1561 Bineherst
2870 1519 2926 1559 v.
2967 1498 3172 1560 Simon
3214 1500 3322 1577 de,
3364 1499 3631 1561 Jaoobus
3669 1496 3774 1556 de.

2398 1609 2699 1670 Binken
2741 1629 2800 1670 v.
2841 1609 3177 1687 Margarita
3217 1608 3311 1668 de.

2400 1720 2742 1780 Bitnleti
2785 1739 2843 1780 v.
2885 1719 3189 1780 Bebertus
3231 1719 3324 1780 de.

2400 1828 2955 1889 Blsnkenheim
2999 1849 3054 1888 v.
3101 1828 3463 1889 Frederiens
3503 1827 3594 1887 de.

2398 1937 2692 1999 Blehen
2734 1957 2791 1999 v.
2835 1937 3226 1998 Everhsrdus
3264 1942 3446 1997 natus
3485 1935 3655 1997 Petri
3696 1934 3800 1993 de.

2397 2048 2802 2109 Blesensis
2843 2067 3041 2108 eomes
3083 2049 3234 2125 532,
3280 2047 3465 2124 1819,
3511 2047 3684 2106 1820.

2396 2157 2657 2217 Blesis
2700 2178 2757 2219 v.
2800 2158 3111 2218 «Iohannes
3152 2158 3245 2218 de.

2395 2267 2746 2345 Bobarga
2787 2267 2964 2327 2269.

2397 2377 2792 2438 Boohhold
2843 2377 3152 2453 (Bocholt)
3193 2376 3451 2437 ecelesia
3485 2371 3872 2453 paroehialis-

2474 2489 2796 2549 Monaster.
2839 2488 3026 2549 dioec.
3075 2488 3246 2548 1637.

2397 2597 2794 2658 Boeehout
2834 2596 3237 2674 (Bocchonte,
3266 2595 3568 2669 Beehont)
3595 2591 3853 2654 eeclesia

2476 2706 2843 2785 paroehialis
2909 2708 3094 2783 1058,
3159 2726 3216 2766 v.
3271 2705 3574 2766 Hem'ieus
3628 2703 3733 2780 de,
3791 2722 3849 2761 τ.

2476 2816 2790 2877 Boekholt.

2396 2925 2882 3004 Bodegraven
2939 2925 3196 2985 eeclesia
3252 2925 3617 3003 puoolu'slis
3660 2924 3850 3000 1556,

2482 3035 2664 3104 1557.
2709 3035 2886 3094 2149.

2397 3144 2786 3205 Boeeheim
2831 3164 2888 3203 v.
2930 3143 3315 3204 Hel-mannus
3356 3145 3509 3206 Rost
3551 3144 3643 3205 de.

2397 3253 2759 3315 Boekholt
2800 3272 2858 3314 v.
2886 3254 3190 3314 Hem-icus
3219 3255 3320 3331 de,
3349 3254 3689 3316 Weseellus
3715 3252 3848 3315 wi-

2477 3364 2610 3441 geri
2651 3363 2742 3423 de.

2397 3472 2824 3532 Boekstelle
2866 3472 3250 3549 (Boecstelle)
3296 3494 3354 3534 v.
3395 3475 3664 3536 Bokstel.

2397 3582 2837 3642 Boetzelear
2876 3601 2937 3643 v.
2979 3583 3321 3643 Butzelsar.

2396 3690 2745 3751 Bohemis.
2792 3693 2977 3768 1766,
3020 3693 3208 3769 2052,
3252 3713 3428 3773 reges
3469 3697 3618 3774 885,
3664 3698 3844 3771 1031,

2483 3802 2668 3877 1032,
2716 3802 2901 3878 1100,
2945 3802 3136 3879 2118,
3178 3804 3369 3881 2202,
3412 3806 3603 3883 2203,
3645 3805 3868 3882 (899),-

2475 3911 2665 3985 2283,
2706 3910 2827 3969 Int.
2870 3911 3062 3970 XXV.

2393 4018 2696 4079 Bokstel
2741 4038 2797 4078 v.
2839 4019 3147 4080 Arnoldus
3189 4021 3280 4081 de.

2393 4127 2834 4188 Boltholdis.
2874 4149 2933 4188 v.
2976 4129 3292 4191 Boekholt.

2391 4239 2714 4300 Bommel
2785 4241 3078 4316 (Bomele)
3148 4241 3407 4302 eeclesia
3477 4245 3624 4319 778,
3693 4242 3858 4319 917,-

2477 4350 2661 4426 1098,
2697 4351 2881 4427 1171,
2914 4351 3102 4427 1181,
3131 4351 3321 4427 2122,
3362 4350 3667 4430 hospitale
3694 4353 3842 4427 778,

2469 4479 2527 4517 v.
2571 4459 2872 4518 Hem-icus
2914 4459 3171 4519 clericus
3213 4459 3308 4520 de.

2389 4567 2592 4629 Bone
2607 4586 2730 4645 spe
2784 4567 2892 4646 de,
2948 4571 3379 4629 monesterium
3432 4568 3841 4632 maricolensis

2473 4676 2661 4737 dioec.
2705 4677 2850 4754 586,
2900 4679 3034 4738 726.

2388 4787 2730 4863 Bongart
2782 4807 2840 4847 v.
2884 4785 3193 4849 Germ-dns
3233 4789 3309 4850 de
3351 4790 3648 4852 Pomeriis
3686 4790 3862 4850 eliae-
3993 4860 3998 4863 Α

2466 4895 2559 4956 de.

2384 5003 2775 5082 Boningen
2816 5006 2915 5064 34.

2385 5112 3027 5191 Bonnyngbroeek
3068 5116 3243 5177 2277.

2383 5222 2713 5282 Bononia
2753 5243 2809 5283 v.
2855 5223 3166 5285 «Iohannes
3206 5224 3299 5286 de.

2384 5331 2881 5392 Bononiensis
2914 5333 3170 5393 ecclesie
3195 5335 3337 5411 167,
3359 5336 3682 5416 episeopus
3697 5336 3858 5397 ⁹82..

2382 5439 2753 5501 Borbonio
2795 5461 2853 5501 v.
2896 5442 3164 5504 Jacobus
3205 5443 3298 5504 de.

2382 5548 2699 5609 Boreulo
2738 5551 3008 5629 (Borelo)
3055 5572 3111 5612 v.
3156 5551 3470 5614 Gersrdus
3511 5553 3606 5615 de.

2208 6624 4261 6666 ‚7-—.—..——.-———.-—..—-——-
