4450 6684
826 568 912 631 54
2046 559 2506 627 Innocua-rme
2550 558 2672 626 VI.

818 783 1003 853 1473.
1836 783 2046 864 1353,
2097 780 2332 846 Martii
2377 782 2450 863 1,
2498 780 2865 845 Avenionis.

1140 938 1337 1002 Petro
1398 937 1475 1001 de
1535 935 1729 1001 Velde
1795 936 2111 1000 licentiato
2155 937 2226 999 in
2271 935 2534 1001 decretis
2584 943 2911 1020 tamquam
2954 933 3188 999 rectori
3230 933 3650 1016 confirmatur
3683 953 3887 1017 paro·

1045 1045 1274 1110 chialis
1321 1045 1578 1108 ecclesia
1621 1043 1699 1106 de
1759 1041 2077 1107 Voerhout
2131 1040 2315 1125 Traj.
2364 1043 2592 1124 dioec.,
2640 1062 2683 1106 a
2732 1040 3041 1106 Clemente
3073 1061 3260 1127 papa
3319 1038 3426 1103 VI
3464 1040 3565 1104 die
3593 1042 3684 1104 25
3716 1039 3890 1123 Maji

1043 1172 1148 1216 an.
1197 1151 1377 1216 1349
1424 1150 1753 1214 collationi
1796 1147 1961 1213 sedis
2006 1149 2390 1233 apostolicae
2433 1156 2791 1228 reservata,·
2836 1147 2946 1212 sed
2989 1168 3131 1212 cum
3164 1167 3290 1232 per
3335 1146 3571 1211 obitum
3600 1146 3889 1212 Aelberti

1044 1256 1199 1321 dicti
1264 1256 1539 1320 Terninc
1583 1263 1837 1320 vacaret
1883 1262 1941 1319 et
1969 1257 2120 1338 jam
2166 1255 2268 1319 die
2313 1256 2396 1319 31
2452 1253 2735 1320 Octobris
2781 1275 2887 1319 an.
2937 1255 3119 1319 1352
3164 1253 3358 1319 eidem
3404 1253 3602 1319 Petro
3646 1254 3884 1319 collata

1040 1372 1223 1445 esset,
1289 1363 1507 1427 literae
1566 1361 1854 1446 desuper.
1895 1361 2209 1444 confectae
2270 1381 2398 1426 non
2457 1370 2627 1426 sunt.
2692 1397 2776 1410 —
2824 1360 3241 1447 Deputantur
3285 1368 3666 1445 executores,
3712 1362 3879 1425 inter

1041 1490 1195 1554 quos
1250 1467 1665 1533 Theodericus
1710 1467 1786 1531 de
1830 1467 2098 1550 Jutfaes
2144 1469 2483 1531 canonicus
2539 1467 2981 1552 Trajectensis.

1038 1653 1318 1721 Baeioni
1366 1653 1690 1737 congruit.
1719 1698 1735 1715 .
1762 1699 1778 1716 .
1810 1700 1825 1715 .
1874 1651 2028 1717 Dat.
2076 1650 2450 1732 Avinione,
2496 1649 2607 1713 Kl.
2655 1649 2918 1733 Marcii,
2967 1668 3143 1715 anno
3190 1649 3422 1736 primo,

1232 1787 1359 1851 Bey.
1393 1785 1488 1837 Δο.
1534 1789 1590 1837 T.
1624 1786 1677 1850 1,
1708 1787 1767 1851 s.
1803 1785 1943 1836 425⁰.

821 2194 1012 2263 1474.
1827 2195 2028 2276 1353,
2076 2192 2316 2257 Martii
2359 2194 2482 2275 27,
2525 2192 2892 2257 Avenionis.

1131 2349 1454 2435 Stephano
1511 2348 1768 2414 Alberti
1824 2348 2118 2411 canonico
2166 2347 2454 2410 ecclesiae
2500 2345 2570 2410 S.
2617 2345 2809 2410 Petri
2863 2344 3045 2431 Traj.
3093 2345 3475 2428 conferenda
3518 2354 3881 2412 reservatur

902 2526 906 2531 ,
1040 2456 1420 2521 scholastria
1459 2453 1734 2538 ejusdem
1765 2454 2083 2535 ecclesiae,
2119 2472 2284 2537 quae
2313 2472 2540 2516 vacare
2569 2471 2715 2515 mox
2743 2459 3062 2536 speratur,
3095 2472 3237 2516 cum
3259 2450 3582 2517 Hem-icus
3607 2452 3881 2535 Moliart

1025 2562 1383 2630 ‚decanatus
1430 2559 1498 2624 S.
1543 2559 1867 2625 Johannis
1923 2557 2106 2641 Traj.
2143 2557 2485 2643 pacificam
2533 2565 2852 2622 assecutus
2894 2558 3101 2641 fuerit
3134 2561 3604 2645 possessionem.
3640 2597 3723 2610 —
3753 2559 3881 2625 De-

1026 2676 1353 2754 putantur
1398 2674 1768 2732 executores.

1036 2848 1475 2934 Exigentibus
1521 2845 1888 2935 probitatis,
1921 2894 1936 2910 .
1964 2893 1980 2910 .
2008 2893 2025 2910 .
2074 2845 2231 2911 Dat.
2279 2844 2647 2930 Avinione,
2696 2846 2797 2913 VI
2842 2846 2953 2913 Kl.
3001 2847 3287 2936 Aprilis,
3334 2868 3507 2913 anno
3554 2850 3785 2936 primo·

1236 2983 1360 3046 περ.
1397 2982 1495 3031 An.
1538 2983 1592 3032 T.
1627 2982 1684 3045 4,
1710 2983 1772 3047 s.
1806 2979 1947 3032 171⁹.

820 3385 1006 3454 1475.
1814 3384 2024 3465 1353,
2073 3382 2309 3447 Martii
2353 3384 2472 3466 28,
2519 3383 2884 3448 Avenionis.

1143 3538 1404 3622 „Aelidi
1475 3537 1558 3604 de
1626 3537 2086 3603 Rieeohusen”
2158 3537 2426 3602 moniali
2491 3537 2858 3600 monasterii
2923 3537 2994 3598 iu
3061 3534 3630 3602 Vrouwencloester
3679 3557 3886 3624 prope

1053 3644 1416 3729 Trajectum
1484 3644 1729 3709 ordinis
1786 3643 1854 3708 S.
1902 3643 2228 3708 Benedicti
2274 3642 2633 3708 conceditur
2667 3643 3080 3728 privileyium
3104 3644 3446 3727 plenariae
3468 3650 3874 3728 peecatorum

1047 3754 1429 3817 remissionis
1475 3754 1543 3815 in
1589 3752 1865 3816 articulo
1911 3752 2152 3815 mortis.
2183 3750 2237 3833 1)

1041 3933 1362 3999 Provenit
1408 3953 1517 3998 ex.
1545 3979 1561 3996 .
1589 3978 1605 3995 .
1634 3976 1652 3996 .
1699 3929 1855 3994 Dat.
1902 3927 2274 4010 Avinione,
2323 3929 2388 3994 V
2433 3927 2544 3993 Kl.
2593 3926 2878 4014 Aprilis,
2928 3947 3103 3993 anno
3151 3928 3382 4016 primo.

1241 4068 1364 4132 Beq.
1406 4068 1498 4117 Δο.
1542 4067 1598 4116 Τ.
1630 4064 1686 4129 5,
1715 4065 1780 4129 s.
1813 4061 1898 4114 74.

974 4213 1031 4278 1)
1068 4211 1174 4264 Cfr.
1207 4225 1371 4276 supra
1404 4223 1557 4261 num.
1589 4208 1740 4261 1433.

818 4613 1007 4681 1476.
1810 4611 2018 4693 1353,
2069 4610 2330 4695 Aprilis
2373 4611 2493 4692 16,
2539 4607 2905 4674 Avenionis.

1138 4763 1336 4828 Petro
1383 4762 1548 4827 dicto
1599 4761 1797 4827 Ghier
1842 4769 2167 4847 tamquam
2196 4764 2429 4827 rectori
2457 4762 2788 4845 confertur
2806 4763 3208 4846 parochialis
3239 4764 3494 4829 ecclesia
3524 4763 3600 4828 de
3629 4763 3852 4829 Driele
3869 4813 3887 4849 ‚

1035 4889 1165 4954 pro
1231 4887 1362 4952 qua
1418 4887 1559 4930 cum
1614 4865 1990 4930 Theoderico
2036 4866 2200 4931 dicto
2263 4865 2497 4931 Warin
2542 4868 2983 4931 canonicatum
3027 4873 3087 4932 et
3120 4867 3552 4952 praebendam
3596 4869 3882 4934 eeclesiae

1055 4970 1743 5056 „Zantboemelonsis”
1793 4992 1868 5035 ac
1902 4970 2345 5056 parochialem
2390 4972 2707 5036 ecclesiam
2752 4972 2829 5036 de
2882 4971 3054 5037 Tula
3081 4972 3135 5055 1)
3183 4971 3364 5056 Traj.
3404 4973 3592 5038 dioec.
3620 4975 3885 5058 putavit

1032 5078 1517 5165 permutandas.
1570 5114 1653 5125 -
1701 5075 2119 5162 Deputantur
2164 5082 2516 5141 executores
2535 5124 2553 5160 ‚
2614 5079 2781 5142 inter
2826 5097 2982 5162 quos
3037 5076 3456 5144 Theodericus
3500 5079 3577 5145 de
3620 5077 3885 5161 Jutfaes

1045 5187 1380 5249 canonieus
1433 5182 1876 5266 Trajectensis.

1046 5364 1429 5453 Apostolioe
1477 5362 1674 5429 sedis.
1702 5411 1719 5428 .
1748 5411 1765 5429 .
1800 5411 1815 5428 .
1865 5364 2017 5429 Dat.
2066 5363 2435 5448 Avinione,
2482 5363 2653 5430 XVI
2699 5363 2810 5430 Kl.
2859 5363 3058 5451 MaJi‚
3106 5384 3281 5430 anno
3327 5363 3561 5451 primo·

1241 5500 1368 5562 Req-
1401 5499 1499 5549 Av.
1542 5495 1603 5547 T.
1640 5495 1694 5561 3,
1718 5499 1779 5563 s.
1812 5496 1953 5549 169·.
3454 5501 3462 5509 ·

976 5626 1034 5691 1)
1068 5625 1189 5676 Tuil
1223 5624 1282 5673 in
1317 5621 1511 5673 Gelria.
