4450 6684
921 485 1051 549 184
2177 487 2582 552 Ganeoams
2624 486 2749 552 xl.

1234 707 1316 772 D.
1415 707 1813 772 Cancellario
1883 708 2169 771 ecclesiae
2216 707 2611 771 Parisiensis
2655 708 3042 792 mandatur,
3107 716 3178 772 ut
3225 708 3506 773 Henrico
3552 709 3631 773 de
3684 708 3919 774 Thenis
3943 711 4000 794 Β)

1143 815 1369 879 clerico
1402 813 1583 896 Traj.
1610 813 1832 894 dioec.,
1867 815 2173 897 maqistro
2205 815 2275 876 in
2307 814 2555 877 artibus
2588 821 2646 877 et
2679 817 2745 876 in
2778 835 2965 879 sacra
3000 815 3312 899 theoloqia
3332 836 3456 900 per
3489 823 3614 879 tres
3627 817 3776 898 jam
3800 836 4001 882 annos

1137 921 1453 1001 studenti,
1516 926 1785 983 reservet
1842 918 2200 1001 beneficium
2249 919 2697 1002 conferendum
2742 941 2783 984 a
2829 922 3110 1004 capitulo
3159 920 3225 985 S.
3277 920 3466 985 Petri
3519 921 3705 1004 Traj.
3753 930 3813 985 et
3857 943 3998 986 cum

1149 1048 1307 1090 cura
1354 1029 1472 1108 25,
1520 1027 1653 1090 sine
1698 1047 1855 1090 cura
1902 1048 2044 1089 vero
2090 1027 2179 1089 16
2226 1046 2594 1090 marcarum
2625 1029 2875 1111 arqenti
2903 1028 3180 1092 valorem
3210 1048 3498 1092 annuum
3527 1048 3654 1091 non
3682 1028 3994 1094 excedens.

1231 1133 1307 1198 Ε.
1402 1132 1640 1197 Abbati
1706 1134 2073 1196 monasterii
2142 1132 2209 1195 S.
2279 1132 2630 1214 Genovefae
2691 1133 3084 1197 Parisiensis
3147 1134 3531 1217 mandatur,
3603 1142 3677 1198 ut
3722 1134 3995 1200 Nicolao

1144 1239 1428 1304 Scattere
1488 1240 1710 1303 clerico
1782 1238 1965 1318 Traj.
2028 1239 2216 1303 dioec.
2243 1288 2260 1321 ,
2309 1242 2613 1322 maqistro
2661 1243 2730 1303 in
2777 1240 3062 1323 artibus,
3110 1241 3182 1304 in
3228 1241 3539 1304 medicina
3585 1240 3993 1305 baccalaureo

1141 1351 1200 1408 et
1268 1347 1337 1407 in
1408 1344 1718 1428 theoloqia
1786 1343 2104 1425 studenti,
2167 1344 2457 1425 conferat
2518 1347 2959 1410 canonicatum
3025 1353 3086 1409 et
3141 1353 3411 1410 reservet
3445 1345 3878 1430 praebendam
3923 1348 3992 1411 in

1144 1451 1398 1514 ecclesia
1445 1449 1513 1512 S.
1561 1448 1885 1514 Johannis
1947 1449 2126 1534 Traj.

1229 1556 1304 1620 F.
1402 1555 1694 1638 Officiali
1765 1555 1949 1636 Traj.
2012 1556 2401 1637 mandatur,
2471 1564 2545 1621 ut
2603 1555 2944 1621 Wilhelmo
2990 1556 3200 1621 Buser
3247 1557 3663 1639 subdiacono,
3711 1558 3996 1621 ecclesiae

1147 1661 1329 1745 Traj.
1378 1666 1672 1726 canonico
1710 1662 2172 1746 praebendato,
2223 1665 2292 1725 in
2339 1662 2587 1726 artibus
2634 1665 2940 1747 maqistro
2987 1672 3046 1727 et
3091 1666 3161 1728 in
3202 1664 3509 1727 medicina
3549 1663 3987 1746 baccalaureo,

1143 1770 1258 1853 qui
1324 1769 1430 1849 „in
1494 1768 1778 1833 decretis
1825 1789 1944 1854 per
1991 1774 2304 1853 quattuor
2350 1788 2558 1832 annos
2607 1774 2674 1832 et
2722 1770 3000 1854 amplius
3048 1769 3304 1833 studuit
3351 1770 3594 1854 quique
3641 1770 3710 1833 in
3759 1769 3986 1835 eadem

1138 1875 1468 1939 medicina
1526 1875 1808 1960 legendo
1873 1896 2136 1938 cursum
2200 1895 2390 1938 suum
2453 1875 2808 1961 complevit
2869 1882 2938 1941 et
2997 1874 3248 1939 dudum
3294 1876 3745 1941 universitatis
3792 1876 3987 1941 studii

1136 1980 1528 2044 Parisiensis
1576 1987 1792 2044 rector
1837 1978 2031 2059 fuit”‚
2076 1979 2372 2042 similiter
2405 1979 2739 2062 provideri
2782 1979 2990 2061 faciat
3030 1981 3101 2043 in
3131 1981 3386 2043 ecclesia
3417 1979 3471 2043 b.
3508 1979 3764 2043 Mariae
3803 1978 3983 2063 Trai.

1138 2163 1429 2250 Dignum
1479 2164 1893 2228 arbitramur.
1923 2210 1937 2226 .
1967 2210 2026 2226 ..
2078 2162 2232 2227 Dat.
2282 2162 2647 2243 Avinione,
2698 2160 2798 2227 VI
2844 2161 2954 2226 Kl.
3007 2161 3388 2244 Februarii,
3438 2181 3611 2225 anno
3660 2161 3896 2246 primo.

1328 2282 1448 2344 1209.
1487 2282 1586 2330 Aa.
1619 2281 1809 2330 seilicet
1846 2280 1889 2329 A
1932 2282 1984 2328 T.
2023 2279 2067 2340 7,
2099 2281 2154 2346 s.
2193 2279 2314 2341 205;
2353 2279 2391 2327 B
2428 2279 2478 2338 f·
2514 2277 2639 2340 212;
2678 2277 2802 2342 cf.
2840 2277 2963 2342 2¹⁴3
3003 2279 3044 2327 n
3090 2281 3145 2328 Y.
3181 2278 3326 2342 9‚s.
3361 2277 3489 2341 236;
3527 2277 3568 2327 E
3611 2280 3664 2327 r.
3693 2275 3999 2342 7,s.363·;

1260 2365 1297 2413 F
1321 2366 1382 2429 s.
1418 2363 1533 2414 383.

1058 2475 1114 2541 1)
1151 2472 1293 2525 Olim
1329 2490 1495 2540 pagus
1530 2477 1587 2525 in
1623 2475 1886 2524 zelandia.
2087 2473 2142 2537 2)
2182 2473 2534 2524 Probabiliter
2567 2474 2793 2537 Teerns,
2833 2473 2982 2524 vicus
3017 2474 3073 2524 in
3113 2474 3299 2524 Frisia.

901 2792 1365 2862 1935—1943.
1861 2798 2072 2879 1371,
2120 2796 2440 2860 Januarii
2484 2797 2603 2877 27,
2652 2796 3016 2860 Avenionis.

1219 2949 1302 3014 A.
1403 2950 1731 3036 Rodolpho
1778 2950 1852 3015 de
1899 2949 2330 3015 Dodenwerke
2353 2950 2407 3032 ¹)
2456 2950 2678 3013 clerico
2719 2948 2899 3033 Traj.
2932 2950 3156 3033 dioec„
3204 2952 3508 3036 maqistro
3539 2951 3610 3014 in
3638 2949 3886 3014 artibus
3915 2955 3976 3013 et

1124 3059 1195 3122 in
1253 3057 1565 3142 theoloqia
1608 3057 1923 3140 studenti,
1981 3065 2344 3121 reservatur
2391 3055 2752 3139 beneficium
2797 3056 3247 3139 conferendum
3292 3077 3334 3121 a
3380 3057 3662 3141 capitulo
3707 3054 3775 3119 S.
3828 3054 3975 3119 Sal-

1120 3166 1360 3228 vatoris
1416 3163 1597 3246 Traj.
1644 3171 1702 3227 et
1746 3184 1887 3227 cum
1932 3184 2091 3227 cura
2137 3165 2256 3246 25,
2305 3164 2439 3227 sine
2483 3183 2642 3226 cura
2686 3183 2828 3227 vero
2875 3164 2964 3227 18
3011 3184 3380 3227 marcarum
3412 3165 3664 3247 arqenti
3690 3163 3966 3227 valorem

1120 3289 1406 3334 annuum
1452 3290 1579 3333 non
1624 3269 1936 3333 excedens.

1210 3374 1289 3439 B.
1385 3375 1634 3460 Helyae
1679 3374 1755 3438 de
1804 3374 2003 3439 Oerde
2047 3376 2270 3439 clerico
2327 3374 2508 3456 Traj.
2558 3374 2781 3457 dioec.,
2830 3377 3136 3460 maqistro
3181 3378 3252 3439 in
3297 3374 3544 3439 artibus
3575 3376 3734 3438 etin
3762 3373 3972 3456 facul-

1122 3487 1248 3544 tate
1296 3480 1639 3565 theoloyica
1682 3480 1999 3563 studenti,
2046 3488 2410 3545 reservatur
2455 3482 2660 3544 simile
2706 3479 3065 3561 beneficium
3115 3479 3562 3562 conferendum
3608 3501 3652 3550 α
3687 3480 3966 3564 capitulo

1119 3585 1185 3650 S.
1237 3586 1559 3651 Johannis
1616 3587 1799 3669 Traj.

1213 3691 1286 3756 O.
1379 3691 1427 3755 Ι
1427 3701 1543 3756 tem
1589 3692 1861 3756 Roberto
1907 3691 1982 3755 de
2031 3690 2226 3776 Creyc
2253 3691 2308 3773 2)
2354 3692 2576 3754 clerico
2630 3690 2813 3772 Traj.
2862 3689 3086 3772 dioec.,
3136 3693 3441 3775 mayistro
3487 3692 3556 3754 in
3602 3688 3867 3753 artibus.

1206 3798 1288 3861 D.
1374 3797 1614 3862 Jacobo
1678 3798 2011 3862 Scaernier
2056 3799 2279 3862 clerico
2336 3796 2517 3878 Traj.
2566 3795 2787 3878 dioec.,
2836 3799 3144 3880 mayistro
3190 3799 3260 3860 in
3306 3795 3553 3860 artibus
3602 3803 3660 3859 et
3707 3797 3774 3858 in
3800 3796 3960 3878 jure

1107 3907 1403 3969 canonico
1464 3905 1780 3989 studenti,
1844 3906 2048 3969 simile
2107 3911 2473 3968 reservatur
2537 3903 2898 3983 beneficium
2959 3902 3409 3986 conferendum
3471 3922 3512 3965 a
3557 3902 3838 3985 capitulo
3884 3898 3957 3964 S.

1101 4012 1461 4078 Salvatoris
1515 4012 1699 4095 Traj.

1189 4115 1265 4181 E.
1359 4116 1651 4180 Martino
1713 4114 1943 4179 Jacobi
2001 4115 2223 4178 clerico
2283 4112 2463 4195 Traj.
2512 4112 2702 4176 dioec.
2725 4160 2743 4195 ,
2791 4114 3097 4196 maqistro
3144 4113 3215 4176 in
3261 4111 3543 4193 artibus,
3592 4117 3953 4176 reservatur

1103 4224 1309 4286 simile
1355 4223 1712 4303 beneficium
1759 4221 2207 4303 conferendum
2258 4240 2300 4282 a
2334 4221 2705 4303 praeposito
2755 4218 2822 4282 S.
2870 4218 3232 4282 Salvatoris
3289 4216 3474 4300 Traj.

1186 4331 1263 4394 F.
1363 4330 1627 4393 Galtero
1693 4327 2073 4392 Ghiselberti
2134 4328 2359 4390 clerico
2429 4326 2613 4407 Traj.
2663 4324 2852 4389 dioec.
2874 4373 2891 4407 ,
2955 4326 3262 4408 maqistro
3306 4326 3377 4388 in
3423 4322 3704 4405 artibus,
3751 4324 3958 4387 simile

1100 4442 1466 4498 reservatur
1515 4433 1875 4514 beneficium
1919 4431 2370 4513 conferendum
2416 4450 2456 4492 a
2502 4430 2783 4513 capitulo
2830 4429 3303 4492 Daventriensi.

1191 4541 1271 4604 G.
1365 4540 1657 4604 Johanni
1701 4539 1914 4624 Puqel
1960 4541 2264 4621 maqistro
2311 4539 2380 4599 in
2427 4536 2675 4599 artibus
2723 4544 2781 4598 et
2827 4536 2896 4598 in
2943 4534 3255 4598 medicina
3299 4534 3580 4597 studenti
3615 4532 3944 4615 confertur

1099 4650 1507 4710 canonicatus
1538 4655 1595 4709 et
1626 4652 1986 4708 reservatur
2009 4643 2380 4728 praebenda
2410 4664 2551 4706 cum
2582 4644 3014 4726 supplemento
3047 4643 3117 4704 in
3150 4643 3406 4705 ecclesia
3438 4641 3504 4704 S.
3540 4640 3731 4705 Petri
3767 4640 3953 4723 Traj.

1188 4753 1279 4817 Η.
1379 4753 1575 4815 Petro
1619 4752 1820 4814 Ellici
1864 4751 1939 4814 de
1978 4751 2248 4813 Zerixze
2272 4750 2325 4832 3)
2375 4752 2676 4833 maqistro
2723 4752 2792 4812 in
2839 4746 3087 4812 artibus
3134 4750 3430 4812 similiter
3461 4748 3842 4832 providetur
3885 4749 3954 4811 in

1096 4860 1349 4922 ecclesia
1399 4859 1464 4921 S.
1515 4856 1787 4921 Lebuini
1831 4857 2301 4920 Daventriensi.

1184 4964 1240 5029 I.
1349 4963 1687 5028 Wilhelmo
1753 4962 2099 5026 Zuermont
2132 4960 2542 5045 presbyterO,
2608 4960 3013 5024 baccalaureo
3065 4962 3134 5023 in
3182 4959 3443 5023 decretis
3488 4967 3548 5023 et
3591 4962 3660 5023 in
3707 4958 3954 5024 artibus

1094 5091 1136 5135 a
1180 5073 1269 5134 17
1294 5072 1443 5154 jam
1489 5072 1676 5133 annis
1724 5071 2056 5154 mayistro,
2110 5069 2344 5131 rectori
2368 5067 2773 5152 parochialis
2804 5066 3093 5130 ecclesiae
3124 5068 3194 5129 in
3226 5066 3474 5130 Brakel
3512 5064 3690 5149 Traj.
3723 5066 3950 5148 dioec„

1090 5176 1273 5240 ultra
1319 5177 1407 5238 25
1451 5174 1723 5256 florenos
1772 5175 1923 5236 auri
1962 5173 2299 5236 annuatim
2343 5192 2470 5234 non
2509 5172 2808 5252 valentis,
2856 5171 3154 5234 similiter
3183 5170 3563 5255 providetur
3593 5172 3664 5233 in
3694 5171 3950 5234 ecclesia

1093 5280 1161 5345 S.
1212 5280 1536 5345 Johannis
1593 5281 1772 5363 Traj.
1825 5316 1906 5326 --
1955 5278 2095 5342 Pro
2144 5280 2416 5362 sinyulis
2456 5277 2850 5361 deputantur
2890 5284 3279 5360 eaeecutores,
3327 5279 3495 5340 inter
3527 5297 3684 5361 quos
3702 5298 3836 5362 pro
3868 5277 3950 5340 B.

1098 5387 1518 5452 Theodericus
1564 5386 1641 5450 de
1685 5386 1949 5468 Jutfaes
1998 5391 2056 5447 et
2091 5383 2528 5447 Ghiselbertus
2560 5383 2634 5445 de
2680 5382 3102 5447 Walenborch
3136 5383 3421 5446 canonici
3459 5381 3670 5466 Traj„
3715 5403 3837 5467 pro
3874 5381 3942 5446 0.

1094 5491 1450 5559 Lubbertus
1497 5493 1683 5557 Bolle
1728 5499 1787 5555 et
1831 5489 2200 5554 Everardus
2248 5488 2410 5552 Foec
2456 5491 2740 5552 canonici
2780 5488 2998 5572 Traj.,
3036 5509 3168 5573 pro
3200 5487 3260 5551 I.
3323 5487 3702 5552 Willtelmus
3735 5487 3942 5554 Buser

1094 5603 1429 5664 canonicus
1483 5599 1664 5683 Traj.
