4450 6684
922 494 1053 559 140
2220 492 2555 561 Usamus
2602 493 2686 559 V.

1140 713 1529 779 Venerabili
1574 712 1761 779 fratri
1808 713 1853 780 J
1855 713 2103 779 ohanni
2152 713 2464 801 episcopo
2513 712 2870 781 Leodiensi
2916 715 3198 781 salutem
3250 721 3364 778 etc.

1136 820 1423 887 Romani
1483 820 1852 907 pontificis,
1915 840 2111 907 quem
2174 827 2403 908 pastor
2463 820 2578 886 ille
2637 821 2902 887 celestis
2949 826 3018 886 et
3064 822 3414 908 episcopus
3462 821 3829 886 animarum
3873 841 3988 907 po·

915 929 1174 993 testatis
1238 927 1364 992 sibi
1425 926 1843 1013 plenitudine
1909 926 2155 993 tradita
2214 927 2509 993 ecclesiis
2557 928 2835 1016 pretulit
2880 928 3206 993 universis
3228 976 3247 1011 ,
3303 927 3503 1014 plena
3547 926 3790 1011 vigiliis
3836 926 3982 991 soli·

913 1033 1140 1099 citudo
1188 1033 1500 1121 requirit,
1546 1039 1624 1098 ut
1671 1034 1844 1100 circa
1889 1034 2245 1120 cujuslibet
2292 1039 2538 1099 statum
2572 1033 2848 1101 ecclesie
2880 1035 2974 1099 sic
3005 1034 3360 1120 vigilanter
3391 1034 3728 1119 excogitet
3759 1033 3980 1120 sicque

914 1140 1271 1228 prospiciat
1316 1137 1690 1226 diligenter,
1740 1138 1915 1227 quod
1963 1162 2081 1227 per
2127 1142 2272 1226 ejus
2318 1140 2816 1229 providenciam
2863 1141 3404 1228 circumspectam
3451 1161 3628 1206 nunc
3674 1160 3794 1226 per
3835 1140 3983 1204 sim-

914 1247 1105 1333 plicis
1166 1246 1559 1334 provisionis
1622 1245 1943 1330 officium,
2009 1268 2184 1312 nunc
2233 1269 2390 1313 vero
2438 1269 2558 1335 per
2603 1249 3040 1314 ministerium
3089 1247 3546 1314 translacionis
3593 1246 3978 1329 accomode,

914 1359 1110 1439 prout
1172 1374 1599 1440 personarum
1664 1360 1732 1419 et
1791 1354 2085 1419 locorum
2148 1376 2224 1420 ac
2291 1359 2659 1441 temporum
2723 1354 3007 1441 qualitas
3070 1354 3281 1439 exigit
3328 1360 3396 1419 et
3443 1354 3734 1440 ipsarum
3784 1353 3983 1417 eccle-

913 1460 1157 1524 siarum
1220 1459 1473 1524 utilitas
1535 1459 1924 1546 persuadet,
1994 1461 2291 1526 ecclesiis
2354 1462 2631 1547 singulis
2693 1468 2918 1548 pastor
2979 1459 3253 1527 accedat
3313 1460 3612 1546 ydoneus
3658 1467 3730 1525 et
3775 1466 4004 1525 rector>

914 1565 1231 1653 providus
1297 1566 1683 1654 deputetur,
1748 1568 1859 1654 qui
1922 1568 2243 1655 populum
2310 1568 2436 1633 sibi
2484 1570 2898 1634 commissum
2945 1588 3065 1654 per
3110 1589 3296 1633 suam
3343 1568 3987 1653 circumspectionem

914 1671 1255 1758 providam
1305 1678 1375 1737 et
1420 1673 1912 1759 providenciam
1962 1674 2503 1760 circumspectam
2554 1674 2903 1740 salubriter
2951 1673 3192 1761 dirigat
3239 1680 3310 1740 et
3346 1674 3657 1739 informet
3697 1694 3774 1738 ac
3814 1674 3982 1738 bona

918 1779 1194 1844 ecclesie
1243 1778 1367 1843 sibi
1415 1781 1759 1844 commisse
1809 1800 1943 1845 non
1991 1781 2203 1845 solum
2252 1781 2580 1866 gubernet
2628 1781 2882 1845 utiliter
2930 1780 3047 1845 sed
3080 1781 3287 1848 eciam
3321 1778 3726 1845 multimodis
3757 1779 3985 1845 efferat

918 1885 1363 1951 incrementis.
1456 1885 1723 1952 Dudum
1796 1886 2119 1974 siquidem
2189 1888 2600 1974 provisiones
2671 1889 2961 1954 omnium
3031 1890 3455 1954 ecclesiarum
3517 1886 3986 1953 cathedralium

916 2000 1164 2059 extunc
1233 1995 1664 2081 imposterum
1736 2001 2192 2060 vacaturarum
2264 2017 2384 2082 per
2450 1996 2914 2061 translationes
2978 1995 3060 2060 de
3123 1996 3392 2082 prelatis
3440 2015 3668 2061 earum
3714 1992 3988 2058 ubilibet

912 2102 1293 2166 constitutis
1355 2122 1474 2187 per
1520 2123 1641 2167 nos
1688 2102 2022 2167 faciendas
2073 2101 2155 2166 ad
2204 2103 2368 2168 alias
2416 2102 2728 2169 ecclesias
2775 2102 3191 2168 cathedrales
3240 2107 3398 2166 tunc
3443 2106 3756 2166 vacantes
3804 2105 3872 2164 et
3916 2099 3982 2163 in

925 2215 1124 2274 antea
1183 2215 1530 2274 vacaturas
1595 2208 1998 2275 ordinationi
2054 2223 2124 2275 et
2171 2209 2588 2297 dispositioni
2637 2217 2862 2276 nostre
2910 2209 3219 2274 duximus
3264 2208 3723 2291 reservandas,
3775 2207 3987 2272 decer-

920 2323 1157 2382 nentes
1206 2321 1453 2381 extunc
1500 2317 1759 2381 irritum
1806 2323 1875 2381 et
1921 2318 2150 2398 inane,
2199 2318 2255 2381 si
2302 2338 2492 2382 secus
2542 2337 2739 2404 super
2780 2317 2908 2381 hiis
2945 2337 3064 2403 per
3103 2335 3528 2402 quoscunque
3570 2314 3801 2401 quavis
3840 2334 3983 2378 auc-

923 2424 1191 2491 toritate
1239 2426 1523 2490 scienter
1570 2425 1676 2489 vel
1720 2425 2103 2509 ignoranter
2147 2425 2562 2509 contingeret
2595 2425 2995 2510 attemptari.
3059 2421 3487 2487 Postmodum
3523 2442 3678 2486 vero
3713 2419 3983 2486 ecclesia

916 2530 1305 2597 Leodiensis
1352 2551 1438 2594 ex
1485 2552 1564 2595 eo
1612 2530 1893 2616 pastoris
1942 2530 2183 2594 solacio
2235 2529 2593 2613 destituta,
2648 2530 2825 2616 quod
2860 2551 2980 2594 nos
3011 2529 3210 2595 hodie
3243 2528 3690 2594 venerabilem
3721 2529 3983 2593 fratrem

914 2644 1211 2702 nostrum
1243 2636 1718 2722 Engelbertum
1751 2637 2131 2722 episcopum
2167 2636 2322 2701 olim
2357 2635 2799 2702 Leodiensem
2832 2639 2900 2701 in
2933 2637 3495 2722 archiepiscopum
3527 2635 3981 2701 Coloniensem

919 2743 1240 2825 electum,
1304 2743 1460 2807 licet
1522 2743 1904 2825 absentem,
1968 2765 2009 2809 a
2069 2742 2375 2827 vinculo,
2441 2764 2570 2829 quo
2634 2743 2848 2808 eidem
2908 2742 3262 2809 Leodiensi
3311 2742 3620 2824 ecclesie,
3683 2742 3792 2806 cui
3836 2747 3988 2805 tunc

923 2858 1217 2937 preerat,
1284 2852 1666 2933 tenebatur,
1731 2850 1813 2916 de
1867 2850 2145 2915 fratrum
2195 2857 2568 2915 nostrorum
2616 2851 2887 2915 consilio
2938 2857 3006 2917 et
3053 2851 3410 2938 apostolice
3458 2850 3806 2937 potestatis
3853 2848 3983 2935 ple·

923 2956 1226 3022 nitudine
1277 2957 1731 3039 absolventes,
1779 2957 1993 3043 ipsum
2042 2957 2127 3022 ad
2176 2957 2521 3022 ecclesiam
2569 2957 3033 3023 Coloniensem
3082 2963 3243 3022 tunc
3290 2961 3634 3021 vacantem
3683 2955 3985 3020 duximus

926 3063 1484 3146 transferendum,
1532 3062 1932 3149 preficiendo
1984 3085 2135 3129 eum
2183 3061 2400 3128 eidem
2449 3063 2725 3129 ecclesie
2773 3063 3155 3129 Coloniensi
3201 3065 3269 3128 in
3317 3062 3878 3148 archiepiscopum
3923 3066 3989 3126 et

928 3176 1291 3258 pastorem,
1363 3191 1483 3236 nos
1545 3171 1627 3235 ad
1689 3172 2130 3257 provisionem
2193 3172 2400 3257 ipsius
2467 3171 2742 3237 ecclesie
2805 3171 3194 3237 Leodiensis
3255 3171 3536 3237 celerem
3584 3175 3654 3235 et
3699 3169 3985 3252 felicem,

918 3277 1001 3342 de
1063 3299 1193 3363 qua
1255 3278 1476 3342 nullus
1541 3285 1763 3364 preter
1813 3297 1933 3341 nos
1980 3278 2103 3342 hac
2151 3278 2295 3342 vice
2343 3298 2413 3342 se
2460 3277 2904 3343 intromittere
2953 3278 3172 3364 potuit
3220 3298 3436 3363 neque
3482 3281 3739 3362 potest,
3789 3295 3986 3340 reser-

924 3384 1189 3449 vatione
1238 3391 1305 3450 et
1332 3383 1619 3460 ,decreto
1668 3384 2142 3449 obsistentibus
2183 3383 2576 3470 supradictis
2599 3433 2616 3466 ,
2661 3404 2745 3448 ne
2775 3384 2920 3470 ipsa
2951 3383 3340 3449 Leodiensis
3372 3382 3650 3448 ecclesia
3682 3381 3984 3446 diuturne

922 3491 1284 3555 vacationis
1342 3490 1714 3576 subjaceret
1759 3489 2226 3573 incommodis,
2277 3491 2571 3577 paternis
2621 3498 2689 3557 et
2736 3490 3009 3555 solicitis
3058 3490 3292 3554 studiis
3341 3488 3797 3572 intendentes,
3843 3492 3988 3574 post

920 3596 1497 3678 deliberationem,
1547 3618 1743 3683 quam
1790 3596 1873 3661 de
1921 3596 2324 3683 preficiendo
2375 3596 2590 3662 eidem
2637 3598 2911 3663 ecclesie
2958 3596 3315 3663 Leodiensi
3360 3616 3709 3684 personam
3756 3595 3982 3660 utilem

920 3708 991 3768 et
1052 3704 1257 3768 eciam
1322 3703 1721 3768 fructuosam·
1767 3702 2119 3767 habuimus
2168 3723 2318 3766 cum
2368 3701 2561 3767 dictis
2608 3703 2920 3768 fratribus
2969 3701 3392 3787 diligentem,
3443 3700 3709 3767 demum
3757 3699 3840 3765 ad
3889 3707 3986 3782 te,

927 3817 1087 3875 tunc
1136 3810 1512 3896 episcopum
1546 3811 2071 3895 Trajectensem,
2122 3808 2552 3875 consideratis
2585 3810 3047 3897 multiplicium
3079 3810 3399 3875 virtutum
3431 3810 3712 3893 meritis,
3755 3809 3987 3895 quibus

919 3938 1269 4003 personam
1311 3921 1521 4000 tuam,
1572 3923 1768 4003 prout
1799 3915 2283 4002 fidedignorum
2314 3918 2726 4004 percepimus
2761 3917 3172 4001 testimonio,
3207 3917 3587 3982 Altissimus
3618 3915 3984 4002 insignivit,

916 4022 1225 4110 quodque
1288 4031 1398 4107 tu,
1465 4025 1577 4110 qui
1640 4024 1942 4109 regimini
2009 4024 2284 4089 ecclesie
2332 4024 2775 4109 TraJectensis
2823 4025 3143 4089 hactenus
3188 4023 3609 4090 laudabiliter
3654 4024 3982 4110 prefuisti,

914 4130 1238 4217 prefatam
1287 4129 1727 4195 Leodiensem
1775 4130 2120 4194 ecclesiam
2167 4131 2334 4194 scies
2377 4136 2446 4195 et
2478 4130 2725 4216 poteris
2758 4138 3025 4196 auctore
3057 4131 3341 4197 Domino
3376 4131 3727 4196 salubriter
3757 4130 3985 4215 guber·

917 4257 1113 4319 nare,
1179 4235 1542 4302 direximus
1608 4237 1830 4301 oculos
1892 4243 2117 4303 nostre
2180 4237 2442 4300 mentis.
2538 4237 2974 4302 Intendentes
3033 4237 3237 4323 igitur
3297 4243 3433 4302 tam
3494 4238 3669 4302 dicte
3717 4237 3984 4302 ecclesie

914 4343 1273 4409 Leodiensi
1337 4365 1531 4431 quam
1595 4345 1739 4429 ejus
1799 4345 1984 4430 gregi
2051 4342 2379 4408 dominico
2435 4344 2797 4409 ‘salubriter
2857 4344 3243 4430 providere,
3306 4352 3374 4410 te
3431 4367 3471 4409 a
3517 4345 3814 4425 vinculo,
3863 4363 3984 4429 quo

917 4450 1093 4516 dicte
1143 4451 1418 4517 ecclesie
1465 4450 1905 4536 Trajectensi,
1957 4452 2062 4515 cui
2113 4458 2271 4515 tunc
2319 4471 2615 4537 preeras,
2664 4451 3028 4535 tenebaris,
3078 4451 3160 4517 de
3206 4453 3496 4538 ipsorum
3528 4451 3805 4517 fratrum
3837 4471 3983 4515 con·

923 4557 1068 4622 silio
1119 4563 1187 4622 et
1235 4558 1595 4643 apostolice
1643 4559 1991 4643 potestatis
2041 4556 2458 4643 plenitudine
2507 4557 2965 4641 absolventes,
3032 4564 3098 4624 te
3146 4558 3230 4623 ad
3278 4560 3598 4645 prefatam
3647 4558 3982 4623 ecclesiam

917 4664 1357 4729 Leodiensem
1408 4665 1858 4730 transferimus
1906 4671 2105 4751 teque
2154 4664 2251 4728 illi
2299 4663 2673 4751 preficimus
2721 4666 2790 4729 in
2834 4667 3213 4752 episcopum
3247 4673 3317 4731 et
3347 4670 3713 4752 pastorem,
3764 4685 3978 4730 curam

916 4779 987 4838 et
1031 4770 1666 4844 administrationem
1706 4771 1913 4858 ipsius
1947 4771 2223 4837 ecclesie
2256 4761 2645 4836 Leodiensis
2681 4772 2799 4835 tibi
2833 4773 2903 4837 in
2935 4773 3385 4858 spiritualibus
3421 4780 3488 4840 et
3520 4773 3982 4859 temporalibus

915 4878 1210 4964 plenarie
1282 4876 1751 4942 committendo
1818 4878 2227 4964 liberamque
2301 4878 2423 4943 tibi
2485 4879 2837 4944 tribuendo
2907 4880 3250 4945 licenciam
3311 4880 3394 4946 ad
3454 4879 3733 4946 eandem
3781 4879 3976 4945 eccle·

919 4986 1083 5051 siam
1130 4984 1599 5067 transferendi,
1648 4985 1835 5049 firma
1882 5006 1998 5071 spe
2046 4984 2415 5070 fiduciaque
2464 4986 2829 5073 conceptis,
2879 4986 3054 5073 quod
3104 5009 3222 5074 per
3260 4995 3408 5053 tuos
3440 4996 3626 5053 actus
3658 4993 3726 5053 et
3759 5007 3977 5075 opera,

916 5093 1093 5157 illius
1142 5093 1501 5157 clemencia
1548 5091 1907 5177 dirigente,
1957 5114 1997 5157 a
2044 5113 2171 5177 quo
2220 5092 2677 5157 universorum
2715 5095 3132 5159 carismatum
3165 5094 3341 5161 dona
3371 5098 3795 5183 proveniunt,
3844 5115 3980 5182 pre-

917 5198 1128 5263 libata
1172 5198 1451 5263 ecclesia
1496 5198 1885 5264 Leodiensis
1931 5199 2002 5263 in
2051 5198 2502 5284 spiritualibus
2551 5205 2618 5263 et
2666 5201 3138 5286 temporalibus
3180 5203 3651 5288 multiplicibus
3692 5203 3981 5290 proficiet

915 5305 1362 5369 incrementis.
1458 5305 1780 5379 Quocirca
1840 5305 2239 5369 fraternitati
2302 5310 2414 5369 tue
2480 5325 2601 5391 per
2647 5306 3007 5392 apostolica
3053 5308 3296 5394 scripta
3339 5308 3757 5392 mandamus,
3831 5330 3977 5397 qua-

917 5411 1097 5476 tinus
1156 5410 1238 5476 ad
1298 5413 1620 5498 prefatam
1666 5411 2108 5478 Leodiensem
2158 5411 2502 5478 ecclesiam
2551 5433 2700 5478 cum
2749 5414 2964 5498 gratia
3008 5420 3233 5480 nostre
3279 5414 3761 5482 benedictionis
3809 5436 3981 5483 acce-

918 5516 1112 5602 dens,
1162 5540 1386 5583 curam
1435 5526 1503 5585 et
1551 5519 2183 5584 administrationem
2233 5517 2563 5604 predictas
2611 5520 2703 5583 sic
2751 5519 3104 5606 diligenter
3149 5542 3339 5606 geras
3383 5527 3453 5587 et
3484 5523 3736 5588 solicite
3768 5544 3980 5611 prose·

917 5624 1173 5710 quaris,
1238 5624 1414 5712 quod
1475 5625 1707 5691 eadem
1773 5625 2163 5691 Leodiensis
2226 5623 2504 5690 ecclesia
2560 5626 2988 5710 gubernatori
3033 5628 3308 5715 provido
3358 5634 3426 5694 et
3472 5628 3980 5696 administratori
