4450 6684
891 463 1025 527 286
2145 460 2548 527 Gnscoums
2593 462 2715 527 XI.

1119 684 1522 751 Litterarum
1570 684 1932 750 scientiam.
1961 730 1977 747 .
2006 730 2022 747 .
2051 731 2068 748 .
2117 684 2272 750 Dat.
2316 683 2382 747 X
2428 682 2538 750 Kl.
2572 683 2616 749 J
2621 683 2756 748 unii
2776 732 2794 766 ,
2843 684 3265 771 pontificatus
3299 684 3507 750 nostri
3538 705 3712 750 anno
3744 690 3971 750 sexto.

1312 816 1437 879 περ.
1482 815 1602 866 rae.
1646 817 1698 866 r.
1735 814 1862 876 sss,
1888 817 1948 879 s.
1982 813 2124 867 mv.

1041 963 1099 1030 1)
1134 962 1242 1015 Csr.
1275 978 1438 1028 supra
1473 977 1629 1014 num.
1660 960 1811 1014 1955.

879 1461 1077 1530 2253.
1896 1461 2107 1540 1376,
2157 1460 2350 1524 Junii
2392 1462 2516 1542 13,
2566 1461 2927 1525 Avenionis.

1191 1617 1648 1699 Infra-scriptis
1717 1612 2095 1694 mandatur,
2165 1620 2240 1676 ut
2307 1610 2601 1677 Johanni
2689 1612 2824 1677 Wit
2893 1621 3042 1678 nato
3123 1612 3512 1678 Wermboldi
3587 1612 3964 1700 Wilhelmi,

1101 1723 1322 1786 clerico
1379 1720 1558 1802 Traj.
1607 1720 1832 1800 dioec„
1882 1719 2216 1800 conferant
2251 1728 2631 1804 perpetuam
2667 1720 3088 1804 capellaniam
3130 1719 3217 1784 ad
3256 1720 3465 1784 altare
3507 1718 3650 1785 S.S.
3693 1721 3952 1787 Nicolai

1100 1836 1159 1892 et
1225 1826 1602 1891 Catherinae
1663 1828 1852 1890 sitam
1914 1827 1983 1888 in
2034 1825 2407 1909 parochiali
2467 1827 2722 1891 ecclesia
2785 1826 2861 1890 de
2914 1825 3436 1911 quravcnsande
3490 1825 3669 1910 Traj.
3717 1827 3944 1911 dioec„

1096 1939 1420 1998 vacantem
1455 1952 1578 2016 per
1626 1930 1861 1995 obitum
1907 1929 2134 1994 Jacobi
2183 1928 2581 1996 Maoedoren.

1101 2116 1379 2182 Dilectis
1434 2115 1586 2178 filiis
1643 2115 1976 2201 preposito
2025 2114 2466 2179 Arnhcmcnsi
2516 2120 2583 2179 st
2632 2113 2878 2179 decano
2926 2115 3136 2179 sancti
3190 2114 3530 2180 Pancracii
3575 2115 3948 2201 Leydcnsis

876 2223 1320 2310 TraJectensis
1383 2221 1661 2286 diocesis
1725 2241 1801 2286 ac
1847 2220 2141 2286 Roberto
2192 2219 2276 2285 dc
2325 2220 2625 2286 Stratton
2674 2219 2986 2286 canonico
3036 2220 3467 2287 Eboraccnsis
3514 2222 3938 2288 ecclesiarum

874 2333 1154 2398 salutem
1200 2337 1310 2393 etc.

1098 2436 1490 2503 Laudabilia
1535 2434 1902 2520 probitatis.
1935 2482 1949 2497 .
1981 2481 1995 2496 .
2024 2481 2039 2497 .
2089 2434 2243 2499 Dat.
2293 2434 2661 2515 Avinions,
2712 2433 2809 2498 Id.
2857 2433 3083 2517 Junii,
3133 2454 3309 2500 anno
3357 2440 3568 2500 sexto.

1290 2572 1414 2633 Bey.
1447 2571 1546 2619 Ao.
1590 2570 1646 2619 T.
1680 2568 1773 2630 28,
1799 2570 1860 2632 s.
1897 2567 2035 2617 100²&

876 3067 1077 3135 2254.
1726 3067 1938 3147 1376,
1985 3066 2271 3151 Anqusti
2315 3068 2379 3148 7,
2427 3086 2535 3151 ap.
2599 3064 3086 3131 Villamnovam.

1199 3218 1577 3283 Theoderico
1623 3217 1699 3282 de
1749 3217 1844 3303 Oy
1896 3219 2212 3283 licentiato
2261 3218 2328 3282 in
2379 3218 2614 3303 leyibus
2662 3226 2720 3284 et
2765 3221 2836 3282 in
2881 3218 3130 3283 artibus
3175 3221 3479 3303 mayistro
3523 3220 3950 3302 conferuntur

1100 3327 1539 3407 canonicatus,
1594 3324 1961 3409 praebenda
2021 3332 2080 3389 et
2140 3326 2680 3410 supplementum,
2745 3327 2813 3390 in
2877 3327 3132 3391 ecclesia
3190 3324 3368 3408 Traj.
3416 3329 3711 3391 vacantia
3756 3349 3834 3391 ex
3877 3347 3952 3393 oo

1102 3433 1270 3519 quod
1319 3431 1714 3496 Guillemms
1760 3431 1836 3495 de
1881 3431 2062 3495 Lacu
2109 3431 2486 3495 decanatum
2533 3432 2819 3497 ruralem
2863 3432 2940 3496 de
2985 3432 3244 3497 Albona
3296 3431 3709 3497 Gebcnnensis
3754 3434 3948 3499 dioec.

1086 3539 1354 3624 pacifice
1399 3536 1687 3602 obtinuit.
1743 3574 1822 3584 —
1874 3536 2296 3621 Deputantur
2340 3545 2709 3602 executores.

1094 3720 1495 3786 Litterarum
1561 3718 1856 3783 scicntia.
1886 3765 1901 3781 .
1932 3766 1948 3782 .
1977 3765 1992 3781 .
2055 3718 2208 3782 Non
2275 3718 2689 3783 obstantibus
2752 3766 2769 3784 .
2798 3767 2813 3783 .
2844 3766 2860 3783 .
2891 3768 2906 3782 .
2970 3718 3146 3806 quod
3193 3718 3263 3783 in
3311 3717 3486 3783 dicta
3531 3719 3944 3805 Trajectensi

870 3826 1348 3914 preposituram
1413 3830 1480 3890 et
1541 3822 2141 3889 archidiaconatum
2211 3824 2735 3890 Arnhsmenssm
2796 3825 3080 3891 invicem
3133 3827 3444 3890 canonice
3491 3825 3710 3889 unitos
3757 3832 3828 3891 st
3879 3827 3952 3891 in

871 3933 1080 3999 sancti
1125 3932 1310 3998 Petri
1358 3933 1764 4017 Trajsctensi
1817 3932 2108 3996 ecclesiis
2157 3933 2615 3997 canonicatum
2648 3938 2717 3999 st
2749 3933 3148 4021 prebendam
3183 3934 3469 3998 nosceris
3502 3934 3819 4000 obtinere.
3844 3983 3858 3999 .
3883 3982 3900 3999 .
3928 3982 3950 4001 .

875 4040 1026 4105 Dat.
1076 4039 1251 4125 apud
1298 4039 1783 4102 Villamnovam
1833 4045 1981 4118 eta,
2029 4037 2168 4101 VII
2214 4036 2312 4101 Id.
2366 4036 2687 4122 Augusti,
2735 4059 2909 4103 anno
2956 4045 3167 4103 sexto.

1292 4172 1511 4235 Regesta
1558 4170 1811 4220 Vaticana
1855 4172 1908 4219 T.
1944 4169 2065 4233 289,
2092 4173 2152 4235 s.
2187 4171 2302 4221 291.

872 4700 1069 4766 2255.
1802 4703 2018 4783 1376,
2075 4701 2454 4785 Septembris
2503 4706 2623 4785 29,
2679 4702 3023 4768 Massiliae.

1192 4851 1482 4916 Johanm·
1513 4849 1643 4915 Pot
1672 4851 1747 4914 de
1777 4852 2066 4916 Arnhem
2097 4854 2320 4918 clerico
2363 4854 2543 4937 Traj.
2578 4855 2765 4920 dioec.
2800 4855 3128 4938 confertur
3163 4856 3605 4920 tabellionatus
3635 4853 3954 4936 officium.

1105 5034 1205 5098 Ne
1257 5040 1779 5098 contractuum..
1809 5081 1823 5096 .
1854 5081 1869 5097 .
1920 5033 2071 5098 Dat.
2119 5035 2446 5119 Massilia,
2496 5037 2599 5101 III
2646 5037 2755 5101 Kl.
2804 5035 3145 5117 Octobris,
3198 5056 3371 5100 anno
3422 5042 3631 5100 sexto.

1300 5169 1423 5230 περ.
1470 5168 1586 5216 ναι.
1631 5164 1691 5217 T.
1727 5165 1850 5230 sss,
1877 5169 1936 5232 s.
1972 5168 2109 5220 423r.
