4450 6684
654 552 803 600 an
1934 536 2423 604 Imaonuc‘no.

648 754 834 821 Inter
895 755 1165 841 negotia
1227 755 1479 838 civilia,
1544 776 1713 843 quae
1774 777 1923 822 cum
1977 758 2161 845 regio
2210 782 2329 827 666
2377 762 2619 828 cliente
2669 766 2985 827 tractasse
3033 783 3230 850 supra
3275 764 3522 830 relatus
3567 772 3701 843 est,

648 860 756 925 1116
820 861 1031 926 661661
1091 859 1210 925 fiat
1271 860 1519 926 mentio
1580 861 1922 949 utriusque
1985 861 2398 950 diplomatis,
2466 885 2597 953 quo
2646 865 3029 931 theloneum
3076 865 3158 932 (16
3206 867 3451 934 Lobith
3498 875 3699 956 atque

647 971 936 1030 castrum
985 963 1067 1030 de
1111 963 1522 1051 Novomagio
1569 963 1801 1030 Ottoni
1847 965 1919 1031 H
1964 965 2268 1033 Gelrensi
2314 969 2537 1034 comiti
2586 990 2627 1035 a
2655 968 3015 1035 Wilhelmo
3048 991 3204 1057 rege
3235 970 3359 1037 rite
3391 992 3704 1038 concessa

649 1069 1080 1135 confirmavit.
1110 1069 1163 1152 1)
1256 1067 1387 1135 86(1
1455 1069 1525 1134 16
1588 1069 2047 1136 66616616611616
2108 1073 2307 1137 etiam
2371 1073 2567 1139 rebus
2613 1075 3077 1139 auctoritatem
3124 1095 3310 1139 suam
3356 1074 3532 1163 apud
3581 1096 3704 1141 nos

649 1175 909 1263 saepius
955 1174 1427 1260 interposuisse
1471 1172 1648 1239 idem
1695 1173 1955 1261 legatus
2002 1174 2312 1241 traditur:
2362 1177 2668 1264 capitulis
2700 1177 3235 1263 TraJ'ectensibus
3281 1180 3409 1244 tria
3451 1185 3707 1245 statuta

647 1280 1038 1368 approbavit
1060 1279 1116 1361 2)
1172 1279 1378 1361 (num.
1443 1278 1641 1361 263);
1704 1277 2128 1345 donationem
2197 1281 2514 1347 ecclesiae
2562 1281 2632 1348 8.
2681 1281 2934 1347 Nicolai
2979 1281 3292 1370 hospitali
3340 1282 3706 1349 Tbeutoni-

646 1408 872 1453 corum
934 1385 1004 1450 in
1066 1385 1372 1469 TraJecto
1434 1382 1673 1449 factam
1735 1404 1852 1448 suo
1915 1404 2189 1450 assensu
2236 1386 2699 1470 communivit3
2724 1387 2779 1470 ³)
2841 1386 3234 1452 monialibus
3282 1387 3588 1453 abbatiae
3634 1388 3700 1453 b.

645 1492 896 1558 Mariae
957 1489 1494 1575 Rynsburgensis
1557 1486 1887 1574 quandam
1952 1509 2151 1575 super
2209 1488 2359 1575 lege
2395 1490 2640 1576 Jejunii
2686 1489 3243 1579 dispensationem
3292 1492 3621 1578 erogavit3
3646 1493 3702 1576 4)

647 1596 1011 1663 Henricum
1060 1592 1142 1660 (16
1188 1591 1412 1658 Gelria
1458 1591 1525 1657 8.
1569 1590 1928 1656 Salvatoris
1960 1594 2406 1680 praepositum
2438 1596 2817 1682 episcopum
2851 1594 3288 1661 Leodiensem
3319 1594 3699 1682 eligendum

644 1700 936 1783 curavit3
961 1700 1015 1780 5)
1078 1701 1308 1762 contra
1366 1696 1635 1761 clericos
1691 1695 2190 1761 concubinarios
2250 1697 2322 1762 in
2384 1696 2671 1765 dioecesi
2734 1699 3144 1785 Trajectensi
3200 1699 3697 1766 saluberrimum

644 1802 943 1871 condidit
988 1806 1309 1866 statutum
1356 1801 1562 1883 (num.
1597 1800 1785 1884 210);
1834 1821 1968 1865 una
2006 1819 2156 1864 cum
2187 1800 2548 1868 Wilhelmo
2582 1823 2738 1889 rege
2771 1809 2841 1869 et
2871 1801 3177 1868 Conrado
3209 1803 3699 1890 archiepiscopo

644 1906 1024 1976 Coloniensi
1071 1904 1284 1970 adfuit
1328 1902 1578 1990 synodo
1623 1903 2134 1990 Ultrajectensi‚
2183 1905 2299 1970 ubi
2345 1906 2694 1971 Goswinus
2743 1903 2827 1972 de
2866 1906 3125 1972 Amstel
3171 1907 3420 1972 electus
3451 1906 3702 1993 episco-

645 2014 830 2102 patui
900 2008 1312 2077 renunciavit
1380 2013 1449 2073 et
1517 2007 1631 2072 ubi
1707 2006 2050 2089 „dominus
2111 2007 2479 2074 cardinalis
2532 2007 2616 2076 ad
2662 2009 3179 2097 postulationem
3223 2010 3696 2098 archiepiscopi

645 2116 1058 2185 coloniensis
1107 2135 1193 2179 ex
1240 2133 1415 2178 6666
1462 2113 1827 2178 Henricum
1877 2111 1959 2178 (16
2007 2112 2316 2179 Vianden
2364 2112 2734 2179 cathedrari
2773 2112 3122 2200 jussit.”⁶)

867 2219 967 2286 ΔΟ
1021 2219 1192 2284 1250
1239 2217 1478 2283 Petrus
1529 2216 1873 2304 episcopus
1921 2216 2320 2283 Albanensis
2367 2218 2824 2305 compositioni
2871 2219 3047 2284 inter
3091 2218 3525 2284 Wilhelmum
3565 2218 3700 2283 Ro-

645 2346 988 2393 manorum
1051 2343 1274 2409 regem
1334 2328 1404 2388 et
1449 2321 1937 2408 Margaretbam
1985 2322 2385 2388 comitissam
2430 2321 2782 2388 Flandriae
2832 2329 3163 2410 tamquam
3210 2323 3460 2411 primus
3508 2322 3698 2387 testis

643 2428 1031 2516 subscripsit
1078 2425 1488 2513 eandemque
1535 2433 1764 2512 postea
1811 2445 2123 2512 expresse
2169 2426 2601 2492 confirmavit.
2625 2427 2682 2511 ⁷)

868 2532 965 2598 A0
1030 2532 1202 2597 1252
1265 2530 1537 2616 Hugoni
1601 2530 1701 2593 tit.
1768 2529 1833 2595 8.
1901 2530 2185 2596 Sabinae
2243 2531 2626 2618 presbytero
2675 2531 3006 2598 Cardinali
3052 2531 3482 2597 Innocentius
3526 2551 3700 2618 papa

644 2638 746 2703 IV
794 2637 1153 2719 commisit,
1213 2642 1291 2700 ut
1335 2635 1689 2701 conventui
1736 2634 1801 2699 b.
1848 2634 2098 2700 Mariae
2144 2636 2213 2700 16
2263 2636 2623 2723 Rynsburg
2667 2635 2983 2723 quasdam
3029 2636 3322 2723 prolixas
3369 2635 3700 2700 orationes

643 2740 1045 2808 omittendas
1112 2738 1489 2825 indulgeret
1557 2740 1763 2821 (num.
1831 2739 2010 2823 241).
2104 2738 2355 2805 Eodem
2426 2740 2647 2826 legato
2717 2745 3066 2828 praesente
3125 2738 3524 2805 Wilhelmus
3578 2759 3700 2804 rex

643 2848 819 2912 inter
888 2846 1174 2932 seipsum
1246 2848 1314 2909 et
1383 2842 1743 2929 capitulum
1814 2842 1880 2908 8.
1954 2842 2280 2908 «Iohannis
2348 2844 2791 2929 TraJectensis
2862 2844 3170 2910 abbatem
3242 2842 3309 2908 8.
3370 2841 3699 2908 Trudonis

645 2950 964 3015 arbitrum
1010 2947 1403 3029 nominavit,
1428 2948 1483 3031 8)
1547 2947 1821 3034 ipsoque
1860 2948 2144 3032 jubente
2190 2947 2509 3013 Albertus
2558 2947 2640 3014 de
2687 2948 2987 3034 Loginge
3034 2947 3242 3013 lector
3287 2946 3698 3013 06166166616

639 3053 783 3120 ord.
832 3051 1130 3119 Praedic.
1177 3050 1262 3117 (16
1307 3050 1656 3117 retinenda
1700 3051 1978 3117 ecclesia
2025 3050 2093 3116 8.
2142 3051 2399 3116 Ν166161
2448 3050 2962 3118 commendatori
3006 3057 3076 3116 et
3113 3051 3424 3116 fratribus
3462 3048 3696 3114 domus

638 3157 1094 3225 Theutonicae
1134 3157 1207 3220 16
1256 3156 1562 3242 Trajecto
1610 3155 1870 3222 veniam
1916 3155 2300 3243 impertivit.
2334 3156 2389 3239 ⁹)

868 3260 966 3326 A0
1018 3261 1188 3325 1265
1238 3258 1614 3324 Ottobonus
1662 3259 1729 3325 8.
1780 3258 2056 3324 Adriani
2104 3257 2418 3324 diaconus
2468 3258 2835 3324 Cardinalis
2883 3264 2952 3325 et
3000 3258 3227 3325 Simon
3274 3259 3377 3323 tit.
3419 3258 3487 3324 8.
3533 3257 3696 3322 Cae-

639 3367 831 3431 ciliae
902 3364 1248 3453 presbyter
1317 3362 1682 3428 Cardinalis
1749 3364 1820 3427 in
1891 3362 2354 3428 Coloniensem
2425 3363 2716 3450 aliasque
2781 3363 3029 3429 vicinas
3091 3364 3457 3450 provincias
3514 3361 3694 3426 611661

640 3475 800 3534 6661
860 3470 1133 3552 (numm.
1200 3468 1368 3548 312,
1434 3468 1602 3550 313,
1667 3468 1839 3549 316,
1905 3468 2098 3552 321);
2162 3473 2362 3554 atque
2426 3466 2499 3531 6Ο
2549 3468 2719 3532 1267
2770 3465 3002 3533 eadem
3048 3467 3379 3554 legatione
3424 3467 3691 3531 functus

643 3572 862 3639 Guido
926 3573 994 3638 8.
1058 3571 1401 3637 Laurentii
1464 3571 1533 3634 in
1596 3570 1851 3637 Lucina
1909 3572 2256 3658 presbyter
2300 3571 2669 3638 cardinalis
2715 3592 2832 3658 pro
2881 3570 3245 3658 reparando
3292 3570 3689 3636 monasterio

639 3679 714 3744 8.
760 3676 1006 3743 Mariae
1054 3676 1122 3740 in
1169 3673 1378 3740 Horst
1422 3672 1903 3760 indulgentiam
1950 3676 2293 3741 concessit.
2324 3677 2404 3760 ¹⁰)

866 3780 965 3848 ΑΟ
1025 3781 1198 3845 1270
1243 3778 1621 3844 Bernardus
1669 3777 1750 3844 (16
1797 3778 2155 3845 Oastaneto
2204 3780 2581 3867 capellanus
2629 3785 2699 3845 et
2748 3781 3026 3846 nuncius
3071 3780 3323 3868 papalis
3369 3779 3688 3846 Ottonem

642 3887 947 3952 comitem
994 3885 1409 3967 Gelrensem,
1458 3885 1700 3971 quippe
1746 3884 1859 3970 qui
1905 3883 2292 3970 Engelberti
2338 3883 2749 3951 Coloniensis
2797 3884 3269 3972 archiepiscopi
3305 3885 3375 3950 in
3415 3885 3688 3973 captivi-

642 3996 846 4056 tatem
894 3989 1074 4054 ducti
1121 3989 1420 4054 conscius
1465 3993 1669 4072 esset,
1727 3988 2365 4054 excommunicatum
2412 3990 2686 4075 ejusque
2735 3987 3095 4054 dominium
3132 3989 3485 4056 interdicto
3532 4010 3689 4076 sup-

639 4096 927 4182 positum
974 4092 1350 4158 declaravit.
1380 4092 1461 4175 11)

863 4197 962 4264 A0
1015 4198 1183 4261 1287
1233 4196 1277 4262 J
1281 4195 1573 4260 ohannes
1620 4195 1965 4282 episcopus
2010 4195 2423 4261 Tusculanus
2470 4218 2659 4261 suum
2709 4196 3041 4284 delegavit
3082 4199 3492 4286 capellanum
3532 4199 3690 4265 Phi-

637 4303 890 4390 lippum
952 4300 1035 4366 de
1096 4299 1544 4386 Oastegnolis,
1614 4300 1724 4386 qui
1789 4320 1938 4363 cum
1997 4300 2286 4385 Trajecti
2332 4300 2590 4385 injuriis
2637 4307 2813 4367 esset
2860 4302 3172 4386 affectus,
3222 4305 3575 4369 scultetum
3621 4308 3689 4369 et

642 4406 941 4472 scabinos
1012 4405 1398 4469 nominatim
1468 4403 2063 4468 excommunicavit
2129 4409 2470 4491 totamque
2541 4405 2911 4488 civitatem,
2985 4406 3112 4470 nisi
3173 4406 3344 4472 infra
3398 4428 3689 4473 mensem

634 4508 966 4595 condigne
1013 4508 1137 4573 sibi
1184 4508 1570 4590 satisfieret,
1616 4506 1970 4573 interdicto
2018 4507 2514 4594 supponendam
2562 4507 2987 4593 decrevit.12)

866 4612 964 4678 A0
1037 4613 1201 4676 1321
1286 4612 1407 4693 „ad
1480 4613 1877 4678 Remensem
1945 4611 2347 4699 provinciam
2416 4633 2535 4698 pro
2605 4617 2791 4700 parte
2864 4614 3015 4697 illa,
3095 4635 3264 4701 quae
3335 4613 3418 4680 (16
3485 4635 3691 4701 regno

640 4716 959 4782 Franciae
1023 4737 1156 4781 666
1205 4716 1433 4781 existit
1451 4715 1513 4801 ‚”
1561 4715 1930 4782 destinatus
1978 4721 2079 4781 est
2124 4715 2467 4781 Jobannes
2515 4715 2597 4783 de
2643 4717 2855 4801 Pinu,
2906 4720 3094 4805 cujus
3142 4739 3454 4785 excessus
3499 4740 3694 4785 accu-

809 5039 864 5104 1)
901 5037 1045 5090 81661
1084 5037 1425 5089 Oorkondenb.
1463 5036 1532 5086 11.
1567 5034 1683 5087 684.
1719 5036 1782 5087 n·
1813 5034 1908 5086 681
1948 5040 2002 5085 61
2035 5033 2151 5087 692.
2184 5036 2251 5086 6·
2282 5034 2397 5086 693.

808 5120 865 5184 2)
900 5119 1219 5170 Vermeulen
1256 5117 1551 5168 Inventas-ie
1582 5115 1876 5181 152—1533
1916 5114 2107 5166 Muller
2145 5116 2340 5166 Oudete
2379 5116 2735 5168 Canales-inm
2767 5116 2884 5168 211.

807 5201 865 5265 3)
902 5200 977 5251 De
1011 5200 1146 5251 Geer
1177 5199 1459 5249 Archieven
1493 5198 1535 5248 1.
1570 5196 1851 5248 218-219.

806 5282 864 5347 4)
904 5281 1248 5332 Oorkondenb.
1280 5296 1381 5330 van
1412 5279 1561 5330 Hau.
1594 5294 1655 5328 en
1687 5277 1909 5328 Zoeland
1942 5276 1983 5328 1.
2018 5275 2131 5327 322.
2166 5277 2232 5325 n·
2262 5274 2381 5328 601.
2716 5279 2773 5344 5)
2810 5279 3076 5331 Meet-man
3113 5281 3186 5333 1.1.
3221 5282 3264 5333 1.
3298 5281 3412 5335 237.

806 5361 865 5428 6)
900 5362 1043 5413 Beka
1082 5361 1333 5413 Chronica
1364 5360 1449 5412 83.
1782 5357 1837 5421 7)
1877 5356 2297 5407 Oorkonaenboek
2330 5358 2400 5409 l.l.
2435 5361 2500 5409 n⁰
2532 5359 2633 5410 514
2666 5365 2720 5410 61
2753 5360 2871 5412 519.

806 5442 865 5501 8)
898 5442 993 5496 L.l.
1027 5444 1092 5493 n⁰
1124 5441 1224 5493 574
1258 5448 1311 5492 61
1343 5441 1458 5492 594.
1787 5436 1845 5501 9)
1880 5438 1958 5488 De
1992 5436 2127 5488 Geel·
2160 5438 2442 5489 Archiam
2476 5441 2518 5489 1.
2552 5440 2669 5492 216.

808 5522 899 5587 10)
935 5523 1078 5574 81661
1117 5522 1458 5574 oorkondenb.
1496 5521 1566 5572 11.
1602 5519 1719 5571 881.
1753 5522 1817 5570 6ο
1848 5517 1965 5570 905.
2303 5519 2392 5584 11)
2429 5520 2573 5572 81661
2607 5522 2679 5573 1.1.
2713 5520 2828 5574 893.
2866 5526 2929 5574 n⁹
2960 5523 3078 5576 922.

632 5684 772 5750 (Uu-
807 5603 1263 5749 ζῖἒὸξῖζῗιέὶὶη
1311 5603 1607 5654 Iaces-iaris
1649 5601 1749 5653 410
1794 5607 1849 5652 61
1894 5598 2018 5664 417;
2064 5598 2119 5651 8.
2163 5599 2357 5651 Muller
2401 5601 2644 5666 Begeda
2685 5619 2786 5653 can
2820 5605 2904 5654 not
2935 5605 3167 5671 Archias
3194 5607 3286 5658 der
3318 5609 3438 5658 stad
3483 5608 3693 5660 mmm
