4450 6684
812 508 944 571 408
1972 511 2194 576 Innnx
2242 511 2734 580 Pmeomnun.

806 726 1157 787 Nicolaua
1187 727 1402 789 Jaeobi
1432 748 1637 808 praep.
1660 730 2056 791 Dulcisnllie
2078 731 2255 792 2079.

812 869 883 879 -
937 836 1011 896 de
1052 837 1378 915 Eselingen
1420 856 1750 900 conversus
1792 840 2258 919 Rutheniensis,

889 945 1271 1025 reeipiendus
1311 947 1375 1005 in
1418 947 1630 1007 Insula
1670 948 1742 1007 B.
1782 949 1862 1008 M.
1905 949 1983 1009 V.
2025 951 2202 1010 2132.

808 1088 879 1098 -—
925 1054 1001 1114 de
1040 1054 1314 1114 Maeraeu
1355 1073 1487 1115 ean.
1530 1056 1590 1116 b.
1618 1056 1847 1117 Mariae
1876 1058 2041 1135 Traj.
2072 1060 2254 1120 2188.

806 1197 877 1207 —
919 1162 994 1222 de
1014 1162 1309 1224 Cremona
1328 1182 1488 1242 mag.
1501 1207 1518 1242 ,
1539 1165 1781 1226 auditor
1802 1167 2040 1246 papalis
2063 1170 2220 1228 2216
2234 1214 2249 1242 ,

885 1272 1044 1351 App.
1089 1272 1274 1333 XIII.

802 1382 995 1442 Nora
1047 1402 1205 1443 uxor
1249 1383 1581 1445 Franeonis
1625 1384 1699 1444 de
1740 1385 2017 1446 Boi-salia
2062 1387 2255 1465 2070,

882 1493 1060 1552 2078.

803 1711 868 1774 0.
911 1710 1340 1771 Branealeonis
1386 1712 1529 1788 126,
1573 1712 1760 1787 (126).

798 1819 1027 1880 Obizo
1080 1819 1154 1879 de
1202 1820 1471 1880 Busnate
1512 1821 1742 1881 archid.
1783 1821 2246 1883 Mediolanensis

881 1929 1020 1988 393.

798 2038 995 2099 Oeko
1049 2038 1247 2099 dietus
1287 2039 1494 2117 Hoyta
1536 2041 1722 2100 abbas
1767 2040 1827 2100 S.
1870 2040 2139 2119 odulphi
2183 2044 2249 2101 in

886 2145 1148 2222 Stauris,
1170 2148 1385 2226 capell.
1410 2149 1647 2226 papalis
1674 2151 1847 2226 1628,
1875 2152 2049 2227 1642,
2076 2154 2252 2229 1877,

885 2256 1005 2315 Int.
1048 2255 1360 2333 XXXVI,
1403 2257 1785 2332 XXXVIII,
1830 2259 2193 2320 LXXVIII.

800 2365 1252 2425 Octavianus
1296 2367 1354 2426 S.
1398 2368 1627 2427 Mariae
1668 2369 1733 2427 in
1764 2368 1883 2427 Via
1911 2370 2068 2430 Lata
2094 2370 2248 2430 diae.

881 2475 1060 2535 Card.
1108 2477 1250 2552 162,
1294 2479 1430 2536 277.

802 2616 875 2628 -
919 2584 1220 2661 quondam
1248 2582 1570 2644 Octaviani
1599 2586 2056 2665 Calaboeeonie,
2093 2607 2251 2648 mer-

879 2699 1048 2754 eator
1089 2694 1396 2754 Romanus
1439 2697 1585 2772 438,
1628 2697 1772 2773 458,
1816 2698 1954 2757 464.

797 2802 948 2862 Oda
987 2809 1133 2864 nata
1173 2803 1478 2862 willermi
1521 2804 1594 2863 de
1634 2804 1903 2882 Hoerne,
1949 2825 2103 2867 uxor
2139 2808 2249 2868 Jo-

878 2912 1097 2971 hannis
1139 2912 1213 2972 de
1253 2913 1520 2973 Polanen
1567 2915 1750 2989 1248,
1798 2917 1971 2976 1356.

800 3055 873 3065 -
917 3038 1074 3081 uxor
1107 3021 1358 3082 Hem-ici
1393 3022 1594 3082 Rover
1626 3023 1700 3082 de
1726 3024 2052 3086 Montfoort
2081 3026 2244 3104 App.

877 3129 993 3187 XI.

793 3237 1235 3298 Odilbaldus
1278 3256 1371 3315 ep.
1418 3238 1580 3315 Traj.
1627 3243 1686 3299 4.

798 3346 945 3407 Ode
986 3365 1080 3425 ep.
1106 3348 1517 3423 Tusculanus,
1546 3348 1787 3426 legatus
1814 3368 1910 3427 ap.
1940 3351 2052 3409 192
2069 3395 2085 3427 ,
2108 3353 2248 3412 277.

797 3453 998 3515 olav.
1041 3474 1135 3534 ep.
1180 3455 1596 3516 Roskildeneie
1638 3457 1779 3518 459.

794 3562 1174 3624 Oliverius
1203 3563 1391 3624 schol.
1420 3563 1660 3641 Goion„
1689 3567 2068 3642 praedicator
2094 3569 2246 3629 Cru-

875 3675 964 3735 ois
1007 3675 1111 3751 58,
1157 3675 1264 3749 59,
1313 3674 1415 3749 94,
1461 3675 1581 3734 Int.
1624 3674 1868 3735 LXIII.

792 3817 875 3828 —
914 3782 1070 3844 dom.
1114 3783 1189 3843 de
1229 3782 1565 3861 Henenghe
1613 3785 1787 3844 1770.

796 3925 870 3936 -
914 3891 989 3950 de
1030 3891 1211 3952 Malle
1246 3892 1476 3968 (Melle)
1506 3911 1637 3952 ean.
1667 3893 1820 3953 Dav.
1856 3896 2037 3968 1869,
2068 3898 2245 3957 2030.

790 4000 972 4061 otto
1027 4001 1431 4061 Romanorum
1486 4020 1600 4061 rex
1650 4002 1753 4060 III
1796 4003 1986 4079 227ος
2026 4022 2140 4063 rex
2181 4010 2244 4064 et

873 4111 1017 4189 imp.
1047 4110 1142 4169 IV
1170 4112 1280 4187 43,
1305 4111 1412 4186 44,
1443 4112 1587 4186 255,
1617 4112 1764 4187 256,
1794 4111 1917 4172 Int.
1938 4112 2097 4172 XIV
2120 4132 2244 4192 seq.

791 4252 874 4264 —
915 4238 1122 4298 praep.
1163 4220 1309 4280 eeel.
1354 4219 1415 4279 S.
1459 4219 1622 4279 Salv.
1667 4220 1835 4298 Traj.
1877 4223 1975 4281 48.

795 4363 870 4374 -
914 4329 990 4389 de
1031 4327 1241 4388 Geli-ia
1281 4347 1375 4406 ep.
1421 4328 1585 4406 Traj.
1630 4329 1733 4405 69,
1777 4330 1899 4388 Int.
1942 4329 2083 4390 XV.

793 4471 867 4482 —
913 4438 989 4498 de
1028 4438 1251 4516 Lippia
1291 4455 1387 4515 ep.
1432 4437 1595 4515 Traj.
1643 4437 1750 4512 95,
1781 4439 1886 4514 96,
1922 4440 2063 4514 130,
2093 4439 2244 4517 263,

874 4547 1019 4625 276,
1063 4546 1185 4606 Int.
1227 4546 1416 4622 XIX,
1459 4545 1638 4622 LXI,
1681 4545 1980 4606 LXXIX.

795 4691 866 4701 —
913 4656 988 4716 de
1027 4655 1357 4716 Hellandia
1395 4673 1490 4732 ep.
1535 4654 1700 4731 Traj.
1749 4655 1894 4731 142,
1927 4656 2071 4733 146,
2108 4657 2244 4733 147,

878 4766 1020 4841 156,
1081 4766 1224 4841 157,
1286 4765 1431 4839 160,
1495 4763 1637 4839 191,
1694 4764 1842 4840 202,
1899 4764 2045 4842 263,
2096 4765 2244 4841 276,

874 4874 1021 4950 354,
1063 4874 1185 4933 Int.
1227 4872 1386 4931 XVI
1428 4891 1583 4951 seq„
1625 4871 1830 4931 XLII.

789 5016 872 5028 —
926 5001 1124 5043 eomes
1165 4982 1199 5040 Ι
1241 4981 1487 5041 Geli-iae
1536 4981 1680 5056 191,
1722 4980 1845 5040 Int.
1888 4980 2045 5041 XIV
2089 4999 2245 5058 seq„

873 5091 1054 5168 LX13
1108 5109 1306 5151 eomes
1362 5090 1431 5149 11
1494 5091 1635 5165 143,
1698 5090 1842 5165 164,
1903 5090 2045 5165 165,
2099 5091 2245 5167 168,

877 5203 1020 5278 172,
1081 5202 1222 5278 189,
1285 5201 1428 5276 191,
1491 5201 1632 5276 198,
1691 5200 1837 5275 208,
1895 5199 2041 5275 215,
2093 5199 2243 5275 223,

873 5310 1022 5387 269,
1078 5310 1225 5385 285,
1283 5309 1429 5387 286,
1489 5309 1635 5385 297,
1692 5309 1838 5385 316,
1895 5308 2039 5384 320,
2098 5308 2245 5384 412,

875 5420 1023 5495 770,
1068 5421 1213 5494 771,
1260 5418 1406 5494 791,
1449 5417 1573 5476 Int.
1607 5415 1801 5475 XVII
1837 5434 1993 5493 aeq„
2026 5416 2245 5495 LXII,

872 5526 1113 5602 LXVI,
1156 5525 1393 5586 LXXI.

789 5667 873 5679 —
912 5653 1007 5713 ep.
1050 5635 1404 5695 Portueneis
1456 5636 1589 5694 162.

2439 731 2619 794 Otto
2673 733 2748 794 de
2802 733 3076 814 Retberg
3129 737 3497 797 camerarius
3547 738 3884 800 Puderbur-

2520 843 2724 902 nensis
2767 844 2903 903 325.

2441 984 2513 995 -
2556 969 2756 1012 eomes
2797 951 2873 1012 de
2914 952 3235 1012 Bentheim
3279 955 3415 1014 343.

2440 1092 2514 1104 -
2557 1060 2757 1120 dietus
2799 1060 3136 1139 Proyeinge
3178 1063 3314 1122 354.

2441 1201 2511 1213 -
2558 1187 2650 1246 ep.
2693 1169 3235 1231 Hildesheimensis
3276 1172 3415 1232 571.

2437 1309 2510 1320 -
2572 1276 2647 1336 de
2700 1276 2906 1338 Olevis
2945 1279 3176 1356 presb„
3218 1285 3417 1340 reetor
3459 1300 3588 1360 par.
3631 1283 3777 1343 eecl.
3819 1284 3882 1342 in

2519 1384 2731 1462 Vries,
2772 1405 2904 1447 ean.
2946 1388 3005 1447 b.
3047 1388 3276 1448 Mariae
3319 1390 3483 1468 Traj.
3530 1392 3666 1451 698.

2439 1527 2510 1538 -
2556 1500 2737 1554 natue
2777 1495 3064 1556 Baelonie
3106 1497 3256 1558 dieti
3297 1498 3569 1559 Exeuria
3609 1499 3685 1560 de
3723 1501 3882 1561 Μαι·-

2515 1602 2709 1680 purch
2749 1622 2879 1663 ean.
2923 1603 3329 1666 Embrieensis
3371 1608 3507 1668 707.

2437 1744 2510 1756 -
2557 1711 2631 1771 de
2672 1712 2889 1790 Hagen
2929 1732 3061 1773 can.
3105 1715 3268 1790 Traj.
3315 1716 3449 1775 790.

2437 1854 2510 1864 -
2555 1819 2682 1880 dux
2722 1820 3008 1881 Austriae
3047 1823 3185 1883 849.

2437 1961 2510 1973 -—
2557 1929 2632 1988 de
2671 1930 3014 2009 Ieeleteyne
3061 1933 3234 1991 1103.

2437 2070 2510 2082 -
2556 2037 2630 2098 de
2671 2038 2880 2098 Bilant
2926 2041 3098 2099 1319.

2436 2179 2509 2190 -
2564 2146 2639 2205 de
2680 2145 2975 2207 Oemeren
3013 2146 3326 2225 (Omeren)
3369 2152 3585 2230 capell.
3629 2153 3773 2212 eecl.
3818 2152 3880 2213 S.

2516 2255 2784 2333 Nicolai,
2825 2276 2957 2317 ean.
2998 2259 3245 2336 MaJoris
3287 2265 3349 2319 et
3393 2259 3453 2320 S.
3491 2260 3653 2321 Salv.
3685 2261 3878 2340 Traj„

2513 2369 2714 2425 reetor
2743 2366 2889 2425 ecel.
2918 2367 3184 2446 Aggerie
3214 2367 3273 2429 S.
3300 2369 3581 2447 Martini,
3625 2389 3880 2449 persona

2511 2471 2574 2533 in
2615 2472 2973 2535 Ouderkerk
3018 2478 3199 2544 1500,
3249 2479 3430 2555 1555,
3477 2480 3660 2557 1558,
3695 2482 3876 2557 1561,

2512 2584 2698 2660 2186,
2740 2585 2919 2646 2204.

2431 2726 2504 2736 -
2563 2691 2639 2752 de
2693 2693 2952 2753 Bramen
3010 2700 3211 2755 rector
3249 2697 3408 2773 lecal.
3453 2694 3513 2757 S.
3558 2696 3872 2758 Gertrudis

2513 2799 2679 2878 Traj.
2728 2803 2902 2862 1703.

2433 2943 2505 2954 -
2552 2910 2594 2969 J
2596 2911 2850 2970 ohannis
2892 2911 2967 2971 de
3008 2912 3250 2973 Noereh
3278 2914 3420 2974 eler.
3453 2915 3649 2975 benef.
3679 2934 3717 2974 a
3745 2934 3871 2994 eap.

2509 3020 2566 3079 b.
2606 3019 2836 3079 Mariae
2880 3020 3043 3097 Traj.
3094 3023 3269 3083 1707.

2431 3159 2505 3171 -
2548 3127 2703 3187 dom.
2746 3127 2822 3187 de
2861 3129 3052 3189 Askel
3094 3131 3280 3207 2106,
3323 3133 3502 3192 2108.

2433 3269 2504 3280 -
2562 3233 2807 3296 Ottonis
2861 3236 2936 3296 de
2993 3239 3339 3300 Doseboreh
3391 3241 3534 3301 oler.
3576 3243 3770 3304 benef.
3810 3243 3874 3303 in

2508 3344 2657 3405 ecel.
2701 3345 2866 3423 Traj.
2911 3349 3088 3408 2240.

2429 3450 2840 3516 ottobonus
2897 3454 2957 3515 S.
3014 3457 3271 3517 Adriani
3311 3459 3464 3519 diae.
3508 3459 3686 3521 card.
3729 3462 3873 3538 277,

2511 3563 2655 3640 312,
2699 3566 2844 3642 313,
2885 3566 3006 3624 Int.
3055 3566 3263 3627 LXII.

2432 3777 2494 3842 Ρ.
2537 3779 2612 3839 de
2652 3780 2936 3842 Oieeonio
2975 3783 3129 3842 eivis
3170 3782 3475 3845 Romanus
3518 3786 3615 3846 48.

2432 3922 2505 3932 —
2550 3888 2625 3947 de
2665 3888 2898 3949 Frattis
2941 3892 3088 3968 403,
3130 3892 3251 3952 Int.
3292 3893 3553 3954 LXXV.

2431 4030 2502 4040 —
2547 3997 2733 4057 Lerin
2774 4000 2911 4058 429.

2431 4137 2504 4149 -
2549 4105 2624 4164 de
2665 4107 2900 4168 Suessie
2942 4110 3089 4185 491,
3132 4111 3268 4170 492.

2431 4247 2503 4258 -
2548 4214 2624 4274 de
2664 4215 2922 4294 Neapoli
2963 4219 3109 4296 494,
3153 4220 3298 4297 495,
3341 4220 3464 4280 Int.
3510 4219 3767 4281 LXXV.

2426 4356 2509 4367 —
2548 4324 2733 4383 Paete
2774 4326 2911 4386 939.

2428 4465 2501 4477 -
2548 4433 2622 4493 de
2663 4433 2902 4495 Frontis
2950 4437 3121 4496 1046.

2428 4574 2502 4586 -
2546 4543 2773 4603 Vitalie
2818 4546 2992 4606 1840.

2426 4683 2499 4695 -
2546 4651 2723 4730 Papil
2770 4654 2942 4713 1909.

2428 4793 2503 4803 -
2547 4759 2622 4819 de
2661 4760 2886 4838 Fargia
2931 4762 3116 4839 1987,
3158 4761 3334 4821 2095.

2429 4902 2497 4913 -
2567 4867 2906 4929 Ganaldani
2973 4870 3348 4947 (Ganaldini)
3425 4872 3612 4950 2046,
3681 4873 3868 4950 2174,

2508 4979 2695 5055 2175,
2739 4979 2915 5037 2244.

2429 5120 2502 5132 -
2546 5087 2931 5147 Volmanerie
2971 5088 3151 5149 2174.

2427 5194 2883 5275 Papinianus
2942 5202 3123 5257 natus
3184 5195 3487 5257 Gabrielis
3540 5197 3617 5257 de
3670 5197 3871 5259 Elisoo

2505 5323 2638 5366 ean.
2682 5304 2742 5364 S.
2784 5303 3010 5364 Mariae
3052 5305 3244 5384 Traj„
3291 5305 3507 5367 deinde
3549 5308 3764 5386 capell.
3807 5308 3868 5369 Β.

2508 5414 2550 5474 J
2552 5413 2648 5474 oh.
2704 5413 2816 5473 ΕΝ.
2832 5458 2849 5491 ,
2902 5413 2963 5474 Β.
3020 5412 3185 5475 Salv.
3243 5419 3306 5475 et
3359 5416 3431 5475 B.
3473 5415 3755 5494 Agathae
3795 5417 3870 5478 de

2509 5522 2835 5599 Kloetinge
2879 5523 3025 5601 745,
3067 5524 3214 5601 903,
3261 5525 3434 5586 1487.

2426 5631 2828 5691 Parentiua
2869 5630 3021 5692 eivis
3061 5631 3368 5694 Romanus
3408 5635 3515 5712 45,
3558 5636 3654 5695 48.
