4450 6684
1744 549 2147 614 Gnneomus
2192 546 2315 611 XI.
3433 540 3563 602 253

500 783 892 849 continetur.
987 779 1163 843 Hinc
1235 781 1370 856 est,
1445 773 1619 861 quod
1690 793 1810 836 nos
1883 770 2203 835 dictorum
2277 767 2460 832 ducis
2532 771 2602 831 et
2662 765 2918 830 ducisse
2981 761 3568 849 supplicationibus

502 890 799 956 inclinati
845 885 1206 974 predictam
1255 883 1572 969 capellam
1622 881 1895 965 ejusque
1945 877 2304 958 decanum,
2368 874 2716 939 canonicos
2764 878 2832 937 et
2876 892 3189 959 personas
3235 870 3304 934 in
3344 872 3456 956 jus
3504 874 3573 933 et

502 997 980 1085 proprietatem
1040 992 1222 1058 beati
1286 991 1472 1055 Petri
1535 994 1602 1052 et
1651 986 1946 1073 predicte
1996 984 2171 1049 sedis
2220 983 2580 1069 apostolice
2631 980 3059 1066 suscipimus,
3111 999 3222 1043 eos
3270 978 3352 1042 ab
3402 976 3576 1041 omni

495 1103 994 1191 jurisdictione,
1052 1103 1388 1186 potestate
1454 1103 1521 1161 et
1587 1094 1876 1159 dominio
1939 1093 2067 1156 loci
2131 1090 2466 1155 diocesani
2524 1094 2591 1153 et
2641 1088 3134 1174 metropolitani
3182 1093 3251 1151 et
3299 1085 3578 1150 aliorum

506 1229 1048 1299 quorumcunque
1121 1205 1423 1292 judicum
1507 1201 1986 1267 ordinariorum
2064 1199 2362 1263 totaliter
2443 1204 2511 1261 et
2591 1202 2911 1282 perpetuo
2994 1196 3403 1278 eximentes,
3487 1197 3582 1260 ita

508 1318 680 1407 quod
746 1338 869 1382 nec
932 1315 1324 1380 diocesanus
1391 1312 1529 1376 sive
1591 1309 2138 1395 metropolitanus
2186 1312 2300 1371 aut
2350 1306 2517 1369 alius
2566 1305 2939 1391 quicunque
2990 1304 3357 1368 ordinarius
3404 1305 3582 1389 ipsos

512 1426 868 1506 decanum,
933 1423 1292 1508 capitulum
1356 1424 1425 1483 et
1488 1437 1800 1504 personas
1863 1436 1937 1479 ac
2000 1434 2225 1479 eorum
2276 1412 2592 1498 capellam
2642 1417 2874 1498 utpote
2920 1431 3186 1497 prorsus
3236 1416 3580 1496 exemptos

514 1532 943 1613 interdicere,
1001 1526 1404 1615 suspendere
1451 1527 1559 1591 vel
1607 1522 2176 1589 excommunicare
2226 1521 2444 1586 valeat
2492 1541 2609 1585 seu
2657 1540 3047 1606 quocunque
3096 1520 3223 1583 alio
3271 1519 3466 1584 modo
3515 1522 3583 1584 in

520 1660 631 1704 eos
702 1643 1138 1724 potestatem,
1201 1632 1730 1718 jurisdictionem
1802 1629 1938 1693 sive
2009 1628 2371 1692 dominium
2441 1628 2663 1712 aliqua
2732 1648 3077 1708 exercere,
3152 1633 3217 1692 et
3280 1629 3334 1691 si
3399 1648 3586 1693 secus

518 1753 737 1811 actum
783 1744 1010 1824 fuerit,
1057 1742 1126 1806 id
1174 1741 1431 1804 irritum
1480 1740 1565 1802 sit
1614 1743 1683 1802 et
1727 1738 1944 1800 inane.
2020 1736 2152 1800 Per
2189 1736 2316 1799 hoc
2356 1742 2576 1799 autem
2617 1734 3089 1818 jurisdictioni,
3133 1756 3326 1820 quam
3371 1735 3586 1800 dictus

522 1851 809 1917 decanus
855 1851 923 1914 in
970 1850 1148 1935 ipsos
1196 1847 1584 1934 capitulum,
1634 1844 1982 1909 canonicos
2031 1851 2099 1907 et
2138 1843 2299 1907 alias
2337 1864 2649 1928 personas
2691 1841 2863 1908 dicte
2904 1843 3152 1929 capelle
3194 1865 3276 1908 ex
3321 1866 3584 1913 conces-

529 1958 711 2022 sione
782 1962 1006 2021 nostra
1029 1955 1084 2038 3)
1148 1976 1265 2018 seu
1330 1953 1488 2018 alias
1550 1952 1793 2016 habere
1857 1950 2252 2030 dinoscitur,
2325 1970 2457 2013 non
2520 1949 2923 2013 intendimus
2983 1951 3051 2013 in
3116 1952 3334 2038 aliquo
3398 1953 3586 2019 dero-

518 2085 694 2150 gare.
789 2062 973 2128 Nulli
1036 2083 1191 2147 ergo
1239 2069 1330 2125 etc
1334 2108 1532 2124 .....
1604 2060 1757 2123 Dat.
1808 2057 2175 2138 Avinione‚
2225 2057 2325 2122 VI
2372 2057 2543 2120 Non.
2592 2056 2858 2141 Marcii,
2902 2060 3323 2145 pontificatus
3371 2067 3580 2129 nostri

515 2190 691 2234 anno
738 2175 990 2256 quart0.
1427 2171 1430 2174 ’

940 2305 1332 2368 Autoyrapllwm
1380 2303 1434 2352 in
1478 2302 1680 2350 archivo
1725 2302 1901 2349 Status
1935 2302 2135 2363 anue·
2157 2299 2439 2358 Comitum,
2474 2316 2582 2348 cum
2615 2301 2787 2364 siyillo
2811 2304 3065 2369 plumlmo,
3092 2309 3213 2372 filis
3246 2312 3418 2360 sericis
3451 2314 3594 2363 rubri

876 2421 1094 2481 flavique
1137 2418 1322 2466 coloris
1367 2432 1617 2480 appenso;
1666 2416 1826 2463 latere
1870 2414 2080 2462 sinistro
2122 2413 2453 2476 subscriptum
2486 2417 2588 2462 est.-
2635 2384 2694 2503 g
2731 2437 3054 2508 Ganaldani3
3090 2422 3145 2471 i„
3169 2424 3316 2488 plica
3347 2426 3594 2490 insama·

873 2542 1051 2586 extra:
1090 2537 1147 2587 P.
1182 2535 1546 2596 Volmanerie3
1585 2552 1618 2583 a
1652 2539 1821 2598 tergo:
1857 2533 2225 2585 Ghiselbertus
2264 2535 2381 2585 Boc.
2419 2537 2782 2601 Apoyraplmm
2814 2557 2940 2590 saec
2968 2543 3086 2590 XV
3111 2544 3331 2594 ibidem·
3313 2563 3366 2594 υ.
3388 2547 3605 2597 chartul

876 2621 1104 2684 capellae
1155 2620 1369 2669 curialis
1409 2617 1685 2683 sol.16¹·;
1740 2619 1795 2666 in
1846 2620 2048 2667 archivo
2099 2618 2328 2667 civitatis
2378 2620 2650 2684 Leydemis
2701 2628 2868 2672 exstat
2926 2626 3151 2676 Vidimus
3188 2645 3284 2691 per
3332 2630 3614 2694 officialem

872 2705 1044 2755 curiae
1088 2706 1248 2769 Traj„
1299 2704 1663 2752 Ghiselbertum
1698 2704 1758 2750 de
1794 2703 1963 2751 Andez
1991 2703 2340 2766 praepositum
2370 2707 2668 2754 monasterii
2704 2707 3039 2773 (lunulas-295⁸,
3077 2712 3340 2772 Hugonom
3376 2714 3525 2762 θωπί
3560 2716 3617 2763 in

873 2788 1170 2854 Nacldwyc,
1208 2789 1470 2850 Huyoncm
1505 2788 1689 2835 dictum
1726 2803 1823 2835 van
1857 2788 1947 2834 cler
1981 2786 2128 2834 Hout
2163 2786 2214 2835 S.
2253 2787 2530 2836 Pauca-atii
2565 2789 2619 2838 in
2643 2790 2844 2855 Leyden
2867 2793 3185 2843 ecclesiarum
3210 2796 3421 2845 decanos
3443 2798 3618 2847 datum

878 2873 1076 2936 Παρία,
1102 2872 1258 2936 scria
1293 2871 1352 2920 2²
1390 2870 1641 2920 Januarii
1676 2887 1760 2919 an.
1795 2869 1952 2932 1376,
1988 2898 2051 2905 —
2088 2871 2140 2918 in
2175 2871 2359 2918 charta
2392 2872 2704 2922 membraneo
2737 2891 2845 2924 cum
2879 2880 3121 2939 quattuor
3154 2879 3341 2942 sigillis
3373 2880 3543 2930 cereis.

947 2958 1072 3021 Rey.
1107 2958 1206 3006 Ao.
1249 2959 1303 3004 T.
1337 2954 1425 3017 21,
1453 2956 1513 3018 s.
1550 2953 1689 3004 2720.

887 3040 1285 3174 1335kaoe
1332 3038 1680 3101 Bachrtjvinq
1723 3054 1822 3087 van
1868 3037 1909 3086 ’s
1931 3037 2263 3102 Gravcnhaqe
2313 3040 2352 3089 Ι.
2402 3053 2439 3090 1.
2486 3040 2606 3106 2003
2655 3044 3001 3094 Rammlman
3047 3047 3278 3098 Elsevicr
3327 3049 3616 3100 Inventas-is

1070 3127 1101 3158 a:

691 3271 749 3337 1)
785 3273 913 3338 Reg.
947 3272 1041 3321 Av.
1078 3271 1298 3321 habent:
1340 3269 1641 3335 Mergarite.
1843 3267 1900 3332 2)
1936 3268 2110 3335 Supra
2143 3286 2295 3322 num.
2328 3271 2478 3325 1987.
2677 3274 2734 3339 3)
2770 3275 2877 3328 Csr.
2911 3291 3074 3341 supra
3107 3293 3258 3330 num.
3291 3277 3441 3330 2095.

542 3761 730 3829 2175.
1568 3762 1786 3863 1374,
1837 3760 2072 3824 Martii
2116 3763 2188 3841 2,
2239 3761 2601 3826 Avenionis.

865 3914 1223 3996 Statuitur,
1271 3914 1436 3998 quod
1481 3914 1786 3977 decanum
1836 3914 2116 3998 capellae
2159 3916 2227 3977 in
2265 3913 2491 3998 Haya,
2531 3936 2706 3999 quem
2740 3918 3090 4001 capitulum
3123 3919 3402 4003 eleqerit,
3437 3917 3627 3983 abbas

776 4023 1143 4086 monasterii
1187 4020 1767 4105 Middelburyensis
1807 4040 1938 4104 pro
1988 4027 2261 4110 tempore
2306 4023 2572 4085 existens
2609 4025 2818 4106 possit
2864 4030 2924 4086 et
2968 4023 3184 4090 debeat
3229 4024 3623 4107 confirmare.

776 4207 1131 4292 Gregorius
1182 4206 1558 4292 episcopus,
1611 4226 1836 4270 servus
1886 4226 2223 4270 servorum
2271 4206 2437 4289 Dei,
2486 4205 2571 4270 ad
2619 4213 3004 4293 perpetuam
3053 4209 3147 4272 rei
3194 4209 3591 4274 memoriam.

775 4315 1035 4381 Eximie
1085 4314 1454 4379 devotionis
1503 4313 1864 4378 sinceritas.
1890 4362 1904 4376 .
1926 4360 1941 4376 .
1964 4361 1978 4376 .
2030 4313 2196 4377 Cum
2232 4319 2486 4395 autem,
2529 4313 2700 4377 sicut
2732 4314 3032 4379 exhibita
3065 4315 3255 4380 nobis
3288 4337 3403 4403 pro
3438 4323 3623 4403 parte

558 4422 881 4488 dictorum
941 4421 1124 4487 ducis
1172 4427 1241 4487 et
1288 4420 1544 4485 ducisse
1593 4419 1829 4506 petitio
1878 4419 2294 4502 continebat,
2345 4419 2613 4485 difficile
2663 4428 2872 4504 esset,
2922 4442 3069 4486 cum
3120 4423 3264 4508 quis
3311 4422 3394 4487 ad
3444 4423 3630 4489 deca-

563 4536 791 4595 natum
838 4529 1132 4616 ejusdem
1182 4529 1432 4614 capelle
1480 4549 1597 4614 per
1644 4529 1823 4614 ipsos
1872 4528 2232 4613 capitulum
2267 4528 2516 4592 electus
2550 4527 2777 4610 fuerit,
2826 4528 2908 4593 ad
2944 4528 3169 4594 sedem
3202 4531 3628 4616 apostolicam

564 4637 873 4704 accedere
920 4659 1039 4725 pro
1090 4637 1586 4702 confirmatione
1632 4634 2015 4720 hujusmodi
2063 4635 2404 4700 electionis
2454 4635 2847 4717 obtinenda,
2912 4657 3029 4722 pro
3079 4644 3265 4724 parte
3313 4637 3633 4703 dictorum

566 4745 750 4809 ducis
797 4751 865 4810 et
913 4745 1169 4809 ducisse
1218 4745 1406 4809 nobis
1456 4743 1581 4807 fuit
1628 4742 1967 4807 humiliter
2014 4743 2486 4828 supplicatum,
2537 4747 2610 4805 ut
2660 4742 3006 4829 providere
3051 4745 3122 4808 in
3168 4746 3499 4832 premissis
3547 4746 3629 4812 de

566 4851 978 4938 benignitate
1028 4851 1387 4937 apostolica
1434 4848 1876 4934 dignaremur.
1971 4849 2109 4914 Nos
2154 4850 2418 4934 itaque,
2477 4848 2855 4935 hujusmodi
2905 4852 3489 4938 supplicationibus
3536 4854 3636 4918 in·

569 4960 823 5040 clinati,
872 4960 1176 5023 volumus
1223 4964 1290 5022 et
1338 4955 1700 5043 apostolica
1747 4956 2140 5021 auctoritate
2189 4961 2421 5021 tenore
2467 4957 2874 5042 presentium
2922 4959 3271 5023 statuimus
3320 4965 3388 5024 et
3434 4961 3632 5024 etiam

572 5066 977 5149 ordinamus,
1019 5063 1191 5151 quod
1234 5084 1382 5128 cum
1421 5064 1492 5127 in
1530 5065 1732 5127 antea
1778 5062 2155 5146 hujusmodi
2197 5062 2431 5127 electio
2473 5062 2704 5127 decani
2744 5062 2917 5128 dicte
2957 5065 3206 5150 capelle
3238 5065 3435 5130 fuerit
3467 5067 3634 5133 cele-

570 5175 786 5258 brata,
827 5175 1031 5240 abbas
1073 5171 1451 5237 monasterii
1491 5168 2095 5255 Middelburgensis
2126 5170 2760 5235 Premonstratensis
2800 5170 3072 5254 ordinis,
3114 5171 3287 5237 dicte
3327 5172 3632 5259 diocesis,

572 5304 689 5370 pro
738 5289 1030 5369 tempore
1081 5280 1405 5361 existens,
1455 5278 1849 5342 electionem
1894 5276 2272 5361 hujusmodi
2318 5278 2528 5362 possit
2576 5283 2645 5342 et
2686 5277 2925 5342 debeat
2956 5280 3346 5344 auctoritate
3378 5288 3637 5367 aposto-

575 5390 703 5455 lica
764 5388 1122 5456 secundum
1170 5386 1515 5452 canonicas
1562 5384 1941 5450 sanctiones
1989 5385 2408 5467 confirmare,
2459 5385 2559 5449 ita
2607 5383 2780 5470 quod
2825 5406 2945 5473 per
2989 5386 3112 5450 hoc
3159 5387 3412 5451 nullum
3460 5387 3639 5452 aliud

564 5499 681 5583 jus
728 5497 853 5562 sibi
899 5497 969 5559 in
1018 5494 1194 5560 dicta
1238 5494 1491 5580 capella
1538 5491 1915 5578 acquiratur
1966 5512 2088 5556 nec
2127 5492 2198 5556 in
2232 5492 2450 5578 aliquo
2481 5492 2797 5579 premisse
2831 5493 3235 5578 exemptioni
3268 5494 3638 5582 derogetur.

576 5604 757 5670 Nulli
822 5623 976 5689 ergo
1038 5609 1130 5667 etc
1133 5648 1329 5665 .....
1403 5599 1556 5664 Dat.
1623 5599 1987 5682 Avinione,
2049 5598 2150 5664 VI
2204 5598 2378 5663 Non.
2425 5599 2685 5682 Martii,
2747 5600 3167 5686 pontificatus
3213 5602 3421 5667 nostri
3467 5624 3639 5669 anno

570 5716 832 5798 quarto.
