4450 6684
1853 465 2076 529 Innnx
2120 464 2612 549 Pnnsoiunun.
3633 465 3765 528 379

693 680 1064 741 Arnoldus
1104 681 1312 760 Egidii
1354 682 1429 742 de
1469 683 1765 744 Emelisse
1803 689 1921 744 art.
1948 703 2137 762 mag„

776 793 990 871 capell.
1033 795 1203 872 hosp.
1250 794 1324 854 de
1364 794 1686 871 Emelisse‚
1721 813 1853 854 can.
1883 794 1942 855 S.
1976 794 2139 856 Salv.

778 904 940 980 Traj.
992 905 1162 964 1930.

699 1045 772 1056 -
817 1011 892 1072 de
935 1012 1198 1072 Trichen
1241 1011 1507 1088 (Tricht)
1549 1017 1662 1073 art.
1693 1031 1853 1091 mag.
1884 1018 1946 1074 et
1972 1015 2140 1074 bace.

775 1128 895 1182 utr.
952 1123 1139 1199 juria,
1195 1123 1410 1201 capell.
1472 1122 1535 1181 in
1593 1124 1835 1200 Tricht,
1893 1142 2021 1184 cau.
2083 1125 2138 1182 b.

774 1232 1002 1292 Mariae
1040 1232 1203 1310 Traj.
1253 1233 1435 1309 1955,
1479 1232 1655 1292 2252.

696 1374 770 1384 -—
829 1341 970 1401 Prel
1025 1346 1224 1402 rector
1278 1342 1424 1401 eccl.
1485 1341 1545 1401 S.
1600 1341 1912 1401 Michaelis
1954 1360 2142 1419 prope

776 1451 1032 1529 Effigie,
1075 1451 1291 1511 deinde
1331 1470 1465 1511 can.
1506 1452 1658 1511 Dav.
1702 1451 1878 1510 2045.

698 1593 772 1603 -
833 1561 1084 1621 Arnoldi
1148 1561 1444 1621 «Iohannis
1511 1561 1726 1639 capell.
1790 1561 1864 1620 de
1927 1560 2142 1619 Tricht

777 1672 952 1730 2088.

698 1814 772 1823 -
816 1780 969 1839 dom.
1013 1780 1088 1840 de
1127 1780 1443 1858 Egmonda
1485 1782 1670 1858 2097,
1713 1781 1891 1841 2110.

697 1923 771 1932 -
814 1890 1057 1950 Alberti
1099 1889 1326 1950 Gruter
1367 1891 1442 1950 de
1484 1890 1887 1967 Dotincheym
1920 1889 1963 1966 ¹)
2006 1908 2136 1949 can.

777 2000 834 2058 b.
876 1999 1104 2059 Mariae
1146 2000 1309 2077 Traj.
1357 2001 1534 2059 2133.

698 2144 772 2152 —
819 2110 891 2168 de
932 2109 1121 2169 Horst
1163 2111 1360 2188 presb.
1406 2111 1595 2187 2152,
1638 2111 1757 2168 Int.
1800 2108 2100 2168 XLVIII.

697 2253 771 2262 —
815 2218 889 2277 de
930 2219 1157 2297 Campo
1199 2225 1397 2279 rector
1439 2220 1707 2297 capellae
1735 2221 1792 2278 b.
1822 2219 2050 2278 Mariae
2077 2219 2139 2276 in

777 2327 1225 2404 Wiltenborch,
1267 2328 1482 2387 altaris
1522 2329 1581 2387 b.
1624 2327 1853 2387 Mariae
1892 2327 2142 2404 Magda-

778 2437 948 2496 lenae
1001 2437 1063 2495 in
1106 2435 1470 2513 Oostbroek,
1514 2438 1659 2497 eccl.
1704 2437 1778 2497 de
1805 2438 1963 2516 Epe‚
2007 2455 2138 2497 can.

778 2547 940 2623 Traj.
985 2547 1171 2622 2239,
1216 2548 1391 2606 2250.

701 2687 774 2698 -
821 2654 1019 2732 Snoye
1060 2674 1188 2714 can.
1235 2656 1399 2732 Traj.
1445 2656 1622 2715 2245.

700 2796 770 2806 —
818 2763 1044 2824 Gruter
1071 2767 1116 2840 ι)
1160 2783 1291 2824 can.
1336 2764 1396 2824 S.
1440 2765 1608 2823 Petri
1651 2764 1818 2841 Traj.
1863 2766 2036 2823 2249.

699 2907 770 2917 -
816 2873 890 2932 de
933 2874 1232 2951 Isenburg
1274 2874 1504 2933 electus
1549 2874 1712 2951 Traj.
1745 2875 1864 2934 Int.
1894 2874 2139 2933 XXXI.

694 2982 1103 3061 Atghardis
1146 2983 1456 3043 Kristinae
1501 2983 1573 3043 de
1602 2983 1957 3062 Hamborgh
1985 2984 2141 3060 filia,

773 3092 1040 3170 beghina
1081 3094 1218 3152 435.

691 3202 796 3260 Av
811 3220 885 3260 ez
899 3206 1062 3261 oeta
1088 3203 1395 3261 abbatissa
1414 3221 1570 3261 mon.
1593 3203 1667 3261 de
1687 3202 1867 3280 Haga
1887 3202 2139 3263 cisterc.

774 3310 900 3369 ord.
945 3312 1129 3386 2200,
1173 3311 1293 3370 Int.
1336 3311 1468 3370 XL.

693 3419 1117 3479 Azemarius
1158 3440 1216 3479 v.
1259 3421 1616 3480 Ademarus.

697 3635 761 3698 Β.
804 3636 879 3696 de
921 3636 1132 3697 Pontis
1176 3639 1312 3696 491.

697 3780 771 3789 —
815 3745 890 3804 de
930 3745 1145 3805 Brixia
1189 3747 1326 3805 526.

696 3889 767 3898 -
814 3855 888 3915 de
928 3855 1133 3916 Caesis
1179 3856 1314 3914 549.

696 3998 767 4007 -
812 3965 886 4024 de
925 3965 1152 4025 Vidalh
1195 3967 1530 4025 989-992.

693 4107 767 4116 —-
812 4075 886 4133 de
928 4074 1081 4135 Vico
1123 4076 1260 4134 991.

698 4219 770 4228 -
816 4185 890 4244 de
930 4186 1116 4245 Erkel
1162 4187 1373 4264 capell.
1408 4185 1467 4245 S.
1498 4186 1736 4247 Nicolai
1771 4187 1964 4264 Traj.,
2006 4206 2136 4266 per·

778 4314 922 4355 sona
962 4296 1027 4353 in
1067 4295 1350 4354 Naarden
1397 4292 1577 4373 1558,
1626 4298 1798 4356 1561.

696 4438 772 4448 -
814 4404 1130 4482 Maynardi
1173 4406 1360 4481 2196,
1403 4406 1580 4464 2231.

698 4547 772 4556 -
816 4512 888 4571 de
929 4514 1209 4573 Nexonio
1251 4515 1395 4574 cler.
1439 4516 1674 4592 papalis
1702 4516 1824 4576 Int.
1854 4515 2141 4575 XXXVI

775 4640 897 4699 seq.

692 4729 1079 4791 Baldricus
1111 4731 1410 4791 Theodori
1439 4733 1555 4794 vic.
1582 4733 1655 4792 de
1675 4734 1896 4812 Arkel,
1926 4734 2141 4794 deinde

773 4859 900 4899 can.
944 4842 1002 4901 b.
1045 4841 1274 4900 Mariae
1316 4842 1481 4919 Traj.
1525 4843 1701 4902 2251.

693 4979 769 4993 -
812 4968 905 5028 ep.
953 4949 1116 5027 Traj.
1159 4951 1282 5010 Int.
1325 4950 1510 5009 XIII.

568 5082 589 5091 ··
691 5057 1106 5119 Balduinus
1137 5059 1573 5135 (Baldewinus)
1598 5060 1672 5119 de
1694 5060 2019 5120 Hollandia
2044 5080 2137 5139 ep.

774 5167 938 5245 Traj.
984 5170 1087 5245 38,
1133 5170 1228 5228 39.

694 5307 768 5318 -
814 5275 886 5335 de
926 5276 1275 5337 Brunchors
1318 5295 1449 5336 can.
1495 5278 1659 5355 Traj.
1704 5279 1839 5339 532.

790 5616 847 5679 1)
885 5617 1029 5667 Idem
1047 5619 1074 5667 t>

2320 685 2727 746 Balduinus
2759 685 3028 763 archiep.
3053 685 3430 745 Trevirensis
3452 682 3595 761 541,
3619 684 3763 759 566,

2401 795 2539 856 569.

2325 938 2400 949 --
2444 903 2519 963 de
2560 905 2885 983 Tolloysen
2926 903 3064 964 559.

2325 1047 2398 1058 -
2443 1014 2703 1073 Walter-i
2747 1014 2820 1074 de
2862 1014 3201 1076 Oorwarem
3242 1032 3374 1074 can.
3419 1013 3479 1074 Β.
3523 1012 3685 1073 Salv.

2404 1123 2568 1199 Traj.
2614 1124 2749 1183 794.

2326 1266 2396 1276 -
2462 1238 2644 1291 natus
2698 1231 3031 1293 Baldewini
3084 1232 3311 1292 Mulart
3354 1231 3428 1292 de
3469 1232 3767 1311 campen,

2406 1347 2605 1402 rector
2648 1342 2706 1417 S.
2740 1343 2954 1403 Jacobi
2984 1342 3180 1419 Traj.‚
3224 1341 3440 1402 deinde
3469 1341 3531 1400 in
3558 1341 3767 1401 Yssel·

2402 1451 2646 1510 muiden
2693 1453 2875 1528 1148,
2923 1453 3096 1511 1149.

2327 1594 2402 1605 -
2445 1560 2520 1620 de
2564 1560 2803 1638 Songiis
2845 1579 2975 1620 can.
3020 1560 3078 1621 S.
3125 1561 3296 1619 Petri
3338 1565 3399 1619 et
3440 1562 3496 1620 b.
3540 1561 3772 1620 Mariae

2405 1669 2570 1747 Traj.
2617 1671 2797 1746 1569,
2845 1671 3018 1729 1611.

2325 1812 2400 1823 -
2446 1779 2520 1838 de
2561 1780 2754 1839 Dalen
2794 1784 2976 1838 natus
3019 1778 3256 1839 Nicolai
3286 1778 3512 1838 Gruter
3540 1781 3767 1857 presb.,

2397 1888 2520 1964 jur.
2563 1889 2762 1965 bacc.‚
2804 1906 2934 1948 can.
2980 1888 3177 1964 Traj.,
3220 1894 3418 1948 rector
3460 1888 3534 1948 de
3575 1889 3769 1947 Dalen

2403 2001 2465 2055 et
2507 1997 2582 2056 de
2622 1997 2781 2074 Wey
2811 1997 3106 2075 (WyheP)
3147 1998 3330 2074 1639,
3366 1998 3550 2075 1751,
3584 1999 3772 2074 1815,

2402 2108 2589 2183 2013,
2632 2108 2808 2165 2139.

2325 2250 2396 2260 -
2457 2234 2554 2293 ep.
2610 2216 3056 2294 suffraganeus,
3120 2217 3498 2295 praedicator
3554 2217 3772 2279 Crucis

2405 2326 2526 2385 Int.
2570 2326 2809 2385 LXIII.

2323 2469 2398 2479 —
2442 2454 2501 2495 v.
2545 2436 2862 2496 Boutatus.

2322 2545 2940 2605 Bartholomaeus
2982 2564 3145 2606 canc.
3191 2546 3427 2624 papalis
3473 2548 3605 2606 141.

2323 2689 2398 2700 —
2459 2657 2533 2716 de
2592 2657 2842 2716 Mantua
2902 2656 3132 2716 archid.
3187 2656 3572 2733 Hannoniae,
3629 2656 3768 2716 coll.

2404 2764 2668 2826 decimae
2711 2766 2858 2842 364,
2903 2767 3045 2842 365,
3092 2768 3237 2842 371,
3282 2766 3419 2826 375.

2322 2910 2405 2920 -
2446 2876 2521 2936 de
2561 2875 2909 2952 Noordwyk
2936 2882 3135 2935 rector
3163 2876 3308 2936 eccl.
3339 2876 3404 2934 in
3432 2875 3601 2936 Delft
3631 2877 3770 2936 655.

2325 3021 2399 3030 -
2460 2986 2534 3046 de
2596 2985 2967 3064 Goringhem
3031 2992 3210 3045 natus
3266 2986 3565 3046 «Iohannis
3619 2985 3769 3045 dicti

2411 3095 2592 3172 Voer,
2624 3095 2837 3172 capell.
2866 3095 3036 3172 hosp.
3067 3095 3131 3153 in
3153 3093 3540 3171 Gorinchem,
3569 3102 3771 3155 rector

2402 3205 2549 3264 eccl.
2591 3205 2654 3263 in
2697 3205 2926 3264 Putten
2972 3206 3145 3263 1193.

2323 3348 2406 3358 -
2445 3314 2519 3373 de
2561 3314 2832 3374 Boscano
2873 3333 3077 3393 praep.
3110 3313 3171 3373 S.
3201 3314 3371 3374 Petri
3400 3313 3770 3376 casletensis

2404 3424 2759 3483 Morinensis
2800 3422 3018 3502 dioec.,
3061 3425 3276 3502 capell.
3305 3430 3367 3484 et
3395 3424 3635 3484 auditor
3665 3443 3768 3500 pa-

2403 3534 2559 3611 palis
2606 3534 2778 3592 1426.

2330 3676 2398 3685 -
2446 3643 2520 3701 de
2564 3643 2766 3702 Strien
2809 3643 3022 3722 capell.
3053 3643 3116 3701 in
3145 3643 3767 3720 Aelbrechtsberghe,

2400 3756 2598 3811 rector
2640 3751 2785 3811 eccl.
2830 3751 2905 3811 de
2933 3752 3183 3828 Petten,
3227 3752 3444 3811 deinde
3473 3751 3547 3812 de
3573 3752 3772 3812 Bode-

2400 3879 2630 3938 graven
2678 3860 2860 3936 1556,
2909 3861 3081 3919 1557.

2319 3970 2670 4029 Bartzota
2710 3970 2926 4029 relicta
2967 3969 3172 4047 Egidii
3219 3970 3543 4029 Theermes
3590 3972 3770 4029 1640.

2318 4080 2658 4140 Batfoeta
2699 4078 2913 4139 relicta
2952 4079 3271 4139 Berwondi
3317 4081 3488 4139 1367.

2319 4189 2517 4249 Bavo
2561 4188 2881 4248 Wibrandi
2919 4188 3278 4266 Bokkinghe
3306 4188 3598 4248 scholaris
3628 4190 3770 4248 678.

2319 4297 2625 4358 Beatrix
2668 4297 2975 4357 comitissa
3016 4297 3436 4357 Curtracensis
3479 4299 3616 4358 326.

2323 4441 2395 4451 -
2440 4425 2598 4466 uxor
2639 4406 2902 4466 Walteri
2944 4406 3019 4465 de
3059 4406 3371 4485 Egmonda
3413 4406 3549 4466 553.

2324 4549 2397 4560 -
2441 4521 2586 4574 nata
2628 4515 2924 4575 Johannis
2954 4515 3107 4576 dom.
3140 4515 3214 4574 de
3241 4515 3556 4593 Egmonda
3589 4489 3766 4575 1341.

2319 4656 2401 4669 -
2442 4624 2681 4684 domina
2723 4624 2797 4683 de
2839 4625 3105 4703 Keppel,
3140 4623 3353 4685 relicta
3379 4625 3663 4686 Roderici
3692 4628 3768 4686 de

2400 4734 2608 4793 Werst
2656 4735 2827 4793 1391.

2317 4876 2401 4887 -
2464 4861 2622 4903 uxor
2693 4843 3068 4922 Tydemanni
3137 4842 3507 4903 Scrodekens
3582 4846 3768 4920 1429,

2405 4954 2577 5011 1493.

2320 5061 2803 5121 Bellushomo
2846 5061 2999 5121 civis
3039 5061 3343 5120 Romanus
3386 5062 3484 5120 45.

2318 5169 2829 5229 Beltraminus
2872 5187 2966 5247 ep.
3007 5169 3403 5229 Bononiensis
3445 5170 3580 5228 982.

2319 5277 2768 5338 Benedictus
2831 5296 2989 5356 papa
3048 5277 3144 5337 XI
3207 5278 3552 5353 458-460,
3612 5278 3768 5353 464,

3451 5729 3527 5787 54
