4450 6684
929 515 1061 581 144
2222 516 2559 582 Uiuimus
2611 515 2696 580 V.

923 739 1286 804 animarum
1349 738 1679 827 pericula,
1740 759 1869 824 que
1932 743 2002 803 et
2062 744 2311 825 quante
2375 758 2720 825 corporum
2767 744 3057 824 strages,
3119 758 3333 824 queve
3378 757 3599 804 rerum
3649 735 3993 824 dispendia

921 851 1123 931 atque
1169 846 1301 911 alia
1345 847 1556 910 multa
1604 866 1735 910 non
1783 845 1974 910 facile
2025 843 2432 911 numeranda
2477 845 2854 910 discrimina
2899 844 3414 930 subsequuntur,
3462 843 3719 909 sincera
3764 851 3986 910 mente

922 958 991 1020 et
1037 958 1342 1040 prompto
1370 952 1608 1016 animo
1657 950 1739 1015 ad
1786 950 2267 1016 reformandam
2317 971 2548 1039 pacem
2595 957 2665 1016 et
2712 951 3130 1017 concordiam
3174 972 3322 1015 cum
3354 950 3626 1037 prefatis
3658 950 3988 1017 nobilibus

920 1065 988 1126 te
1052 1058 1382 1147 disponas.
1477 1058 1685 1144 Cujus
1743 1058 1838 1123 rei
1886 1079 2085 1123 causa
2128 1058 2578 1124 venerabilem
2624 1058 2890 1123 fratrem
2940 1063 3237 1123 nostrum
3285 1057 3561 1124 Petrum
3607 1059 3984 1145 episcopum

921 1166 1465 1233 Cameracensem
1512 1166 1869 1253 apostolice
1918 1165 2092 1230 sedis
2140 1165 2452 1230 nuncium
2501 1164 2583 1231 ad
2632 1167 3031 1252 presentiam
3082 1171 3264 1231 tuam
3310 1172 3379 1231 et
3425 1164 3751 1232 dictorum
3797 1168 3982 1232 nobi·

918 1272 1080 1338 lium
1128 1295 1246 1359 pro
1293 1270 1669 1358 hujusmodi
1716 1272 1896 1358 pacis
1944 1270 2355 1357 procurando
2403 1273 2672 1356 negotio
2720 1272 2842 1336 sub
2890 1292 3007 1356 spe
3056 1271 3263 1336 divini
3311 1272 3542 1337 auxilii
3581 1272 3983 1359 providimus

920 1380 1403 1446 destinandum.
1468 1378 1762 1465 Ideoque
1808 1379 2226 1443 nobilitatem
2268 1383 2449 1442 tuam
2481 1397 2787 1463 rogamus
2820 1384 3108 1460 attente,
3159 1378 3471 1464 quatinus
3504 1377 3789 1444 eundem
3820 1401 3985 1448 nun·

916 1488 1088 1552 cium
1152 1508 1271 1573 pro
1334 1485 1559 1550 divina
1619 1492 1687 1550 et
1750 1490 1975 1549 nostra
2037 1506 2112 1550 ac
2177 1485 2537 1571 apostolice
2602 1484 2776 1549 sedis
2823 1486 3202 1550 reverencia
3248 1486 3536 1568 benigne
3585 1487 3862 1573 recipias
3907 1508 3986 1553 ac

919 1594 1161 1657 nostris
1217 1614 1335 1680 per
1382 1613 1534 1657 eum
1584 1591 1706 1655 tibi
1751 1590 2113 1656 referendis
2164 1591 2743 1656 exhortationibus
2791 1597 2860 1657 et
2905 1592 3175 1656 monitis
3222 1593 3601 1677 acquiescas
3648 1593 3988 1658 humiliter

913 1705 983 1763 et
1052 1698 1291 1764 devote
1363 1720 1438 1763 ac
1506 1698 1670 1780 hiis,
1736 1718 1862 1783 que
1928 1698 2050 1762 tibi
2112 1718 2197 1762 ex
2264 1704 2452 1784 parte
2501 1703 2727 1762 nostra
2770 1698 3078 1762 retulerit
3121 1698 3190 1762 in
3237 1698 3609 1785 premissis,
3672 1697 3990 1765 adhibeas

911 1808 1175 1896 plenam
1225 1805 1442 1870 fidem.
1539 1805 1692 1868 Dat.
1740 1813 1813 1869 at
1863 1826 2083 1889 supra.

1330 1923 1460 1986 Ray.
1506 1922 1624 1972 Pac.
1670 1923 1724 1972 T.
1759 1920 1880 1984 246,
1906 1923 1967 1987 s.
2002 1920 2118 1972 365.

1331 2004 1586 2069 Sequitur
1630 2006 1851 2067 epistola
1885 2005 2122 2067 ejusdem
2158 2006 2359 2055 tenoris
2393 2006 2459 2055 ad
2494 2006 2792 2056 iohannem
2830 2007 3078 2056 comitem
3115 2005 3245 2056 Licii
3281 2006 3487 2072 (Lieey)
3521 2013 3576 2057 ct
3610 2006 3900 2057 Guidonem
3933 2022 3996 2059 ac

1266 2089 1647 2154 Eugeibertum
1693 2090 1757 2139 de
1803 2088 1971 2154 Λυκία
2015 2089 2311 2154 (Enghien)
2357 2089 2563 2139 fratres.
2633 2090 2782 2139 Aliae
2815 2090 3020 2150 literae,
3037 2103 3130 2152 pro
3166 2089 3265 2140 hoc
3299 2091 3510 2155 negotio
3545 2090 3895 2154 promovendo
3931 2091 3998 2141 ad

1261 2173 1493 2223 diversos
1531 2172 1767 2235 ipsarum
1802 2172 2036 2237 partium
2074 2173 2342 2236 principes
2377 2178 2431 2223 et
2467 2173 2737 2236 praesules
2772 2173 3098 2238 diriguntur.

2565 2388 2713 2396 ——-

909 2563 1350 2631 1788—1795.
1472 2565 1712 2646 (1363,
1746 2585 1787 2628 a
1818 2564 1919 2627 die
1953 2564 2115 2628 Nov.
2151 2567 2194 2628 6
2228 2584 2426 2649 usqae
2456 2564 2544 2628 ad
2574 2565 2737 2628 diem
2771 2564 2932 2629 Nov.
2967 2567 3009 2629 5
3042 2585 3148 2628 an.
3182 2566 3413 2648 1364).

1222 2717 1306 2783 A.
1377 2715 1669 2782 Volkero
1731 2716 1907 2780 dicto
1970 2716 2227 2781 Yseren
2291 2716 2365 2781 fit
2412 2717 2626 2802 gratia
2673 2716 2755 2782 de
2804 2716 3022 2803 aliquo
3071 2718 3532 2803 supplemento
3579 2717 3650 2781 in
3698 2718 3975 2783 ecclesia

1133 2822 1342 2887 sancti
1389 2822 1675 2887 Lebuini
1723 2821 2224 2887 Daventriensis
2276 2821 2553 2887 diocesis
2601 2822 3068 2907 Trajectensis.

1219 2928 1297 2993 Β.
1366 2928 1708 2994 Universis
1770 2928 2016 2994 Christi
2079 2928 2387 2994 fidelibus
2448 2934 2789 3015 presentes
2852 2929 3110 2994 litteras
3175 2928 3570 3017 inspecturis
3631 2930 3977 2995 ecclesiam

1133 3034 1344 3098 sancti
1404 3034 1660 3098 Nicolai
1722 3035 1792 3097 in
1838 3034 2156 3099 Biervliet
2206 3035 2652 3120 Trajectensis
2700 3034 2978 3100 diocesis
3028 3037 3224 3100 certis
3270 3035 3505 3101 diebus
3553 3035 3978 3101 visitantibus

1137 3145 1314 3206 certe
1360 3139 1772 3226 indulgentie
1817 3140 2210 3226 largiuntur.

1226 3246 1299 3312 C.
1371 3244 1693 3310 Edwardo
1759 3245 1911 3310 duci
1972 3245 2193 3311 Gelrie
2259 3246 2674 3329 conceditur,
2733 3252 2809 3310 ut
2855 3247 2925 3310 in
2973 3246 3134 3311 locis
3180 3245 3549 3312 interdictis
3595 3246 3866 3313 Missam
3915 3251 3984 3312 et

1133 3350 1261 3415 alia
1310 3349 1533 3415 divina
1579 3350 1790 3414 officia
1836 3350 1904 3414 in
1953 3371 2071 3414 sua
2118 3351 2457 3437 presentia
2503 3351 2712 3438 possit
2760 3353 2972 3416 facere
3023 3351 3360 3416 celebrari.

1237 3456 1318 3521 D.
1389 3456 1745 3541 Margarite
1793 3454 2054 3520 domine
2094 3456 2219 3520 loci
2267 3455 2350 3520 de
2383 3456 2548 3520 Ema
2575 3458 2625 3540 ¹)
2672 3457 3112 3543 Trajectensis
3150 3457 3428 3522 diocesis
3460 3457 3864 3538 conceditur,
3909 3463 3986 3522 ut

1132 3562 1202 3626 in
1250 3562 1407 3627 locis
1456 3561 1823 3626 interdictis
1869 3561 2139 3626 Missam
2193 3567 2262 3626 et
2308 3563 2439 3626 alia
2484 3562 2708 3627 divina
2755 3563 2967 3628 officia
3015 3564 3277 3649 (possit)
3323 3564 3538 3629 facere
3586 3563 3923 3629 celebrari.

1221 3667 1297 3732 E.
1367 3666 1716 3732 Thiderico
1781 3668 2038 3733 Vresen
2102 3669 2455 3753 ampliatur
2503 3670 2716 3754 gratia
2760 3669 2884 3733 sibi
2932 3670 3105 3734 facta
3152 3669 3236 3734 de
3283 3671 3674 3735 canonicatu
3721 3675 3790 3735 et
3836 3689 3985 3756 pre·

1131 3772 1350 3839 benda
1396 3794 1541 3838 cum
1591 3772 1915 3860 dignitate
1963 3775 2136 3857 (seu)
2182 3781 2540 3861 personatu
2590 3775 2660 3839 in
2707 3776 2982 3839 ecclesia
3029 3776 3461 3860 Trajectensi.

1220 3879 1294 3944 F.
1366 3879 1706 3944 Universis
1753 3880 1995 3945 Christi
2043 3878 2350 3945 fidelibus
2398 3880 2479 3945 ad
2528 3881 2839 3945 fabricam
2887 3882 3161 3947 ecclesie
3208 3881 3403 3947 beate
3451 3882 3657 3947 Maris
3705 3883 3967 3968 Trajec-

1135 3987 1340 4051 tensis
1387 4007 1617 4051 manus
1664 3987 2074 4073 porrigentes
2122 3988 2273 4070 (sic)
2321 3986 2676 4071 adjutrices
2726 3994 2902 4052 certe
2949 3986 3364 4073 indulgentie
3414 3988 3801 4073 largiuntur.

1225 4093 1304 4158 G.
1375 4092 1698 4157 Edwardo
1746 4091 1894 4156 duci
1944 4092 2165 4157 Gelrie
2215 4092 2600 4157 conceditur
2647 4093 2892 4159 habere
2940 4095 3146 4159 altare
3193 4095 3523 4180 portatile.

1224 4199 1313 4263 Η.
1387 4197 1616 4263 Eidem
1667 4197 2079 4280 conceditur,
2130 4204 2207 4263 ut
2256 4205 2408 4263 ante
2458 4198 2633 4263 diem
2680 4200 2889 4287 possit
2936 4200 3150 4265 facere
3198 4200 3536 4265 celebrari.

1336 4316 1424 4364 Ita
1470 4314 1655 4379 legitur
1698 4315 1754 4365 in
1808 4315 2025 4365 Rabrica
2071 4314 2342 4364 literarum
2387 4315 2510 4364 anni
2553 4317 2776 4377 secundi,
2825 4332 2955 4380 quae
2988 4333 3118 4366 nunc
3150 4317 3529 4380 desiderantur,
3565 4315 3753 4366 scilicet
3790 4314 3831 4365 A
3869 4315 3991 4380 Rea.

1262 4400 1361 4449 Αυ.
1404 4400 1536 4449 Toni.
1569 4397 1628 4461 8,
1655 4401 1714 4464 s.
1749 4397 1844 4458 20,
1877 4399 1935 4447 πθ
1967 4398 2089 4461 219;
2130 4398 2171 4448 Β
2197 4398 2255 4461 s.
2293 4396 2383 4460 28,
2422 4397 2480 4447 κθ
2511 4397 2633 4462 1523
2673 4398 2711 4449 C
2737 4401 2795 4465 s.
2831 4398 2922 4462 30,
2960 4400 3019 4449 n·
3051 4398 3174 4463 225;
3213 4400 3256 4449 D
3282 4401 3342 4465 s.
3376 4397 3470 4463 31,
3506 4397 3569 4448 η’
3600 4397 3723 4462 2583
3759 4396 3987 4464 Efiss,

1258 4482 1316 4531 πθ
1348 4480 1473 4545 589,
1511 4480 1626 4548 Fs.
1661 4483 1775 4547 44·‚
1816 4483 1874 4532 πθ
1906 4481 2031 4546 7183
2070 4481 2309 4547 G—Hs.
2351 4481 2438 4546 46,
2475 4481 2535 4531 n·
2568 4481 2784 4533 ‘zo-27.

1059 4609 1116 4673 1)
1156 4608 1598 4673 Huis-Ter-Eem,
1635 4610 1912 4659 castellum
1947 4610 2074 4659 olim
2111 4609 2347 4658 existens
2383 4609 2439 4658 in
2478 4608 2749 4671 provincia
2784 4607 3106 4670 Trajectina.

2125 4821 2460 4828 ————
2469 4822 2707 4828 ,ι’-,4-

907 4978 1098 5046 1796.
1844 4982 2049 5062 1364,
2100 4979 2458 5044 Decembris
2505 4981 2624 5060 26,
2675 4981 3036 5043 Aveniom's.

1221 5129 1577 5216 (Johanni)
1622 5135 1906 5217 episcopo
1963 5130 2145 5214 Traj.
2197 5130 2568 5212 mandatur,
2617 5138 2690 5193 ut
2732 5134 3187 5196 revocationem
3228 5133 3690 5197 nonnullarum
3724 5132 3977 5217 dispen-

1132 5238 1487 5320 sationum,
1549 5258 1592 5301 a
1636 5235 2225 5322 praedecessoribus
2290 5234 2531 5298 domini
2594 5235 2822 5320 Papae
2882 5256 3076 5322 super
3137 5238 3596 5321 impedimentis
3651 5240 3977 5303 matrimo-

1132 5344 1413 5409 nialibus
1458 5365 1925 5428 concessarum,
1962 5364 2088 5428 per
2133 5363 2318 5407 suam
2363 5341 2654 5408 diocesim
2698 5342 3023 5426 publicari
3069 5343 3293 5425 faciat.
3327 5345 3376 5427 1)

1130 5525 1441 5592 Urbanus
1503 5528 1885 5613 episcopus,
1948 5546 2176 5591 servus
2238 5544 2573 5589 servorum
2638 5524 2801 5608 Dei,
2867 5525 3229 5591 venerabili
3291 5526 3476 5592 fratri
3536 5573 3550 5590 .
3579 5573 3597 5591 .
3662 5528 3969 5614 episcopo

914 5630 1327 5717 Trajectensi
1374 5633 1656 5697 salutem
1704 5639 1773 5698 et
1818 5631 2247 5720 apostolicam
2297 5627 2851 5697 benedictionem.
