<?xml version="1.0" encoding="UTF-8"?>
<!DOCTYPE html PUBLIC "-//W3C//DTD XHTML 1.0 Transitional//EN"
    "http://www.w3.org/TR/xhtml1/DTD/xhtml1-transitional.dtd">
<html xmlns="http://www.w3.org/1999/xhtml" xml:lang="en" lang="en">
 <head>
  <title>
</title>
<meta http-equiv="Content-Type" content="text/html;charset=utf-8" />
  <meta name='ocr-system' content='tesseract 3.04.00' />
  <meta name='ocr-capabilities' content='ocr_page ocr_carea ocr_par ocr_line ocrx_word'/>
</head>
<body>
  <div class='ocr_page' id='page_1' title='image "./bullariumtrajec00nethgoog_0032.png"; bbox 0 0 4450 6684; ppageno 0'>
   <div class='ocr_carea' id='block_1_1' title="bbox 380 2091 784 2210">
    <p class='ocr_par' dir='ltr' id='par_1_1' title="bbox 380 2091 784 2210">
     <span class='ocr_line' id='line_1_1' title="bbox 437 2091 721 2157; baseline 0 -16"><span class='ocrx_word' id='word_1_1' title='bbox 437 2091 721 2157; x_wconf 83' lang='lat' dir='ltr'>Principum</span> 
     </span>
     <span class='ocr_line' id='line_1_2' title="bbox 380 2166 784 2210; baseline 0 -2"><span class='ocrx_word' id='word_1_2' title='bbox 380 2166 653 2210; x_wconf 76' lang='lat' dir='ltr'><strong>nostrorum</strong></span> <span class='ocrx_word' id='word_1_3' title='bbox 672 2176 784 2208; x_wconf 87' lang='lat' dir='ltr'><strong>con-</strong></span> 
     </span>
    </p>
   </div>
   <div class='ocr_carea' id='block_1_2' title="bbox 810 522 2580 590">
    <p class='ocr_par' dir='ltr' id='par_1_2' title="bbox 810 522 2580 590">
     <span class='ocr_line' id='line_1_3' title="bbox 810 522 2580 590; baseline -0.003 0"><span class='ocrx_word' id='word_1_4' title='bbox 810 544 961 590; x_wconf 84' lang='lat' dir='ltr'>xx11</span> <span class='ocrx_word' id='word_1_5' title='bbox 2092 522 2580 587; x_wconf 71' lang='lat' dir='ltr'><strong>Inraonucno.</strong></span> 
     </span>
    </p>
   </div>
   <div class='ocr_carea' id='block_1_3' title="bbox 732 735 3888 2183">
    <p class='ocr_par' dir='ltr' id='par_1_3' title="bbox 732 735 3888 2076">
     <span class='ocr_line' id='line_1_4' title="bbox 805 735 3866 826; baseline -0.002 -16"><span class='ocrx_word' id='word_1_6' title='bbox 805 752 881 810; x_wconf 89' lang='lat' dir='ltr'><strong>ut</strong></span> <span class='ocrx_word' id='word_1_7' title='bbox 943 745 1012 811; x_wconf 93' lang='lat' dir='ltr'><strong>in</strong></span> <span class='ocrx_word' id='word_1_8' title='bbox 1074 744 1197 810; x_wconf 90' lang='lat' dir='ltr'><strong>hac</strong></span> <span class='ocrx_word' id='word_1_9' title='bbox 1254 742 1601 809; x_wconf 92' lang='lat' dir='ltr'><strong>concordia</strong></span> <span class='ocrx_word' id='word_1_10' title='bbox 1647 739 2041 811; x_wconf 86' lang='lat' dir='ltr'><strong>stabilienda</strong></span> <span class='ocrx_word' id='word_1_11' title='bbox 2085 739 2226 826; x_wconf 90' lang='lat' dir='ltr'><strong>ipse</strong></span> <span class='ocrx_word' id='word_1_12' title='bbox 2275 738 2734 825; x_wconf 79' lang='lat' dir='ltr'>obsequiosum</span> <span class='ocrx_word' id='word_1_13' title='bbox 2784 759 2855 803; x_wconf 93' lang='lat' dir='ltr'><strong>se</strong></span> <span class='ocrx_word' id='word_1_14' title='bbox 2903 737 3255 820; x_wconf 77' lang='lat' dir='ltr'>exhibeat,</span> <span class='ocrx_word' id='word_1_15' title='bbox 3303 735 3590 822; x_wconf 76' lang='lat' dir='ltr'><strong>graviter</strong></span> <span class='ocrx_word' id='word_1_16' title='bbox 3637 735 3866 803; x_wconf 81' lang='lat' dir='ltr'><strong>admo·</strong></span> 
     </span>
     <span class='ocr_line' id='line_1_5' title="bbox 805 843 3859 931; baseline -0.001 -17"><span class='ocrx_word' id='word_1_17' title='bbox 805 855 1000 915; x_wconf 88' lang='lat' dir='ltr'><strong>netur</strong></span> <span class='ocrx_word' id='word_1_18' title='bbox 1061 849 1333 931; x_wconf 90' lang='lat' dir='ltr'><strong>(numm.</strong></span> <span class='ocrx_word' id='word_1_19' title='bbox 1404 846 1806 928; x_wconf 86' lang='grc'>784-785).</span> <span class='ocrx_word' id='word_1_20' title='bbox 1899 844 2132 913; x_wconf 78' lang='lat' dir='ltr'><strong>Paullo</strong></span> <span class='ocrx_word' id='word_1_21' title='bbox 2195 848 2345 930; x_wconf 90' lang='lat' dir='ltr'><strong>post</strong></span> <span class='ocrx_word' id='word_1_22' title='bbox 2407 843 2791 929; x_wconf 83' lang='lat' dir='ltr'><strong>Reynaldus</strong></span> <span class='ocrx_word' id='word_1_23' title='bbox 2856 863 3073 908; x_wconf 90' lang='lat' dir='ltr'><strong>comes</strong></span> <span class='ocrx_word' id='word_1_24' title='bbox 3135 846 3403 929; x_wconf 87' lang='lat' dir='ltr'><strong>propter</strong></span> <span class='ocrx_word' id='word_1_25' title='bbox 3459 861 3643 905; x_wconf 88' lang='lat' dir='ltr'><strong>suam</strong></span> <span class='ocrx_word' id='word_1_26' title='bbox 3701 863 3859 929; x_wconf 81' lang='lat' dir='ltr'><strong>erga</strong></span> 
     </span>
     <span class='ocr_line' id='line_1_6' title="bbox 804 946 3854 1029; baseline -0.002 -11"><span class='ocrx_word' id='word_1_27' title='bbox 804 953 1171 1019; x_wconf 80' lang='lat' dir='ltr'><strong>Romanam</strong></span> <span class='ocrx_word' id='word_1_28' title='bbox 1242 951 1601 1018; x_wconf 79' lang='lat' dir='ltr'><strong>Ecclesiam</strong></span> <span class='ocrx_word' id='word_1_29' title='bbox 1680 949 1877 1015; x_wconf 88' lang='lat' dir='ltr'><strong>fidem</strong></span> <span class='ocrx_word' id='word_1_30' title='bbox 1953 969 2028 1014; x_wconf 93' lang='lat' dir='ltr'><strong>ac</strong></span> <span class='ocrx_word' id='word_1_31' title='bbox 2097 946 2519 1012; x_wconf 85' lang='lat' dir='ltr'><strong>devotionem</strong></span> <span class='ocrx_word' id='word_1_32' title='bbox 2587 946 2778 1013; x_wconf 82' lang='lat' dir='ltr'><strong>valde</strong></span> <span class='ocrx_word' id='word_1_33' title='bbox 2852 946 3346 1012; x_wconf 87' lang='lat' dir='ltr'><strong>commendatur</strong></span> <span class='ocrx_word' id='word_1_34' title='bbox 3417 948 3622 1029; x_wconf 90' lang='lat' dir='ltr'><strong>(num.</strong></span> <span class='ocrx_word' id='word_1_35' title='bbox 3698 948 3854 1029; x_wconf 89' lang='grc'><strong>786)</strong></span> 
     </span>
     <span class='ocr_line' id='line_1_7' title="bbox 804 1049 3860 1143; baseline -0.002 -21"><span class='ocrx_word' id='word_1_36' title='bbox 804 1077 1086 1143; x_wconf 90' lang='lat' dir='ltr'><strong>eumque</strong></span> <span class='ocrx_word' id='word_1_37' title='bbox 1157 1060 1536 1120; x_wconf 81' lang='lat' dir='ltr'><strong>constanter</strong></span> <span class='ocrx_word' id='word_1_38' title='bbox 1606 1075 1724 1141; x_wconf 91' lang='lat' dir='ltr'><strong>per</strong></span> <span class='ocrx_word' id='word_1_39' title='bbox 1792 1052 2045 1139; x_wconf 83' lang='lat' dir='ltr'><strong>aliquot</strong></span> <span class='ocrx_word' id='word_1_40' title='bbox 2106 1049 2345 1117; x_wconf 87' lang='lat' dir='ltr'><strong>abhinc</strong></span> <span class='ocrx_word' id='word_1_41' title='bbox 2407 1072 2615 1116; x_wconf 91' lang='lat' dir='ltr'><strong>annos</strong></span> <span class='ocrx_word' id='word_1_42' title='bbox 2671 1051 2765 1117; x_wconf 93' lang='lat' dir='ltr'><strong>ita</strong></span> <span class='ocrx_word' id='word_1_43' title='bbox 2823 1052 3104 1116; x_wconf 90' lang='lat' dir='ltr'><strong>sensisse</strong></span> <span class='ocrx_word' id='word_1_44' title='bbox 3152 1049 3548 1116; x_wconf 89' lang='lat' dir='ltr'><strong>documenta</strong></span> <span class='ocrx_word' id='word_1_45' title='bbox 3594 1057 3860 1132; x_wconf 82' lang='lat' dir='ltr'><strong>nostra,</strong></span> 
     </span>
     <span class='ocr_line' id='line_1_8' title="bbox 732 1152 3856 1247; baseline -0.001 -25"><span class='ocrx_word' id='word_1_46' title='bbox 732 1214 741 1222; x_wconf 94' lang='lat'><strong>.</strong></span> <span class='ocrx_word' id='word_1_47' title='bbox 805 1160 1040 1247; x_wconf 90' lang='lat' dir='ltr'><strong>quibus</strong></span> <span class='ocrx_word' id='word_1_48' title='bbox 1088 1159 1340 1247; x_wconf 91' lang='lat' dir='ltr'><strong>papalis</strong></span> <span class='ocrx_word' id='word_1_49' title='bbox 1388 1158 1749 1224; x_wconf 86' lang='lat' dir='ltr'><strong>affirmatur</strong></span> <span class='ocrx_word' id='word_1_50' title='bbox 1795 1156 2259 1223; x_wconf 80' lang='lat' dir='ltr'><strong>benevolentia</strong></span> <span class='ocrx_word' id='word_1_51' title='bbox 2307 1153 2597 1241; x_wconf 83' lang='lat' dir='ltr'><strong>variique</strong></span> <span class='ocrx_word' id='word_1_52' title='bbox 2645 1152 2901 1220; x_wconf 78' lang='lat' dir='ltr'><strong>favores</strong></span> <span class='ocrx_word' id='word_1_53' title='bbox 2948 1153 3430 1236; x_wconf 85' lang='lat' dir='ltr'><strong>conceduntur,</strong></span> <span class='ocrx_word' id='word_1_54' title='bbox 3487 1153 3856 1219; x_wconf 87' lang='lat' dir='ltr'><strong>luculenter</strong></span> 
     </span>
     <span class='ocr_line' id='line_1_9' title="bbox 801 1256 3852 1346; baseline -0.002 -17"><span class='ocrx_word' id='word_1_55' title='bbox 801 1264 959 1329; x_wconf 89' lang='lat' dir='ltr'><strong>satis</strong></span> <span class='ocrx_word' id='word_1_56' title='bbox 1023 1263 1381 1329; x_wconf 90' lang='lat' dir='ltr'><strong>ostendunt</strong></span> <span class='ocrx_word' id='word_1_57' title='bbox 1441 1263 1716 1346; x_wconf 88' lang='lat' dir='ltr'><strong>(numm.</strong></span> <span class='ocrx_word' id='word_1_58' title='bbox 1777 1262 1941 1344; x_wconf 88' lang='grc'><strong>791,</strong></span> <span class='ocrx_word' id='word_1_59' title='bbox 1993 1261 2160 1343; x_wconf 88' lang='grc'>800,</span> <span class='ocrx_word' id='word_1_60' title='bbox 2211 1260 2379 1342; x_wconf 89' lang='grc'>836,</span> <span class='ocrx_word' id='word_1_61' title='bbox 2430 1260 2598 1344; x_wconf 90' lang='grc'><strong>837,</strong></span> <span class='ocrx_word' id='word_1_62' title='bbox 2650 1261 2777 1324; x_wconf 87' lang='grc'><strong>846</strong></span> <span class='ocrx_word' id='word_1_63' title='bbox 2828 1259 3002 1342; x_wconf 89' lang='lat' dir='ltr'><strong>etc.).</strong></span> <span class='ocrx_word' id='word_1_64' title='bbox 3095 1256 3604 1323; x_wconf 90' lang='lat' dir='ltr'><strong>Immoderatam</strong></span> <span class='ocrx_word' id='word_1_65' title='bbox 3650 1259 3852 1324; x_wconf 83' lang='lat' dir='ltr'><strong>fuisse</strong></span> 
     </span>
     <span class='ocr_line' id='line_1_10' title="bbox 800 1363 3856 1452; baseline -0.002 -19"><span class='ocrx_word' id='word_1_66' title='bbox 800 1388 1070 1433; x_wconf 89' lang='lat' dir='ltr'><strong>necesse</strong></span> <span class='ocrx_word' id='word_1_67' title='bbox 1133 1372 1235 1432; x_wconf 87' lang='lat' dir='ltr'><strong>est</strong></span> <span class='ocrx_word' id='word_1_68' title='bbox 1297 1387 1455 1432; x_wconf 89' lang='lat' dir='ltr'><strong>sane</strong></span> <span class='ocrx_word' id='word_1_69' title='bbox 1517 1365 1849 1452; x_wconf 82' lang='lat' dir='ltr'><strong>Reynaldi</strong></span> <span class='ocrx_word' id='word_1_70' title='bbox 1910 1364 2167 1431; x_wconf 92' lang='lat' dir='ltr'><strong>comitis</strong></span> <span class='ocrx_word' id='word_1_71' title='bbox 2227 1365 2652 1451; x_wconf 89' lang='lat' dir='ltr'><strong>petitionem,</strong></span> <span class='ocrx_word' id='word_1_72' title='bbox 2716 1365 2820 1429; x_wconf 91' lang='lat' dir='ltr'><strong>cui</strong></span> <span class='ocrx_word' id='word_1_73' title='bbox 2883 1363 3223 1430; x_wconf 87' lang='lat' dir='ltr'><strong>Johannes</strong></span> <span class='ocrx_word' id='word_1_74' title='bbox 3288 1384 3460 1450; x_wconf 90' lang='lat' dir='ltr'><strong>papa</strong></span> <span class='ocrx_word' id='word_1_75' title='bbox 3519 1363 3727 1429; x_wconf 88' lang='lat' dir='ltr'>XXII</span> <span class='ocrx_word' id='word_1_76' title='bbox 3785 1384 3856 1429; x_wconf 91' lang='lat' dir='ltr'><strong>se</strong></span> 
     </span>
     <span class='ocr_line' id='line_1_11' title="bbox 799 1468 3854 1557; baseline -0 -23"><span class='ocrx_word' id='word_1_77' title='bbox 799 1469 1111 1536; x_wconf 88' lang='lat' dir='ltr'><strong>decenter</strong></span> <span class='ocrx_word' id='word_1_78' title='bbox 1171 1491 1461 1536; x_wconf 87' lang='lat' dir='ltr'><strong>annuere</strong></span> <span class='ocrx_word' id='word_1_79' title='bbox 1526 1491 1657 1535; x_wconf 92' lang='lat' dir='ltr'><strong>non</strong></span> <span class='ocrx_word' id='word_1_80' title='bbox 1720 1490 1911 1555; x_wconf 90' lang='lat' dir='ltr'><strong>posse</strong></span> <span class='ocrx_word' id='word_1_81' title='bbox 1973 1468 2312 1557; x_wconf 90' lang='lat' dir='ltr'><strong>respondit</strong></span> <span class='ocrx_word' id='word_1_82' title='bbox 2365 1471 2572 1552; x_wconf 89' lang='lat' dir='ltr'><strong>(num.</strong></span> <span class='ocrx_word' id='word_1_83' title='bbox 2640 1470 2818 1553; x_wconf 90' lang='lat'>801).</span> <span class='ocrx_word' id='word_1_84' title='bbox 2913 1468 3251 1544; x_wconf 84' lang='lat' dir='ltr'><strong>Quaenam</strong></span> <span class='ocrx_word' id='word_1_85' title='bbox 3311 1468 3556 1534; x_wconf 82' lang='lat' dir='ltr'><strong>fuerint</strong></span> <span class='ocrx_word' id='word_1_86' title='bbox 3599 1469 3762 1534; x_wconf 91' lang='lat' dir='ltr'><strong>haec</strong></span> <span class='ocrx_word' id='word_1_87' title='bbox 3813 1488 3854 1533; x_wconf 93' lang='lat' dir='ltr'><strong>a</strong></span> 
     </span>
     <span class='ocr_line' id='line_1_12' title="bbox 798 1573 3860 1661; baseline -0.001 -21"><span class='ocrx_word' id='word_1_88' title='bbox 798 1574 1145 1661; x_wconf 82' lang='lat' dir='ltr'><strong>Reynaldo</strong></span> <span class='ocrx_word' id='word_1_89' title='bbox 1209 1575 1542 1661; x_wconf 86' lang='lat' dir='ltr'><strong>postulata</strong></span> <span class='ocrx_word' id='word_1_90' title='bbox 1604 1574 1982 1660; x_wconf 85' lang='lat' dir='ltr'><strong>privilegia,</strong></span> <span class='ocrx_word' id='word_1_91' title='bbox 2045 1593 2214 1659; x_wconf 88' lang='lat' dir='ltr'><strong>quae</strong></span> <span class='ocrx_word' id='word_1_92' title='bbox 2281 1594 2654 1660; x_wconf 85' lang='lat' dir='ltr'><strong>„nunquam</strong></span> <span class='ocrx_word' id='word_1_93' title='bbox 2701 1573 2896 1639; x_wconf 90' lang='lat' dir='ltr'><strong>alicui</strong></span> <span class='ocrx_word' id='word_1_94' title='bbox 2945 1574 3070 1639; x_wconf 91' lang='lat' dir='ltr'><strong>nisi</strong></span> <span class='ocrx_word' id='word_1_95' title='bbox 3117 1574 3258 1660; x_wconf 82' lang='lat' dir='ltr'><strong>regi</strong></span> <span class='ocrx_word' id='word_1_96' title='bbox 3306 1573 3654 1639; x_wconf 83' lang='lat' dir='ltr'><strong>dumtaxat</strong></span> <span class='ocrx_word' id='word_1_97' title='bbox 3701 1593 3860 1639; x_wconf 87' lang='lat' dir='ltr'><strong>con-</strong></span> 
     </span>
     <span class='ocr_line' id='line_1_13' title="bbox 797 1675 3888 1767; baseline 0 -25"><span class='ocrx_word' id='word_1_98' title='bbox 797 1677 1075 1745; x_wconf 87' lang='lat' dir='ltr'><strong>cedere&#39;’</strong></span> <span class='ocrx_word' id='word_1_99' title='bbox 1146 1678 1431 1744; x_wconf 89' lang='lat' dir='ltr'><strong>Romani</strong></span> <span class='ocrx_word' id='word_1_100' title='bbox 1501 1677 1861 1744; x_wconf 87' lang='lat' dir='ltr'><strong>Pontifices</strong></span> <span class='ocrx_word' id='word_1_101' title='bbox 1930 1678 2431 1762; x_wconf 82' lang='lat' dir='ltr'><strong>consueverint,</strong></span> <span class='ocrx_word' id='word_1_102' title='bbox 2502 1698 2886 1767; x_wconf 88' lang='lat' dir='ltr'><strong>responsum</strong></span> <span class='ocrx_word' id='word_1_103' title='bbox 2960 1677 3194 1765; x_wconf 90' lang='lat' dir='ltr'><strong>papale</strong></span> <span class='ocrx_word' id='word_1_104' title='bbox 3258 1676 3525 1742; x_wconf 90' lang='lat' dir='ltr'><strong>minime</strong></span> <span class='ocrx_word' id='word_1_105' title='bbox 3586 1675 3888 1762; x_wconf 91' lang='lat' dir='ltr'><strong>quidem·</strong></span> 
     </span>
     <span class='ocr_line' id='line_1_14' title="bbox 796 1781 3848 1869; baseline -0 -21"><span class='ocrx_word' id='word_1_106' title='bbox 796 1782 1103 1869; x_wconf 86' lang='lat' dir='ltr'><strong>explicat.</strong></span> <span class='ocrx_word' id='word_1_107' title='bbox 1173 1783 1303 1849; x_wconf 85' lang='lat' dir='ltr'><strong>Sed</strong></span> <span class='ocrx_word' id='word_1_108' title='bbox 1352 1803 1438 1848; x_wconf 83' lang='lat' dir='ltr'><strong>ex</strong></span> <span class='ocrx_word' id='word_1_109' title='bbox 1485 1783 1609 1848; x_wconf 91' lang='lat' dir='ltr'><strong>hoc</strong></span> <span class='ocrx_word' id='word_1_110' title='bbox 1658 1781 2015 1869; x_wconf 88' lang='lat' dir='ltr'><strong>diplomate</strong></span> <span class='ocrx_word' id='word_1_111' title='bbox 2060 1789 2135 1848; x_wconf 91' lang='lat' dir='ltr'><strong>ut</strong></span> <span class='ocrx_word' id='word_1_112' title='bbox 2182 1782 2265 1849; x_wconf 89' lang='lat' dir='ltr'><strong>de</strong></span> <span class='ocrx_word' id='word_1_113' title='bbox 2315 1784 2507 1849; x_wconf 86' lang='lat' dir='ltr'><strong>avida</strong></span> <span class='ocrx_word' id='word_1_114' title='bbox 2552 1782 2880 1869; x_wconf 82' lang='lat' dir='ltr'><strong>Reynaldi</strong></span> <span class='ocrx_word' id='word_1_115' title='bbox 2930 1783 3223 1866; x_wconf 88' lang='lat' dir='ltr'><strong>comitis,</strong></span> <span class='ocrx_word' id='word_1_116' title='bbox 3271 1803 3467 1869; x_wconf 91' lang='lat' dir='ltr'><strong>quem</strong></span> <span class='ocrx_word' id='word_1_117' title='bbox 3516 1802 3621 1848; x_wconf 91' lang='lat' dir='ltr'><strong>an.</strong></span> <span class='ocrx_word' id='word_1_118' title='bbox 3677 1783 3848 1847; x_wconf 84' lang='lat'>1339</span> 
     </span>
     <span class='ocr_line' id='line_1_15' title="bbox 796 1886 3854 1974; baseline 0 -22"><span class='ocrx_word' id='word_1_119' title='bbox 796 1886 1172 1953; x_wconf 80' lang='lat' dir='ltr'><strong>Ludovicus</strong></span> <span class='ocrx_word' id='word_1_120' title='bbox 1220 1887 1303 1953; x_wconf 93' lang='lat' dir='ltr'><strong>de</strong></span> <span class='ocrx_word' id='word_1_121' title='bbox 1334 1888 1616 1954; x_wconf 80' lang='lat' dir='ltr'><strong>Bavaria</strong></span> <span class='ocrx_word' id='word_1_122' title='bbox 1657 1887 1889 1952; x_wconf 89' lang='lat' dir='ltr'><strong>ducem</strong></span> <span class='ocrx_word' id='word_1_123' title='bbox 1923 1888 2197 1971; x_wconf 83' lang='lat' dir='ltr'><strong>creavit,</strong></span> <span class='ocrx_word' id='word_1_124' title='bbox 2233 1889 2622 1970; x_wconf 88' lang='lat' dir='ltr'><strong>ambitione,</strong></span> <span class='ocrx_word' id='word_1_125' title='bbox 2657 1889 2751 1955; x_wconf 92' lang='lat' dir='ltr'><strong>ita</strong></span> <span class='ocrx_word' id='word_1_126' title='bbox 2783 1888 2864 1953; x_wconf 92' lang='lat' dir='ltr'><strong>de</strong></span> <span class='ocrx_word' id='word_1_127' title='bbox 2896 1889 3133 1954; x_wconf 87' lang='lat' dir='ltr'><strong>intima</strong></span> <span class='ocrx_word' id='word_1_128' title='bbox 3161 1888 3366 1974; x_wconf 89' lang='lat' dir='ltr'><strong>ipsius</strong></span> <span class='ocrx_word' id='word_1_129' title='bbox 3398 1908 3547 1952; x_wconf 92' lang='lat' dir='ltr'><strong>cum</strong></span> <span class='ocrx_word' id='word_1_130' title='bbox 3582 1888 3854 1953; x_wconf 84' lang='lat' dir='ltr'><strong>Summo</strong></span> 
     </span>
     <span class='ocr_line' id='line_1_16' title="bbox 793 1990 3037 2076; baseline 0 -20"><span class='ocrx_word' id='word_1_131' title='bbox 793 1990 1118 2056; x_wconf 90' lang='lat' dir='ltr'><strong>Pontifice</strong></span> <span class='ocrx_word' id='word_1_132' title='bbox 1165 1992 1519 2076; x_wconf 85' lang='lat' dir='ltr'><strong>relatione,</strong></span> <span class='ocrx_word' id='word_1_133' title='bbox 1573 1997 1728 2057; x_wconf 90' lang='lat' dir='ltr'><strong>tunc</strong></span> <span class='ocrx_word' id='word_1_134' title='bbox 1777 1992 2008 2057; x_wconf 87' lang='lat' dir='ltr'><strong>saltem</strong></span> <span class='ocrx_word' id='word_1_135' title='bbox 2057 1992 2263 2074; x_wconf 85' lang='lat' dir='ltr'><strong>culta,</strong></span> <span class='ocrx_word' id='word_1_136' title='bbox 2312 1991 2657 2058; x_wconf 89' lang='lat' dir='ltr'><strong>manifeste</strong></span> <span class='ocrx_word' id='word_1_137' title='bbox 2705 1991 3037 2058; x_wconf 87' lang='lat' dir='ltr'><strong>docemur.</strong></span> 
     </span>
    </p>

    <p class='ocr_par' dir='ltr' id='par_1_4' title="bbox 1025 2095 3851 2183">
     <span class='ocr_line' id='line_1_17' title="bbox 1025 2095 3851 2183; baseline 0 -23"><span class='ocrx_word' id='word_1_138' title='bbox 1025 2095 1571 2183; x_wconf 82' lang='lat' dir='ltr'><strong>Quandoquidem</strong></span> <span class='ocrx_word' id='word_1_139' title='bbox 1620 2097 1791 2161; x_wconf 91' lang='lat' dir='ltr'><strong>inter</strong></span> <span class='ocrx_word' id='word_1_140' title='bbox 1838 2096 2203 2183; x_wconf 89' lang='lat' dir='ltr'><strong>principum</strong></span> <span class='ocrx_word' id='word_1_141' title='bbox 2255 2096 2585 2162; x_wconf 89' lang='lat' dir='ltr'><strong>connubia</strong></span> <span class='ocrx_word' id='word_1_142' title='bbox 2630 2102 2698 2162; x_wconf 87' lang='lat' dir='ltr'><strong>et</strong></span> <span class='ocrx_word' id='word_1_143' title='bbox 2744 2096 2901 2162; x_wconf 92' lang='lat' dir='ltr'><strong>belli</strong></span> <span class='ocrx_word' id='word_1_144' title='bbox 2950 2097 3260 2183; x_wconf 90' lang='lat' dir='ltr'><strong>pacisque</strong></span> <span class='ocrx_word' id='word_1_145' title='bbox 3308 2096 3581 2161; x_wconf 90' lang='lat' dir='ltr'><strong>consilia</strong></span> <span class='ocrx_word' id='word_1_146' title='bbox 3625 2096 3851 2160; x_wconf 91' lang='lat' dir='ltr'><strong>arctis-</strong></span> 
     </span>
    </p>
   </div>
   <div class='ocr_carea' id='block_1_4' title="bbox 397 2199 3852 2290">
    <p class='ocr_par' dir='ltr' id='par_1_5' title="bbox 397 2199 3852 2290">
     <span class='ocr_line' id='line_1_18' title="bbox 397 2199 3852 2290; baseline 0.001 -27"><span class='ocrx_word' id='word_1_147' title='bbox 397 2228 549 2276; x_wconf 77' lang='lat' dir='ltr'><strong>nubia</strong></span> <span class='ocrx_word' id='word_1_148' title='bbox 582 2234 630 2276; x_wconf 77' lang='lat' dir='ltr'><strong>et</strong></span> <span class='ocrx_word' id='word_1_149' title='bbox 666 2228 760 2277; x_wconf 73' lang='lat' dir='ltr'><strong>‹lis-</strong></span> <span class='ocrx_word' id='word_1_150' title='bbox 797 2199 959 2264; x_wconf 91' lang='lat' dir='ltr'><strong>sima</strong></span> <span class='ocrx_word' id='word_1_151' title='bbox 1009 2206 1164 2265; x_wconf 91' lang='lat' dir='ltr'><strong>tunc</strong></span> <span class='ocrx_word' id='word_1_152' title='bbox 1213 2201 1337 2265; x_wconf 81' lang='lat' dir='ltr'><strong>fuit</strong></span> <span class='ocrx_word' id='word_1_153' title='bbox 1385 2201 1794 2285; x_wconf 87' lang='lat' dir='ltr'><strong>conjuncti0,</strong></span> <span class='ocrx_word' id='word_1_154' title='bbox 1845 2200 1926 2266; x_wconf 89' lang='lat' dir='ltr'><strong>de</strong></span> <span class='ocrx_word' id='word_1_155' title='bbox 1975 2199 2575 2290; x_wconf 88' lang='lat' dir='ltr'><strong>dispensationibus</strong></span> <span class='ocrx_word' id='word_1_156' title='bbox 2623 2200 3243 2284; x_wconf 89' lang='lat' dir='ltr'><strong>matrimonialibus,</strong></span> <span class='ocrx_word' id='word_1_157' title='bbox 3291 2221 3451 2286; x_wconf 87' lang='lat' dir='ltr'><strong>quas</strong></span> <span class='ocrx_word' id='word_1_158' title='bbox 3499 2200 3852 2265; x_wconf 85' lang='lat' dir='ltr'><strong>comitibus</strong></span> 
     </span>
    </p>
   </div>
   <div class='ocr_carea' id='block_1_5' title="bbox 436 2297 739 2428">
    <p class='ocr_par' dir='ltr' id='par_1_6' title="bbox 436 2297 739 2428">
     <span class='ocr_line' id='line_1_19' title="bbox 436 2297 739 2360; baseline -0.007 -15"><span class='ocrx_word' id='word_1_159' title='bbox 436 2297 739 2360; x_wconf 73' lang='lat' dir='ltr'><strong>pausationes</strong></span> 
     </span>
     <span class='ocr_line' id='line_1_20' title="bbox 482 2363 684 2428; baseline 0.005 -17"><span class='ocrx_word' id='word_1_160' title='bbox 482 2363 684 2428; x_wconf 84' lang='lat' dir='ltr'><strong>desuper</strong></span> 
     </span>
    </p>
   </div>
   <div class='ocr_carea' id='block_1_6' title="bbox 796 2304 3850 2393">
    <p class='ocr_par' dir='ltr' id='par_1_7' title="bbox 796 2304 3850 2393">
     <span class='ocr_line' id='line_1_21' title="bbox 796 2304 3850 2393; baseline 0.001 -26"><span class='ocrx_word' id='word_1_161' title='bbox 796 2311 936 2368; x_wconf 89' lang='lat' dir='ltr'><strong>tum</strong></span> <span class='ocrx_word' id='word_1_162' title='bbox 1002 2304 1399 2370; x_wconf 88' lang='lat' dir='ltr'><strong>Hollandiae</strong></span> <span class='ocrx_word' id='word_1_163' title='bbox 1457 2326 1603 2370; x_wconf 91' lang='lat' dir='ltr'><strong>cum</strong></span> <span class='ocrx_word' id='word_1_164' title='bbox 1662 2306 1922 2371; x_wconf 87' lang='lat' dir='ltr'><strong>Gelriae</strong></span> <span class='ocrx_word' id='word_1_165' title='bbox 1972 2326 2330 2392; x_wconf 90' lang='lat' dir='ltr'><strong>eorumque</strong></span> <span class='ocrx_word' id='word_1_166' title='bbox 2378 2306 2881 2393; x_wconf 80' lang='lat' dir='ltr'><strong>consanguineis</strong></span> <span class='ocrx_word' id='word_1_167' title='bbox 2930 2304 3183 2371; x_wconf 86' lang='lat' dir='ltr'><strong>Summi</strong></span> <span class='ocrx_word' id='word_1_168' title='bbox 3228 2305 3587 2371; x_wconf 87' lang='lat' dir='ltr'><strong>Pontifices</strong></span> <span class='ocrx_word' id='word_1_169' title='bbox 3636 2304 3850 2370; x_wconf 88' lang='lat' dir='ltr'><strong>indul·</strong></span> 
     </span>
    </p>
   </div>
   <div class='ocr_carea' id='block_1_7' title="bbox 458 2409 3051 2498">
    <p class='ocr_par' dir='ltr' id='par_1_8' title="bbox 458 2409 3051 2498">
     <span class='ocr_line' id='line_1_22' title="bbox 458 2409 3051 2498; baseline 0.001 -26"><span class='ocrx_word' id='word_1_170' title='bbox 458 2438 693 2495; x_wconf 68' lang='lat' dir='ltr'><strong>erogatae.</strong></span> <span class='ocrx_word' id='word_1_171' title='bbox 798 2414 1060 2492; x_wconf 87' lang='lat' dir='ltr'><strong>serunt,</strong></span> <span class='ocrx_word' id='word_1_172' title='bbox 1110 2409 1427 2474; x_wconf 90' lang='lat' dir='ltr'><strong>nonnulla</strong></span> <span class='ocrx_word' id='word_1_173' title='bbox 1471 2410 1578 2474; x_wconf 91' lang='lat' dir='ltr'><strong>hic</strong></span> <span class='ocrx_word' id='word_1_174' title='bbox 1626 2409 1868 2476; x_wconf 89' lang='lat' dir='ltr'><strong>addere</strong></span> <span class='ocrx_word' id='word_1_175' title='bbox 1916 2430 2050 2476; x_wconf 91' lang='lat' dir='ltr'><strong>non</strong></span> <span class='ocrx_word' id='word_1_176' title='bbox 2098 2411 2273 2481; x_wconf 86' lang='lat' dir='ltr'><strong>ultra</strong></span> <span class='ocrx_word' id='word_1_177' title='bbox 2318 2412 2725 2498; x_wconf 88' lang='lat' dir='ltr'><strong>propositum</strong></span> <span class='ocrx_word' id='word_1_178' title='bbox 2773 2411 3051 2475; x_wconf 83' lang='lat' dir='ltr'><strong>videtur.</strong></span> 
     </span>
    </p>
   </div>
   <div class='ocr_carea' id='block_1_8' title="bbox 786 2513 3852 5212">
    <p class='ocr_par' dir='ltr' id='par_1_9' title="bbox 786 2513 3845 3123">
     <span class='ocr_line' id='line_1_23' title="bbox 1018 2513 3845 2602; baseline -0 -23"><span class='ocrx_word' id='word_1_179' title='bbox 1018 2513 1201 2579; x_wconf 85' lang='lat' dir='ltr'><strong>Sacc.</strong></span> <span class='ocrx_word' id='word_1_180' title='bbox 1250 2513 1426 2578; x_wconf 90' lang='lat' dir='ltr'>XIII</span> <span class='ocrx_word' id='word_1_181' title='bbox 1473 2513 1603 2579; x_wconf 90' lang='lat' dir='ltr'><strong>duo</strong></span> <span class='ocrx_word' id='word_1_182' title='bbox 1651 2515 1861 2579; x_wconf 90' lang='lat' dir='ltr'><strong>solum</strong></span> <span class='ocrx_word' id='word_1_183' title='bbox 1911 2521 2065 2580; x_wconf 89' lang='lat' dir='ltr'><strong>sunt</strong></span> <span class='ocrx_word' id='word_1_184' title='bbox 2116 2516 2294 2583; x_wconf 85' lang='lat' dir='ltr'><strong>obvii</strong></span> <span class='ocrx_word' id='word_1_185' title='bbox 2342 2536 2564 2599; x_wconf 88' lang='lat' dir='ltr'><strong>casus,</strong></span> <span class='ocrx_word' id='word_1_186' title='bbox 2611 2515 2679 2579; x_wconf 91' lang='lat' dir='ltr'><strong>in</strong></span> <span class='ocrx_word' id='word_1_187' title='bbox 2730 2514 2965 2602; x_wconf 88' lang='lat' dir='ltr'><strong>quibus</strong></span> <span class='ocrx_word' id='word_1_188' title='bbox 3014 2513 3419 2601; x_wconf 91' lang='lat' dir='ltr'><strong>dispensatio</strong></span> <span class='ocrx_word' id='word_1_189' title='bbox 3466 2513 3845 2599; x_wconf 88' lang='lat' dir='ltr'><strong>hujusmodi</strong></span> 
     </span>
     <span class='ocr_line' id='line_1_24' title="bbox 788 2617 3845 2707; baseline -0 -25"><span class='ocrx_word' id='word_1_190' title='bbox 788 2622 855 2682; x_wconf 91' lang='lat' dir='ltr'><strong>et</strong></span> <span class='ocrx_word' id='word_1_191' title='bbox 918 2617 1130 2704; x_wconf 89' lang='lat' dir='ltr'><strong>petita</strong></span> <span class='ocrx_word' id='word_1_192' title='bbox 1197 2624 1265 2683; x_wconf 88' lang='lat' dir='ltr'><strong>et</strong></span> <span class='ocrx_word' id='word_1_193' title='bbox 1332 2623 1602 2704; x_wconf 86' lang='lat' dir='ltr'><strong>erogata</strong></span> <span class='ocrx_word' id='word_1_194' title='bbox 1647 2620 2002 2705; x_wconf 85' lang='lat' dir='ltr'><strong>reperitur:</strong></span> <span class='ocrx_word' id='word_1_195' title='bbox 2066 2640 2196 2685; x_wconf 89' lang='lat' dir='ltr'><strong>una</strong></span> <span class='ocrx_word' id='word_1_196' title='bbox 2245 2620 2494 2687; x_wconf 89' lang='lat' dir='ltr'><strong>scilicet</strong></span> <span class='ocrx_word' id='word_1_197' title='bbox 2540 2641 2656 2707; x_wconf 89' lang='lat' dir='ltr'><strong>pro</strong></span> <span class='ocrx_word' id='word_1_198' title='bbox 2705 2619 3052 2704; x_wconf 83' lang='lat' dir='ltr'><strong>Reynaldo</strong></span> <span class='ocrx_word' id='word_1_199' title='bbox 3100 2619 3338 2684; x_wconf 87' lang='lat' dir='ltr'><strong>comite</strong></span> <span class='ocrx_word' id='word_1_200' title='bbox 3385 2617 3419 2682; x_wconf 98' lang='lat' dir='ltr'>I</span> <span class='ocrx_word' id='word_1_201' title='bbox 3466 2618 3728 2683; x_wconf 83' lang='lat' dir='ltr'><strong>Gelriae</strong></span> <span class='ocrx_word' id='word_1_202' title='bbox 3777 2623 3845 2682; x_wconf 88' lang='lat' dir='ltr'><strong>et</strong></span> 
     </span>
     <span class='ocr_line' id='line_1_25' title="bbox 786 2720 3842 2811; baseline 0 -25"><span class='ocrx_word' id='word_1_203' title='bbox 786 2720 1158 2807; x_wconf 81' lang='lat' dir='ltr'><strong>Margareta</strong></span> <span class='ocrx_word' id='word_1_204' title='bbox 1206 2728 1365 2787; x_wconf 89' lang='lat' dir='ltr'><strong>nata</strong></span> <span class='ocrx_word' id='word_1_205' title='bbox 1411 2721 1732 2787; x_wconf 89' lang='lat' dir='ltr'><strong>Gnidonis</strong></span> <span class='ocrx_word' id='word_1_206' title='bbox 1779 2722 2128 2789; x_wconf 86' lang='lat' dir='ltr'><strong>Flandriae</strong></span> <span class='ocrx_word' id='word_1_207' title='bbox 2169 2726 2442 2807; x_wconf 89' lang='lat' dir='ltr'><strong>(numm.</strong></span> <span class='ocrx_word' id='word_1_208' title='bbox 2477 2727 2600 2790; x_wconf 84' lang='lat'><strong>361</strong></span> <span class='ocrx_word' id='word_1_209' title='bbox 2644 2731 2712 2790; x_wconf 91' lang='lat' dir='ltr'><strong>et</strong></span> <span class='ocrx_word' id='word_1_210' title='bbox 2745 2725 2932 2808; x_wconf 89' lang='grc'>409),</span> <span class='ocrx_word' id='word_1_211' title='bbox 2982 2725 3191 2789; x_wconf 86' lang='lat' dir='ltr'><strong>altera</strong></span> <span class='ocrx_word' id='word_1_212' title='bbox 3221 2744 3338 2811; x_wconf 90' lang='lat' dir='ltr'><strong>pro</strong></span> <span class='ocrx_word' id='word_1_213' title='bbox 3373 2722 3655 2789; x_wconf 91' lang='lat' dir='ltr'><strong>Isabella</strong></span> <span class='ocrx_word' id='word_1_214' title='bbox 3686 2728 3842 2787; x_wconf 91' lang='lat' dir='ltr'><strong>nata</strong></span> 
     </span>
     <span class='ocr_line' id='line_1_26' title="bbox 790 2824 3844 2912; baseline -0 -21"><span class='ocrx_word' id='word_1_215' title='bbox 790 2824 1121 2912; x_wconf 82' lang='lat' dir='ltr'><strong>Reynaldi</strong></span> <span class='ocrx_word' id='word_1_216' title='bbox 1184 2826 1439 2891; x_wconf 91' lang='lat' dir='ltr'><strong>comitis</strong></span> <span class='ocrx_word' id='word_1_217' title='bbox 1504 2825 1859 2912; x_wconf 88' lang='lat' dir='ltr'><strong>supradicti</strong></span> <span class='ocrx_word' id='word_1_218' title='bbox 1923 2833 1990 2893; x_wconf 91' lang='lat' dir='ltr'><strong>et</strong></span> <span class='ocrx_word' id='word_1_219' title='bbox 2052 2827 2410 2895; x_wconf 87' lang='lat' dir='ltr'><strong>Godefrido</strong></span> <span class='ocrx_word' id='word_1_220' title='bbox 2473 2829 2555 2894; x_wconf 93' lang='lat' dir='ltr'><strong>de</strong></span> <span class='ocrx_word' id='word_1_221' title='bbox 2616 2828 3011 2912; x_wconf 83' lang='lat' dir='ltr'><strong>Brabantia,</strong></span> <span class='ocrx_word' id='word_1_222' title='bbox 3073 2828 3336 2893; x_wconf 87' lang='lat' dir='ltr'><strong>domino</strong></span> <span class='ocrx_word' id='word_1_223' title='bbox 3385 2827 3467 2893; x_wconf 93' lang='lat' dir='ltr'><strong>de</strong></span> <span class='ocrx_word' id='word_1_224' title='bbox 3514 2826 3844 2892; x_wconf 83' lang='lat' dir='ltr'><strong>Aarschot</strong></span> 
     </span>
     <span class='ocr_line' id='line_1_27' title="bbox 789 2931 3844 3022; baseline -0 -26"><span class='ocrx_word' id='word_1_225' title='bbox 789 2938 912 2996; x_wconf 89' lang='lat' dir='ltr'><strong>etc.</strong></span> <span class='ocrx_word' id='word_1_226' title='bbox 985 2933 1188 3014; x_wconf 91' lang='lat' dir='ltr'><strong>(num.</strong></span> <span class='ocrx_word' id='word_1_227' title='bbox 1256 2931 1436 3014; x_wconf 86' lang='lat'>436).</span> <span class='ocrx_word' id='word_1_228' title='bbox 1530 2932 1742 2997; x_wconf 86' lang='lat' dir='ltr'><strong>Multo</strong></span> <span class='ocrx_word' id='word_1_229' title='bbox 1815 2939 2036 2999; x_wconf 89' lang='lat' dir='ltr'><strong>tamen</strong></span> <span class='ocrx_word' id='word_1_230' title='bbox 2107 2934 2330 3022; x_wconf 91' lang='lat' dir='ltr'><strong>plures</strong></span> <span class='ocrx_word' id='word_1_231' title='bbox 2398 2934 2482 2999; x_wconf 91' lang='lat' dir='ltr'><strong>ab</strong></span> <span class='ocrx_word' id='word_1_232' title='bbox 2544 2956 2649 2999; x_wconf 90' lang='lat' dir='ltr'><strong>an.</strong></span> <span class='ocrx_word' id='word_1_233' title='bbox 2722 2935 3162 2999; x_wconf 91' lang='grc'><strong>1300-1378</strong></span> <span class='ocrx_word' id='word_1_234' title='bbox 3226 2939 3609 3014; x_wconf 89' lang='lat' dir='ltr'><strong>occurrunt;</strong></span> <span class='ocrx_word' id='word_1_235' title='bbox 3677 2951 3844 3018; x_wconf 90' lang='lat' dir='ltr'><strong>quos</strong></span> 
     </span>
     <span class='ocr_line' id='line_1_28' title="bbox 793 3035 2392 3123; baseline 0.003 -24"><span class='ocrx_word' id='word_1_236' title='bbox 793 3035 1018 3101; x_wconf 87' lang='lat' dir='ltr'><strong>ordine</strong></span> <span class='ocrx_word' id='word_1_237' title='bbox 1067 3035 1524 3123; x_wconf 81' lang='lat' dir='ltr'><strong>chronologico</strong></span> <span class='ocrx_word' id='word_1_238' title='bbox 1563 3038 1705 3122; x_wconf 87' lang='lat' dir='ltr'><strong>jam</strong></span> <span class='ocrx_word' id='word_1_239' title='bbox 1755 3059 2138 3104; x_wconf 87' lang='lat' dir='ltr'><strong>enumerare</strong></span> <span class='ocrx_word' id='word_1_240' title='bbox 2186 3040 2392 3105; x_wconf 89' lang='lat' dir='ltr'><strong>lubet.</strong></span> 
     </span>
    </p>

    <p class='ocr_par' dir='ltr' id='par_1_10' title="bbox 791 3137 3845 3330">
     <span class='ocr_line' id='line_1_29' title="bbox 1010 3137 3845 3227; baseline -0.001 -22"><span class='ocrx_word' id='word_1_241' title='bbox 1010 3139 1140 3205; x_wconf 83' lang='lat' dir='ltr'><strong>An.</strong></span> <span class='ocrx_word' id='word_1_242' title='bbox 1214 3141 1384 3205; x_wconf 85' lang='lat'>1302</span> <span class='ocrx_word' id='word_1_243' title='bbox 1448 3161 1564 3227; x_wconf 87' lang='lat' dir='ltr'><strong>pro</strong></span> <span class='ocrx_word' id='word_1_244' title='bbox 1622 3141 1971 3207; x_wconf 80' lang='lat' dir='ltr'><strong>Humfrido</strong></span> <span class='ocrx_word' id='word_1_245' title='bbox 2021 3144 2260 3209; x_wconf 89' lang='lat' dir='ltr'><strong>comite</strong></span> <span class='ocrx_word' id='word_1_246' title='bbox 2305 3141 2738 3209; x_wconf 89' lang='lat' dir='ltr'><strong>Herfordensi</strong></span> <span class='ocrx_word' id='word_1_247' title='bbox 2785 3149 2854 3209; x_wconf 90' lang='lat' dir='ltr'><strong>et</strong></span> <span class='ocrx_word' id='word_1_248' title='bbox 2901 3140 3242 3208; x_wconf 88' lang='lat' dir='ltr'><strong>Elisabeth</strong></span> <span class='ocrx_word' id='word_1_249' title='bbox 3293 3141 3428 3206; x_wconf 89' lang='lat' dir='ltr'><strong>filia</strong></span> <span class='ocrx_word' id='word_1_250' title='bbox 3473 3137 3763 3205; x_wconf 87' lang='lat' dir='ltr'><strong>Eduardi</strong></span> <span class='ocrx_word' id='word_1_251' title='bbox 3809 3140 3845 3204; x_wconf 97' lang='lat' dir='ltr'>I</span> 
     </span>
     <span class='ocr_line' id='line_1_30' title="bbox 791 3242 3305 3330; baseline 0.001 -24"><span class='ocrx_word' id='word_1_252' title='bbox 791 3242 962 3328; x_wconf 85' lang='lat' dir='ltr'><strong>regis</strong></span> <span class='ocrx_word' id='word_1_253' title='bbox 1010 3243 1330 3329; x_wconf 86' lang='lat' dir='ltr'><strong>Angliae,</strong></span> <span class='ocrx_word' id='word_1_254' title='bbox 1380 3245 1611 3310; x_wconf 88' lang='lat' dir='ltr'><strong>relicta</strong></span> <span class='ocrx_word' id='word_1_255' title='bbox 1668 3245 1993 3311; x_wconf 86' lang='lat' dir='ltr'><strong>Johannis</strong></span> <span class='ocrx_word' id='word_1_256' title='bbox 2040 3246 2073 3310; x_wconf 93' lang='grc' dir='ltr'>Ι</span> <span class='ocrx_word' id='word_1_257' title='bbox 2121 3249 2376 3313; x_wconf 86' lang='lat' dir='ltr'><strong>comitis</strong></span> <span class='ocrx_word' id='word_1_258' title='bbox 2421 3247 2818 3313; x_wconf 89' lang='lat' dir='ltr'><strong>Hollandiae</strong></span> <span class='ocrx_word' id='word_1_259' title='bbox 2865 3249 3074 3330; x_wconf 87' lang='lat' dir='ltr'><strong>(num.</strong></span> <span class='ocrx_word' id='word_1_260' title='bbox 3124 3247 3305 3329; x_wconf 87' lang='grc'>456).</span> 
     </span>
    </p>

    <p class='ocr_par' dir='ltr' id='par_1_11' title="bbox 790 3349 3844 3641">
     <span class='ocr_line' id='line_1_31' title="bbox 1012 3349 3844 3438; baseline -0.001 -23"><span class='ocrx_word' id='word_1_261' title='bbox 1012 3349 1142 3415; x_wconf 83' lang='lat' dir='ltr'><strong>An.</strong></span> <span class='ocrx_word' id='word_1_262' title='bbox 1214 3351 1375 3414; x_wconf 89' lang='lat'>1311</span> <span class='ocrx_word' id='word_1_263' title='bbox 1445 3371 1562 3438; x_wconf 91' lang='lat' dir='ltr'><strong>pro</strong></span> <span class='ocrx_word' id='word_1_264' title='bbox 1624 3351 1973 3437; x_wconf 84' lang='lat' dir='ltr'><strong>Reynaldo</strong></span> <span class='ocrx_word' id='word_1_265' title='bbox 2035 3359 2267 3438; x_wconf 85' lang='lat' dir='ltr'><strong>postea</strong></span> <span class='ocrx_word' id='word_1_266' title='bbox 2327 3354 2565 3419; x_wconf 89' lang='lat' dir='ltr'><strong>comite</strong></span> <span class='ocrx_word' id='word_1_267' title='bbox 2630 3353 2696 3416; x_wconf 94' lang='lat' dir='ltr'><strong>II</strong></span> <span class='ocrx_word' id='word_1_268' title='bbox 2761 3352 3022 3417; x_wconf 89' lang='lat' dir='ltr'><strong>Gelriae</strong></span> <span class='ocrx_word' id='word_1_269' title='bbox 3083 3357 3150 3416; x_wconf 87' lang='lat' dir='ltr'><strong>et</strong></span> <span class='ocrx_word' id='word_1_270' title='bbox 3200 3351 3446 3437; x_wconf 83' lang='lat' dir='ltr'><strong>Sophia</strong></span> <span class='ocrx_word' id='word_1_271' title='bbox 3492 3356 3648 3415; x_wconf 87' lang='lat' dir='ltr'><strong>nata</strong></span> <span class='ocrx_word' id='word_1_272' title='bbox 3694 3349 3844 3414; x_wconf 85' lang='lat' dir='ltr'><strong>Flo·</strong></span> 
     </span>
     <span class='ocr_line' id='line_1_32' title="bbox 790 3453 3842 3544; baseline 0.001 -28"><span class='ocrx_word' id='word_1_273' title='bbox 790 3453 985 3517; x_wconf 86' lang='lat' dir='ltr'><strong>rentii</strong></span> <span class='ocrx_word' id='word_1_274' title='bbox 1034 3453 1362 3518; x_wconf 90' lang='lat' dir='ltr'><strong>Berthout</strong></span> <span class='ocrx_word' id='word_1_275' title='bbox 1409 3453 1491 3518; x_wconf 87' lang='lat' dir='ltr'><strong>de</strong></span> <span class='ocrx_word' id='word_1_276' title='bbox 1538 3454 1896 3521; x_wconf 87' lang='lat' dir='ltr'><strong>Machlinia</strong></span> <span class='ocrx_word' id='word_1_277' title='bbox 1942 3458 2146 3539; x_wconf 88' lang='lat' dir='ltr'><strong>(num.</strong></span> <span class='ocrx_word' id='word_1_278' title='bbox 2196 3459 2386 3542; x_wconf 83' lang='lat'>514),</span> <span class='ocrx_word' id='word_1_279' title='bbox 2437 3458 2548 3544; x_wconf 90' lang='lat' dir='ltr'><strong>qui</strong></span> <span class='ocrx_word' id='word_1_280' title='bbox 2597 3479 2770 3522; x_wconf 88' lang='lat' dir='ltr'><strong>anno</strong></span> <span class='ocrx_word' id='word_1_281' title='bbox 2827 3459 2994 3522; x_wconf 84' lang='lat'>1319</span> <span class='ocrx_word' id='word_1_282' title='bbox 3045 3457 3460 3521; x_wconf 88' lang='lat' dir='ltr'><strong>matrimonio</strong></span> <span class='ocrx_word' id='word_1_283' title='bbox 3510 3455 3842 3540; x_wconf 87' lang='lat' dir='ltr'><strong>conjuncti</strong></span> 
     </span>
     <span class='ocr_line' id='line_1_33' title="bbox 792 3557 1277 3641; baseline -0.002 -19"><span class='ocrx_word' id='word_1_284' title='bbox 792 3563 1141 3622; x_wconf 89' lang='lat' dir='ltr'><strong>occurrunt</strong></span> <span class='ocrx_word' id='word_1_285' title='bbox 1166 3557 1238 3641; x_wconf 88' lang='lat' dir='ltr'><strong>l).</strong></span> <span class='ocrx_word' id='word_1_286' title='bbox 1274 3634 1277 3637; x_wconf 10' lang='grc' dir='ltr'><strong>Α</strong></span> 
     </span>
    </p>

    <p class='ocr_par' dir='ltr' id='par_1_12' title="bbox 794 3661 3845 3852">
     <span class='ocr_line' id='line_1_34' title="bbox 1013 3661 3845 3752; baseline 0 -26"><span class='ocrx_word' id='word_1_287' title='bbox 1013 3662 1143 3726; x_wconf 86' lang='lat' dir='ltr'><strong>An.</strong></span> <span class='ocrx_word' id='word_1_288' title='bbox 1200 3663 1370 3726; x_wconf 84' lang='lat'>1312</span> <span class='ocrx_word' id='word_1_289' title='bbox 1419 3683 1535 3749; x_wconf 91' lang='lat' dir='ltr'><strong>pro</strong></span> <span class='ocrx_word' id='word_1_290' title='bbox 1585 3663 1928 3729; x_wconf 90' lang='lat' dir='ltr'><strong>Wolfardo</strong></span> <span class='ocrx_word' id='word_1_291' title='bbox 1979 3664 2403 3733; x_wconf 84' lang='lat' dir='ltr'><strong>Vandervere</strong></span> <span class='ocrx_word' id='word_1_292' title='bbox 2450 3666 2657 3730; x_wconf 86' lang='lat' dir='ltr'><strong>milite</strong></span> <span class='ocrx_word' id='word_1_293' title='bbox 2706 3671 2774 3730; x_wconf 91' lang='lat' dir='ltr'><strong>et</strong></span> <span class='ocrx_word' id='word_1_294' title='bbox 2822 3664 3063 3752; x_wconf 86' lang='lat' dir='ltr'><strong>Aleydi</strong></span> <span class='ocrx_word' id='word_1_295' title='bbox 3113 3684 3331 3730; x_wconf 89' lang='lat' dir='ltr'><strong>sorore</strong></span> <span class='ocrx_word' id='word_1_296' title='bbox 3367 3662 3707 3728; x_wconf 86' lang='lat' dir='ltr'><strong>Wilhelmi</strong></span> <span class='ocrx_word' id='word_1_297' title='bbox 3739 3661 3845 3727; x_wconf 89' lang='lat' dir='ltr'><strong>III</strong></span> 
     </span>
     <span class='ocr_line' id='line_1_35' title="bbox 794 3765 1976 3852; baseline 0.003 -23"><span class='ocrx_word' id='word_1_298' title='bbox 794 3766 1049 3831; x_wconf 89' lang='lat' dir='ltr'><strong>comitis</strong></span> <span class='ocrx_word' id='word_1_299' title='bbox 1098 3765 1493 3831; x_wconf 86' lang='lat' dir='ltr'><strong>Hollandiae</strong></span> <span class='ocrx_word' id='word_1_300' title='bbox 1540 3770 1745 3851; x_wconf 89' lang='lat' dir='ltr'><strong>(num.</strong></span> <span class='ocrx_word' id='word_1_301' title='bbox 1797 3769 1976 3852; x_wconf 87' lang='grc'>516).</span> 
     </span>
    </p>

    <p class='ocr_par' dir='ltr' id='par_1_13' title="bbox 788 3869 3848 4483">
     <span class='ocr_line' id='line_1_36' title="bbox 1013 3869 3843 3959; baseline -0 -23"><span class='ocrx_word' id='word_1_302' title='bbox 1013 3870 1144 3936; x_wconf 86' lang='lat' dir='ltr'><strong>An.</strong></span> <span class='ocrx_word' id='word_1_303' title='bbox 1199 3873 1369 3936; x_wconf 90' lang='grc'><strong>1317</strong></span> <span class='ocrx_word' id='word_1_304' title='bbox 1418 3893 1535 3959; x_wconf 91' lang='lat' dir='ltr'><strong>pro</strong></span> <span class='ocrx_word' id='word_1_305' title='bbox 1590 3871 1943 3939; x_wconf 86' lang='lat' dir='ltr'><strong>Wilhelmo</strong></span> <span class='ocrx_word' id='word_1_306' title='bbox 1986 3881 2143 3940; x_wconf 89' lang='lat' dir='ltr'><strong>nato</strong></span> <span class='ocrx_word' id='word_1_307' title='bbox 2176 3874 2433 3940; x_wconf 89' lang='lat' dir='ltr'><strong>comitis</strong></span> <span class='ocrx_word' id='word_1_308' title='bbox 2465 3874 2807 3939; x_wconf 89' lang='lat' dir='ltr'><strong>Lossensis</strong></span> <span class='ocrx_word' id='word_1_309' title='bbox 2842 3880 2907 3939; x_wconf 91' lang='lat' dir='ltr'><strong>et</strong></span> <span class='ocrx_word' id='word_1_310' title='bbox 2938 3873 3225 3939; x_wconf 89' lang='lat' dir='ltr'><strong>Isabella</strong></span> <span class='ocrx_word' id='word_1_311' title='bbox 3255 3878 3414 3937; x_wconf 89' lang='lat' dir='ltr'><strong>nata</strong></span> <span class='ocrx_word' id='word_1_312' title='bbox 3447 3870 3777 3957; x_wconf 82' lang='lat' dir='ltr'><strong>Reynaldi</strong></span> <span class='ocrx_word' id='word_1_313' title='bbox 3807 3869 3843 3935; x_wconf 96' lang='lat' dir='ltr'>I</span> 
     </span>
     <span class='ocr_line' id='line_1_37' title="bbox 790 3974 3848 4065; baseline 0.001 -28"><span class='ocrx_word' id='word_1_314' title='bbox 790 3974 1045 4039; x_wconf 89' lang='lat' dir='ltr'><strong>comitis</strong></span> <span class='ocrx_word' id='word_1_315' title='bbox 1109 3974 1369 4040; x_wconf 84' lang='lat' dir='ltr'><strong>Gelriae</strong></span> <span class='ocrx_word' id='word_1_316' title='bbox 1433 3978 1639 4059; x_wconf 91' lang='lat' dir='ltr'><strong>(num.</strong></span> <span class='ocrx_word' id='word_1_317' title='bbox 1705 3977 1892 4060; x_wconf 88' lang='lat'>551),</span> <span class='ocrx_word' id='word_1_318' title='bbox 1957 3999 2150 4065; x_wconf 90' lang='lat' dir='ltr'><strong>quam</strong></span> <span class='ocrx_word' id='word_1_319' title='bbox 2214 3980 2422 4065; x_wconf 91' lang='lat' dir='ltr'><strong>ipsam</strong></span> <span class='ocrx_word' id='word_1_320' title='bbox 2487 4000 2589 4044; x_wconf 88' lang='lat' dir='ltr'><strong>an.</strong></span> <span class='ocrx_word' id='word_1_321' title='bbox 2662 3979 2832 4043; x_wconf 85' lang='lat'>1314</span> <span class='ocrx_word' id='word_1_322' title='bbox 2897 3976 3245 4043; x_wconf 90' lang='lat' dir='ltr'><strong>Frederico</strong></span> <span class='ocrx_word' id='word_1_323' title='bbox 3305 3976 3649 4041; x_wconf 84' lang='lat' dir='ltr'><strong>Austriaco</strong></span> <span class='ocrx_word' id='word_1_324' title='bbox 3699 3976 3848 4059; x_wconf 86' lang='lat' dir='ltr'><strong>ejus</strong></span> 
     </span>
     <span class='ocr_line' id='line_1_38' title="bbox 790 4078 3843 4169; baseline -0 -25"><span class='ocrx_word' id='word_1_325' title='bbox 790 4083 1021 4166; x_wconf 89' lang='lat' dir='ltr'><strong>postea</strong></span> <span class='ocrx_word' id='word_1_326' title='bbox 1082 4080 1365 4145; x_wconf 89' lang='lat' dir='ltr'><strong>nominis</strong></span> <span class='ocrx_word' id='word_1_327' title='bbox 1429 4080 1818 4167; x_wconf 90' lang='lat' dir='ltr'><strong>Imperatori</strong></span> <span class='ocrx_word' id='word_1_328' title='bbox 1880 4081 1983 4145; x_wconf 94' lang='lat' dir='ltr'><strong>III</strong></span> <span class='ocrx_word' id='word_1_329' title='bbox 2046 4103 2349 4169; x_wconf 86' lang='lat' dir='ltr'><strong>sponsam</strong></span> <span class='ocrx_word' id='word_1_330' title='bbox 2413 4083 2711 4148; x_wconf 89' lang='lat' dir='ltr'><strong>nonnulli</strong></span> <span class='ocrx_word' id='word_1_331' title='bbox 2776 4087 3098 4147; x_wconf 82' lang='lat' dir='ltr'><strong>asserunt.</strong></span> <span class='ocrx_word' id='word_1_332' title='bbox 3192 4080 3378 4146; x_wconf 90' lang='lat' dir='ltr'><strong>Haec</strong></span> <span class='ocrx_word' id='word_1_333' title='bbox 3444 4085 3665 4145; x_wconf 90' lang='lat' dir='ltr'><strong>autem</strong></span> <span class='ocrx_word' id='word_1_334' title='bbox 3713 4078 3843 4143; x_wconf 91' lang='lat' dir='ltr'><strong>dis·</strong></span> 
     </span>
     <span class='ocr_line' id='line_1_39' title="bbox 788 4183 3845 4274; baseline 0 -27"><span class='ocrx_word' id='word_1_335' title='bbox 788 4183 1087 4269; x_wconf 91' lang='lat' dir='ltr'><strong>pensatio</strong></span> <span class='ocrx_word' id='word_1_336' title='bbox 1137 4184 1307 4248; x_wconf 89' lang='lat' dir='ltr'><strong>sicut</strong></span> <span class='ocrx_word' id='word_1_337' title='bbox 1355 4189 1423 4249; x_wconf 90' lang='lat' dir='ltr'><strong>et</strong></span> <span class='ocrx_word' id='word_1_338' title='bbox 1469 4184 1583 4249; x_wconf 91' lang='lat' dir='ltr'><strong>illa</strong></span> <span class='ocrx_word' id='word_1_339' title='bbox 1629 4184 1750 4249; x_wconf 91' lang='lat' dir='ltr'><strong>sub</strong></span> <span class='ocrx_word' id='word_1_340' title='bbox 1798 4206 1977 4251; x_wconf 91' lang='lat' dir='ltr'><strong>num.</strong></span> <span class='ocrx_word' id='word_1_341' title='bbox 2028 4187 2157 4249; x_wconf 82' lang='lat'><strong>436</strong></span> <span class='ocrx_word' id='word_1_342' title='bbox 2208 4186 2451 4253; x_wconf 87' lang='lat' dir='ltr'><strong>tradita</strong></span> <span class='ocrx_word' id='word_1_343' title='bbox 2497 4208 2830 4274; x_wconf 91' lang='lat' dir='ltr'><strong>nunquam</strong></span> <span class='ocrx_word' id='word_1_344' title='bbox 2881 4186 3188 4251; x_wconf 88' lang='lat' dir='ltr'><strong>effectum</strong></span> <span class='ocrx_word' id='word_1_345' title='bbox 3228 4185 3491 4269; x_wconf 82' lang='lat' dir='ltr'><strong>habuit3</strong></span> <span class='ocrx_word' id='word_1_346' title='bbox 3539 4205 3691 4248; x_wconf 91' lang='lat' dir='ltr'><strong>nam</strong></span> <span class='ocrx_word' id='word_1_347' title='bbox 3731 4203 3845 4248; x_wconf 90' lang='lat' dir='ltr'><strong>an.</strong></span> 
     </span>
     <span class='ocr_line' id='line_1_40' title="bbox 796 4287 3847 4376; baseline -0 -24"><span class='ocrx_word' id='word_1_348' title='bbox 796 4289 1237 4353; x_wconf 86' lang='grc'><strong>1327-1328</strong></span> <span class='ocrx_word' id='word_1_349' title='bbox 1289 4288 1520 4354; x_wconf 88' lang='lat' dir='ltr'><strong>eadem</strong></span> <span class='ocrx_word' id='word_1_350' title='bbox 1567 4288 1854 4355; x_wconf 86' lang='lat' dir='ltr'><strong>Isabella</strong></span> <span class='ocrx_word' id='word_1_351' title='bbox 1898 4289 2111 4356; x_wconf 89' lang='lat' dir='ltr'><strong>adhuc</strong></span> <span class='ocrx_word' id='word_1_352' title='bbox 2159 4290 2295 4355; x_wconf 88' lang='lat' dir='ltr'><strong>filia</strong></span> <span class='ocrx_word' id='word_1_353' title='bbox 2341 4290 2524 4376; x_wconf 77' lang='lat' dir='ltr'><strong>virgo</strong></span> <span class='ocrx_word' id='word_1_354' title='bbox 2558 4297 2761 4356; x_wconf 91' lang='lat' dir='ltr'><strong>etan.</strong></span> <span class='ocrx_word' id='word_1_355' title='bbox 2807 4292 2977 4355; x_wconf 88' lang='grc'><strong>1333</strong></span> <span class='ocrx_word' id='word_1_356' title='bbox 3011 4289 3310 4354; x_wconf 89' lang='lat' dir='ltr'><strong>monialis</strong></span> <span class='ocrx_word' id='word_1_357' title='bbox 3345 4289 3413 4354; x_wconf 92' lang='lat' dir='ltr'><strong>in</strong></span> <span class='ocrx_word' id='word_1_358' title='bbox 3446 4287 3847 4355; x_wconf 89' lang='lat' dir='ltr'><strong>monasterio</strong></span> 
     </span>
     <span class='ocr_line' id='line_1_41' title="bbox 790 4391 3257 4483; baseline 0 -25"><span class='ocrx_word' id='word_1_359' title='bbox 790 4391 855 4458; x_wconf 78' lang='lat' dir='ltr'><strong>S.</strong></span> <span class='ocrx_word' id='word_1_360' title='bbox 908 4392 1138 4459; x_wconf 82' lang='lat' dir='ltr'><strong>Clarae</strong></span> <span class='ocrx_word' id='word_1_361' title='bbox 1188 4392 1563 4458; x_wconf 81' lang='lat' dir='ltr'><strong>Coloniensi</strong></span> <span class='ocrx_word' id='word_1_362' title='bbox 1613 4393 1812 4459; x_wconf 81' lang='lat' dir='ltr'><strong>fuisse</strong></span> <span class='ocrx_word' id='word_1_363' title='bbox 1858 4394 2081 4483; x_wconf 90' lang='lat' dir='ltr'><strong>ibique</strong></span> <span class='ocrx_word' id='word_1_364' title='bbox 2130 4417 2235 4460; x_wconf 91' lang='lat' dir='ltr'><strong>an.</strong></span> <span class='ocrx_word' id='word_1_365' title='bbox 2291 4396 2462 4460; x_wconf 85' lang='lat'>1352</span> <span class='ocrx_word' id='word_1_366' title='bbox 2510 4394 2866 4460; x_wconf 87' lang='lat' dir='ltr'><strong>decessisse</strong></span> <span class='ocrx_word' id='word_1_367' title='bbox 2915 4395 3159 4481; x_wconf 82' lang='lat' dir='ltr'><strong>legitur</strong></span> <span class='ocrx_word' id='word_1_368' title='bbox 3182 4395 3257 4479; x_wconf 73' lang='grc'><strong>2).</strong></span> 
     </span>
    </p>

    <p class='ocr_par' dir='ltr' id='par_1_14' title="bbox 789 4496 3850 4878">
     <span class='ocr_line' id='line_1_42' title="bbox 1015 4496 3846 4585; baseline 0 -24"><span class='ocrx_word' id='word_1_369' title='bbox 1015 4496 1143 4561; x_wconf 86' lang='lat' dir='ltr'><strong>An.</strong></span> <span class='ocrx_word' id='word_1_370' title='bbox 1218 4498 1381 4561; x_wconf 84' lang='lat'>1321</span> <span class='ocrx_word' id='word_1_371' title='bbox 1451 4518 1568 4584; x_wconf 91' lang='lat' dir='ltr'><strong>pro</strong></span> <span class='ocrx_word' id='word_1_372' title='bbox 1631 4498 2003 4585; x_wconf 81' lang='lat' dir='ltr'><strong>Margareta</strong></span> <span class='ocrx_word' id='word_1_373' title='bbox 2064 4499 2199 4564; x_wconf 88' lang='lat' dir='ltr'><strong>filia</strong></span> <span class='ocrx_word' id='word_1_374' title='bbox 2258 4498 2600 4564; x_wconf 86' lang='lat' dir='ltr'><strong>Wilhelmi</strong></span> <span class='ocrx_word' id='word_1_375' title='bbox 2662 4499 2769 4563; x_wconf 93' lang='lat' dir='ltr'><strong>III</strong></span> <span class='ocrx_word' id='word_1_376' title='bbox 2832 4500 3089 4565; x_wconf 90' lang='lat' dir='ltr'><strong>comitis</strong></span> <span class='ocrx_word' id='word_1_377' title='bbox 3153 4497 3550 4563; x_wconf 91' lang='lat' dir='ltr'><strong>Hollandiae</strong></span> <span class='ocrx_word' id='word_1_378' title='bbox 3613 4502 3681 4563; x_wconf 87' lang='lat' dir='ltr'><strong>et</strong></span> <span class='ocrx_word' id='word_1_379' title='bbox 3725 4516 3846 4582; x_wconf 92' lang='lat' dir='ltr'><strong>pro</strong></span> 
     </span>
     <span class='ocr_line' id='line_1_43' title="bbox 791 4598 3844 4689; baseline 0 -25"><span class='ocrx_word' id='word_1_380' title='bbox 791 4598 996 4665; x_wconf 91' lang='lat' dir='ltr'><strong>nobili</strong></span> <span class='ocrx_word' id='word_1_381' title='bbox 1065 4598 1349 4686; x_wconf 90' lang='lat' dir='ltr'><strong>quodam</strong></span> <span class='ocrx_word' id='word_1_382' title='bbox 1420 4602 1909 4687; x_wconf 86' lang='lat' dir='ltr'><strong>consanguineo</strong></span> <span class='ocrx_word' id='word_1_383' title='bbox 1981 4608 2097 4669; x_wconf 88' lang='lat' dir='ltr'><strong>aut</strong></span> <span class='ocrx_word' id='word_1_384' title='bbox 2157 4603 2337 4668; x_wconf 86' lang='lat' dir='ltr'><strong>affini</strong></span> <span class='ocrx_word' id='word_1_385' title='bbox 2399 4606 2606 4687; x_wconf 90' lang='lat' dir='ltr'><strong>(num.</strong></span> <span class='ocrx_word' id='word_1_386' title='bbox 2671 4606 2850 4688; x_wconf 83' lang='lat'>589).</span> <span class='ocrx_word' id='word_1_387' title='bbox 2947 4603 3131 4678; x_wconf 84' lang='lat' dir='ltr'><strong>Quae</strong></span> <span class='ocrx_word' id='word_1_388' title='bbox 3198 4604 3334 4668; x_wconf 87' lang='lat' dir='ltr'><strong>filia</strong></span> <span class='ocrx_word' id='word_1_389' title='bbox 3393 4623 3632 4688; x_wconf 81' lang='lat' dir='ltr'><strong>magno</strong></span> <span class='ocrx_word' id='word_1_390' title='bbox 3694 4606 3844 4689; x_wconf 93' lang='lat' dir='ltr'><strong>post</strong></span> 
     </span>
     <span class='ocr_line' id='line_1_44' title="bbox 789 4703 3850 4793; baseline 0.001 -26"><span class='ocrx_word' id='word_1_391' title='bbox 789 4703 1095 4768; x_wconf 87' lang='lat' dir='ltr'><strong>inclaruit</strong></span> <span class='ocrx_word' id='word_1_392' title='bbox 1142 4705 1440 4787; x_wconf 90' lang='lat' dir='ltr'><strong>nomine,</strong></span> <span class='ocrx_word' id='word_1_393' title='bbox 1492 4711 1723 4791; x_wconf 90' lang='lat' dir='ltr'><strong>utpote</strong></span> <span class='ocrx_word' id='word_1_394' title='bbox 1769 4706 1852 4773; x_wconf 91' lang='lat' dir='ltr'><strong>ab</strong></span> <span class='ocrx_word' id='word_1_395' title='bbox 1900 4727 2005 4772; x_wconf 88' lang='lat' dir='ltr'><strong>an.</strong></span> <span class='ocrx_word' id='word_1_396' title='bbox 2062 4709 2235 4772; x_wconf 84' lang='lat'>1324</span> <span class='ocrx_word' id='word_1_397' title='bbox 2260 4707 2315 4791; x_wconf 85' lang='lat'><strong>3)</strong></span> <span class='ocrx_word' id='word_1_398' title='bbox 2363 4730 2531 4775; x_wconf 82' lang='lat' dir='ltr'><strong>uxor</strong></span> <span class='ocrx_word' id='word_1_399' title='bbox 2577 4708 2894 4774; x_wconf 79' lang='lat' dir='ltr'><strong>Ludovici</strong></span> <span class='ocrx_word' id='word_1_400' title='bbox 2946 4708 3027 4774; x_wconf 91' lang='lat' dir='ltr'><strong>de</strong></span> <span class='ocrx_word' id='word_1_401' title='bbox 3075 4708 3356 4773; x_wconf 86' lang='lat' dir='ltr'><strong>Bavaria</strong></span> <span class='ocrx_word' id='word_1_402' title='bbox 3401 4712 3600 4793; x_wconf 89' lang='lat' dir='ltr'><strong>atque</strong></span> <span class='ocrx_word' id='word_1_403' title='bbox 3645 4705 3850 4771; x_wconf 86' lang='lat' dir='ltr'><strong>fratre</strong></span> 
     </span>
     <span class='ocr_line' id='line_1_45' title="bbox 791 4806 3062 4878; baseline 0.002 -6"><span class='ocrx_word' id='word_1_404' title='bbox 791 4806 1150 4873; x_wconf 89' lang='lat' dir='ltr'><strong>Wilhelmo</strong></span> <span class='ocrx_word' id='word_1_405' title='bbox 1200 4808 1299 4873; x_wconf 89' lang='lat' dir='ltr'><strong>IV</strong></span> <span class='ocrx_word' id='word_1_406' title='bbox 1346 4808 1585 4874; x_wconf 90' lang='lat' dir='ltr'><strong>comite</strong></span> <span class='ocrx_word' id='word_1_407' title='bbox 1632 4811 1770 4874; x_wconf 77' lang='lat' dir='ltr'><strong>vita</strong></span> <span class='ocrx_word' id='word_1_408' title='bbox 1814 4812 2038 4876; x_wconf 84' lang='lat' dir='ltr'><strong>functo</strong></span> <span class='ocrx_word' id='word_1_409' title='bbox 2087 4811 2484 4877; x_wconf 87' lang='lat' dir='ltr'><strong>Hollandiae</strong></span> <span class='ocrx_word' id='word_1_410' title='bbox 2534 4818 2660 4878; x_wconf 88' lang='lat' dir='ltr'><strong>etc.</strong></span> <span class='ocrx_word' id='word_1_411' title='bbox 2708 4812 3062 4878; x_wconf 89' lang='lat' dir='ltr'><strong>comitissa.</strong></span> 
     </span>
    </p>

    <p class='ocr_par' dir='ltr' id='par_1_15' title="bbox 794 4911 3852 5212">
     <span class='ocr_line' id='line_1_46' title="bbox 1017 4911 3848 5003; baseline 0 -26"><span class='ocrx_word' id='word_1_412' title='bbox 1017 4911 1269 4978; x_wconf 87' lang='lat' dir='ltr'><strong>Eodem</strong></span> <span class='ocrx_word' id='word_1_413' title='bbox 1318 4933 1489 4978; x_wconf 92' lang='lat' dir='ltr'><strong>anno</strong></span> <span class='ocrx_word' id='word_1_414' title='bbox 1536 4934 1654 5002; x_wconf 89' lang='lat' dir='ltr'><strong>pro</strong></span> <span class='ocrx_word' id='word_1_415' title='bbox 1703 4914 2061 4980; x_wconf 89' lang='lat' dir='ltr'><strong>Wilhelmo</strong></span> <span class='ocrx_word' id='word_1_416' title='bbox 2110 4922 2343 5003; x_wconf 89' lang='lat' dir='ltr'><strong>postea</strong></span> <span class='ocrx_word' id='word_1_417' title='bbox 2389 4917 2626 4982; x_wconf 91' lang='lat' dir='ltr'><strong>comite</strong></span> <span class='ocrx_word' id='word_1_418' title='bbox 2672 4917 2770 4982; x_wconf 87' lang='lat' dir='ltr'><strong>IV</strong></span> <span class='ocrx_word' id='word_1_419' title='bbox 2819 4922 2888 4981; x_wconf 93' lang='lat' dir='ltr'><strong>et</strong></span> <span class='ocrx_word' id='word_1_420' title='bbox 2936 4915 3216 5002; x_wconf 90' lang='lat' dir='ltr'><strong>quadam</strong></span> <span class='ocrx_word' id='word_1_421' title='bbox 3265 4915 3402 4979; x_wconf 87' lang='lat' dir='ltr'><strong>filia</strong></span> <span class='ocrx_word' id='word_1_422' title='bbox 3446 4914 3653 4980; x_wconf 89' lang='lat' dir='ltr'><strong>nobili</strong></span> <span class='ocrx_word' id='word_1_423' title='bbox 3693 4932 3848 4978; x_wconf 88' lang='lat' dir='ltr'><strong>con·</strong></span> 
     </span>
     <span class='ocr_line' id='line_1_47' title="bbox 797 5016 3840 5107; baseline 0.001 -28"><span class='ocrx_word' id='word_1_424' title='bbox 797 5016 1159 5102; x_wconf 81' lang='lat' dir='ltr'><strong>sanguinea</strong></span> <span class='ocrx_word' id='word_1_425' title='bbox 1205 5022 1320 5081; x_wconf 88' lang='lat' dir='ltr'><strong>aut</strong></span> <span class='ocrx_word' id='word_1_426' title='bbox 1367 5017 1546 5081; x_wconf 88' lang='lat' dir='ltr'><strong>affini</strong></span> <span class='ocrx_word' id='word_1_427' title='bbox 1592 5020 1798 5101; x_wconf 91' lang='lat' dir='ltr'><strong>(num.</strong></span> <span class='ocrx_word' id='word_1_428' title='bbox 1850 5021 2027 5105; x_wconf 87' lang='lat'>595).</span> <span class='ocrx_word' id='word_1_429' title='bbox 2090 5019 2253 5105; x_wconf 87' lang='lat' dir='ltr'><strong>Ejus</strong></span> <span class='ocrx_word' id='word_1_430' title='bbox 2299 5025 2488 5107; x_wconf 90' lang='lat' dir='ltr'><strong>pater</strong></span> <span class='ocrx_word' id='word_1_431' title='bbox 2531 5019 2933 5086; x_wconf 86' lang='lat' dir='ltr'><strong>Wilhelmus</strong></span> <span class='ocrx_word' id='word_1_432' title='bbox 2966 5041 3184 5085; x_wconf 89' lang='lat' dir='ltr'><strong>comes</strong></span> <span class='ocrx_word' id='word_1_433' title='bbox 3216 5019 3322 5084; x_wconf 94' lang='lat' dir='ltr'><strong>III</strong></span> <span class='ocrx_word' id='word_1_434' title='bbox 3356 5040 3502 5084; x_wconf 91' lang='lat' dir='ltr'><strong>cum</strong></span> <span class='ocrx_word' id='word_1_435' title='bbox 3536 5017 3840 5085; x_wconf 87' lang='lat' dir='ltr'><strong>Johanne</strong></span> 
     </span>
     <span class='ocr_line' id='line_1_48' title="bbox 794 5119 3852 5212; baseline 0 -28"><span class='ocrx_word' id='word_1_436' title='bbox 794 5119 959 5185; x_wconf 93' lang='lat' dir='ltr'><strong>duce</strong></span> <span class='ocrx_word' id='word_1_437' title='bbox 1023 5119 1128 5185; x_wconf 93' lang='lat' dir='ltr'><strong>III</strong></span> <span class='ocrx_word' id='word_1_438' title='bbox 1175 5120 1572 5188; x_wconf 87' lang='lat' dir='ltr'><strong>Brabantiae</strong></span> <span class='ocrx_word' id='word_1_439' title='bbox 1620 5143 1844 5188; x_wconf 91' lang='lat' dir='ltr'><strong>mense</strong></span> <span class='ocrx_word' id='word_1_440' title='bbox 1893 5123 2160 5189; x_wconf 89' lang='lat' dir='ltr'><strong>Octobri</strong></span> <span class='ocrx_word' id='word_1_441' title='bbox 2207 5145 2313 5190; x_wconf 88' lang='lat' dir='ltr'><strong>an.</strong></span> <span class='ocrx_word' id='word_1_442' title='bbox 2371 5126 2540 5190; x_wconf 87' lang='grc'><strong>1322</strong></span> <span class='ocrx_word' id='word_1_443' title='bbox 2590 5124 2672 5189; x_wconf 82' lang='grc'><strong>(19</strong></span> <span class='ocrx_word' id='word_1_444' title='bbox 2720 5124 3132 5212; x_wconf 87' lang='lat' dir='ltr'><strong>sponsalibus</strong></span> <span class='ocrx_word' id='word_1_445' title='bbox 3177 5124 3356 5189; x_wconf 91' lang='lat' dir='ltr'><strong>inter</strong></span> <span class='ocrx_word' id='word_1_446' title='bbox 3401 5122 3643 5188; x_wconf 87' lang='lat' dir='ltr'><strong>liberos</strong></span> <span class='ocrx_word' id='word_1_447' title='bbox 3690 5142 3852 5186; x_wconf 87' lang='lat' dir='ltr'><strong>suos</strong></span> 
     </span>
    </p>
   </div>
   <div class='ocr_carea' id='block_1_9' title="bbox 803 5343 1295 5352">
    <p class='ocr_par' dir='ltr' id='par_1_16' title="bbox 803 5343 1295 5352">
     <span class='ocr_line' id='line_1_49' title="bbox 803 5343 1295 5352; baseline 0 1332"><span class='ocrx_word' id='word_1_448' title='bbox 803 5343 1295 5352; x_wconf 95' lang='lat' dir='ltr'><strong> </strong></span> 
     </span>
    </p>
   </div>
   <div class='ocr_carea' id='block_1_10' title="bbox 960 5503 3604 5732">
    <p class='ocr_par' dir='ltr' id='par_1_17' title="bbox 960 5503 3604 5732">
     <span class='ocr_line' id='line_1_50' title="bbox 960 5503 2367 5568; baseline 0.002 -15"><span class='ocrx_word' id='word_1_449' title='bbox 960 5503 1015 5567; x_wconf 94' lang='grc'><strong>1)</strong></span> <span class='ocrx_word' id='word_1_450' title='bbox 1053 5503 1166 5554; x_wconf 74' lang='lat' dir='ltr'><strong>Van</strong></span> <span class='ocrx_word' id='word_1_451' title='bbox 1205 5504 1378 5568; x_wconf 84' lang='lat' dir='ltr'><strong>Spaen</strong></span> <span class='ocrx_word' id='word_1_452' title='bbox 1413 5503 1651 5554; x_wconf 63' lang='lat' dir='ltr'><strong>Hister-ie</strong></span> <span class='ocrx_word' id='word_1_453' title='bbox 1682 5519 1780 5553; x_wconf 78' lang='lat' dir='ltr'><strong>van</strong></span> <span class='ocrx_word' id='word_1_454' title='bbox 1827 5504 2138 5555; x_wconf 76' lang='lat' dir='ltr'><strong>Gelderland</strong></span> <span class='ocrx_word' id='word_1_455' title='bbox 2175 5505 2214 5555; x_wconf 90' lang='lat'><strong>1.</strong></span> <span class='ocrx_word' id='word_1_456' title='bbox 2249 5504 2367 5556; x_wconf 86' lang='grc'><strong>391.</strong></span> 
     </span>
     <span class='ocr_line' id='line_1_51' title="bbox 962 5582 2999 5651; baseline 0.002 -18"><span class='ocrx_word' id='word_1_457' title='bbox 962 5583 1017 5645; x_wconf 77' lang='grc'><strong>2)</strong></span> <span class='ocrx_word' id='word_1_458' title='bbox 1053 5583 1157 5635; x_wconf 81' lang='lat' dir='ltr'><strong>Csr.</strong></span> <span class='ocrx_word' id='word_1_459' title='bbox 1195 5599 1399 5634; x_wconf 86' lang='lat' dir='ltr'><strong>numm.</strong></span> <span class='ocrx_word' id='word_1_460' title='bbox 1438 5583 1559 5643; x_wconf 80' lang='lat'><strong>733,</strong></span> <span class='ocrx_word' id='word_1_461' title='bbox 1595 5582 1715 5646; x_wconf 66' lang='lat'><strong>744,</strong></span> <span class='ocrx_word' id='word_1_462' title='bbox 1752 5583 1878 5647; x_wconf 83' lang='lat'><strong>887;</strong></span> <span class='ocrx_word' id='word_1_463' title='bbox 1915 5600 2017 5635; x_wconf 79' lang='lat' dir='ltr'><strong>van</strong></span> <span class='ocrx_word' id='word_1_464' title='bbox 2056 5584 2228 5649; x_wconf 78' lang='lat' dir='ltr'><strong>Spaen</strong></span> <span class='ocrx_word' id='word_1_465' title='bbox 2266 5586 2521 5651; x_wconf 68' lang='lat' dir='ltr'><strong>Inuidinq</strong></span> <span class='ocrx_word' id='word_1_466' title='bbox 2557 5587 2623 5637; x_wconf 91' lang='grc' dir='ltr'><strong>ΙΙ.</strong></span> <span class='ocrx_word' id='word_1_467' title='bbox 2661 5586 2760 5637; x_wconf 69' lang='lat'><strong>245</strong></span> <span class='ocrx_word' id='word_1_468' title='bbox 2794 5593 2848 5637; x_wconf 80' lang='lat' dir='ltr'><strong>et</strong></span> <span class='ocrx_word' id='word_1_469' title='bbox 2882 5586 2999 5638; x_wconf 76' lang='lat'>251.</span> 
     </span>
     <span class='ocr_line' id='line_1_52' title="bbox 963 5662 3604 5732; baseline 0 -16"><span class='ocrx_word' id='word_1_470' title='bbox 963 5664 1019 5730; x_wconf 87' lang='lat'><strong>3)</strong></span> <span class='ocrx_word' id='word_1_471' title='bbox 1056 5663 1150 5715; x_wconf 87' lang='lat' dir='ltr'><strong>Die</strong></span> <span class='ocrx_word' id='word_1_472' title='bbox 1187 5663 1253 5715; x_wconf 74' lang='grc'><strong>26</strong></span> <span class='ocrx_word' id='word_1_473' title='bbox 1288 5663 1590 5729; x_wconf 83' lang='lat' dir='ltr'><strong>Februarii;</strong></span> <span class='ocrx_word' id='word_1_474' title='bbox 1627 5665 1720 5716; x_wconf 76' lang='lat' dir='ltr'><strong>cfr.</strong></span> <span class='ocrx_word' id='word_1_475' title='bbox 1756 5664 2077 5716; x_wconf 80' lang='lat' dir='ltr'><strong>wilhelmus</strong></span> <span class='ocrx_word' id='word_1_476' title='bbox 2114 5665 2427 5718; x_wconf 82' lang='lat' dir='ltr'><strong>Procurator</strong></span> <span class='ocrx_word' id='word_1_477' title='bbox 2461 5668 2599 5732; x_wconf 88' lang='lat' dir='ltr'><strong>apud</strong></span> <span class='ocrx_word' id='word_1_478' title='bbox 2636 5667 2693 5717; x_wconf 74' lang='lat' dir='ltr'><strong>A.</strong></span> <span class='ocrx_word' id='word_1_479' title='bbox 2732 5666 3060 5719; x_wconf 80' lang='lat' dir='ltr'><strong>Matthaeum</strong></span> <span class='ocrx_word' id='word_1_480' title='bbox 3096 5667 3350 5717; x_wconf 73' lang='lat' dir='ltr'><strong>Analecta</strong></span> <span class='ocrx_word' id='word_1_481' title='bbox 3384 5665 3453 5717; x_wconf 92' lang='lat'><strong>11.</strong></span> <span class='ocrx_word' id='word_1_482' title='bbox 3487 5662 3604 5716; x_wconf 74' lang='grc'><strong>620.</strong></span> 
     </span>
    </p>
   </div>
   <div class='ocr_carea' id='block_1_11' title="bbox 4431 186 4434 717">
    <p class='ocr_par' dir='ltr' id='par_1_18' title="bbox 4431 186 4434 717">
     <span class='ocr_line' id='line_1_53' title="bbox 4431 186 4434 717; baseline 0 0"><span class='ocrx_word' id='word_1_483' title='bbox 4431 186 4434 717; x_wconf 95' lang='lat' dir='ltr'><strong> </strong></span> 
     </span>
    </p>
   </div>
  </div>
 </body>
</html>
