4450 6684
865 403 996 467 248
2111 399 2515 466 Gan-cosme
2558 399 2681 465 XI.

863 623 1053 688 cione
1115 619 1413 707 predicta
1472 624 1541 684 et
1600 618 1936 683 interdicti
1995 616 2373 702 hujusmodi
2431 620 2864 685 relaxacionis
2910 619 3250 686 beneficiis
3297 621 3694 687 obtinendis.
3788 622 3932 688 Nos-

864 730 1070 810 enim,
1118 748 1203 793 ne
1236 726 1359 791 sub
1392 747 1507 813 spe
1538 725 1732 792 venie
1766 724 2228 811 consequende
2261 725 2549 791 fataliter
2580 727 2861 792 intentio
2887 727 2942 809 ι)
2980 725 3403 814 delinquendi
3438 728 3767 815 aliquibus
3794 728 3916 794 for·

863 836 1036 900 sitan
1080 832 1456 919 prebeatur,
1504 830 1991 896 absolucionem
2040 831 2121 895 ab
2157 832 2917 897 excommunicacionum
2948 833 3302 898 sentenciis
3334 855 3410 898 ac
3442 835 3920 900 relaxacionem

860 961 978 1005 seu
1040 938 1538 1025 suspensionem
1589 935 1926 1000 interdicti
1972 935 2345 1021 hujusmodi
2396 937 2584 1001 nobis
2631 937 2737 1002 vel
2783 938 3266 1002 successoribus
3312 940 3554 1004 nostris
3601 940 3914 1005 Romanis

855 1046 1275 1135 pontificibus
1344 1042 1798 1109 tantummodo
1869 1062 2314 1124 reservamus,
2382 1044 2480 1108 ita
2539 1043 2882 1128 videlicet,
2954 1051 3028 1110 ut
3087 1046 3308 1110 nullus
3369 1053 3790 1132 preterquam
3847 1047 3914 1112 in

856 1155 1083 1220 mortis
1130 1153 1407 1219 articulo
1455 1170 1829 1237 quenquam
1870 1150 1951 1213 ab
1986 1151 2744 1215 excommunicacionum
2777 1152 3133 1217 sentenciis
3167 1153 3542 1238 hujusmodi
3574 1154 3908 1220 absolvere

854 1261 1082 1348 possit.
1178 1259 1516 1339 Ceterum,
1565 1257 1619 1321 si
1659 1257 1878 1321 forsan
1911 1255 2352 1344 predictorum
2383 1257 2758 1342 hujusmodi
2791 1259 3112 1325 scelerum
3143 1265 3551 1346 patratorum
3583 1282 3660 1325 ac
3692 1281 3906 1347 recep·

856 1369 1144 1435 tancium
1191 1386 1304 1431 eos
1351 1385 1559 1452 eaque
1607 1364 1749 1428 fieri
1793 1363 2255 1427 mandancium
2300 1364 2590 1450 ipsisque
2639 1364 2942 1430 dancium
2988 1366 3057 1430 in
3106 1366 3234 1430 illis
3280 1388 3398 1453 per
3447 1388 3518 1434 se
3566 1368 3673 1433 vel
3715 1368 3908 1432 alium

852 1496 972 1540 seu
1017 1474 1180 1539 alios
1229 1472 1475 1537 directe
1523 1471 1631 1536 vel
1674 1470 2026 1551 indirecte,
2074 1469 2336 1556 publice
2381 1471 2487 1535 vel
2528 1471 2782 1536 occulte
2825 1472 3176 1554 auxilium,
3226 1474 3570 1538 consilium
3603 1475 3708 1540 vel
3739 1474 3910 1538 favo·

852 1602 989 1646 rem
1051 1579 1391 1666 presencia
1452 1598 1567 1663 pro
1631 1575 2000 1640 monicione
2064 1581 2133 1640 et
2177 1576 2614 1661 requisicione
2660 1577 3036 1663 hujusmodi
3085 1599 3201 1643 seu
3249 1580 3571 1646 citacione
3620 1580 3704 1645 de
3750 1581 3904 1666 ipsis

850 1687 1166 1753 faciendis
1229 1686 1324 1750 eis
1385 1703 1611 1750 secure
1658 1684 1764 1748 vel
1811 1681 2150 1747 commode
2197 1682 2426 1747 haberi
2473 1684 2812 1769 nequiret,
2863 1685 3044 1749 vobis
3092 1687 3531 1751 monicionem
3577 1694 3648 1753 et
3692 1689 3905 1773 requi-

851 1795 1164 1858 sicionem
1210 1789 1589 1874 hujusmodi
1635 1810 1711 1854 ac
1758 1790 2112 1853 citaciones
2159 1788 2522 1874 quaslibet,
2571 1789 2866 1876 predicta
2910 1792 3247 1877 publicata
3283 1794 3353 1857 in
3391 1794 3550 1858 locis
3592 1793 3911 1878 affigenda

848 1899 1162 1987 publicis,
1228 1897 1311 1962 de
1374 1896 1613 1982 quibus
1678 1896 1764 1959 sit
1821 1895 2191 1960 verisimilis
2254 1897 2666 1981 conjectura,
2737 1897 2911 1983 quod
2959 1897 3042 1962 ad
3091 1899 3405 1964 noticiam
3451 1901 3802 1964 citatorum
3846 1905 3911 1963 et

848 2005 1246 2070 monitorum
1313 2000 1690 2087 hujusmodi
1760 2001 2102 2087 pervenire
2174 2002 2473 2084 valeant,
2538 2001 2820 2067 faciendi
2882 2005 3144 2089 plenam
3208 2004 3629 2069 concedimus
3676 2010 3902 2069 tenore

849 2111 1261 2198 presencium
1325 2113 1724 2196 potestatem
1786 2113 1853 2172 et
1917 2106 2214 2171 volumus
2240 2158 2257 2190 ‚
2317 2108 2492 2193 quod
2562 2109 2835 2194 perinde
2897 2111 3072 2195 ipsos
3120 2112 3395 2193 citatos,
3444 2111 3798 2197 requisitos
3845 2117 3912 2176 et

854 2218 1174 2297 monitos,
1247 2222 1322 2280 ut
1390 2213 1828 2301 premittitur,
1901 2219 2154 2295 artent,
2226 2235 2302 2278 ac
2364 2214 2417 2277 si
2481 2214 2576 2278 eis
2638 2214 2809 2279 facte
2857 2221 2926 2279 et
2972 2217 3301 2280 insinuate
3352 2217 3804 2303 principaliter
3850 2222 3916 2282 et

845 2322 1278 2410 personaliter
1338 2321 1752 2403 extitissent3
1817 2341 1949 2384 non
2012 2320 2430 2384 obstantibus
2493 2327 2629 2385 tam
2689 2321 2986 2404 fessicis)
3049 2322 3677 2407 re(cordationis)
3723 2323 3915 2388 Boni·

846 2423 997 2494 facii
1060 2449 1229 2515 pape
1287 2427 1459 2493 VIII
1503 2425 1982 2513 predecessoris
2029 2426 2271 2507 nostri,
2321 2426 2390 2490 in
2438 2427 2673 2512 quibus
2722 2435 3023 2509 cavetur,
3073 2449 3158 2492 ne
3183 2423 3439 2515 ‘aliquis
3488 2435 3678 2493 extra
3726 2450 3906 2494 suam

846 2536 1180 2601 civitatem
1228 2540 1297 2598 et
1343 2531 1654 2596 diocesim
1701 2532 1827 2596 nisi
1872 2531 1941 2595 in
1989 2531 2185 2595 certis
2234 2530 2531 2618 exceptis
2572 2532 2829 2596 casibus
2859 2538 2929 2597 et
2962 2533 3030 2596 in
3059 2532 3191 2596 illis
3223 2533 3396 2597 ultra
3427 2554 3625 2598 unam
3665 2533 3907 2599 dietam

844 2663 885 2707 a
930 2642 1061 2705 fine
1109 2660 1227 2704 sue
1275 2639 1551 2703 diocesis
1598 2637 1681 2702 ad
1721 2636 2045 2721 judicium
2092 2642 2431 2719 evocetur,
2480 2657 2598 2703 seu
2647 2637 2817 2723 quod
2859 2637 3119 2722 judices
3166 2660 3206 2703 a
3243 2637 3403 2703 sede
3435 2638 3736 2725 deputati
3768 2660 3907 2725 pre-

849 2745 1024 2811 dicta
1071 2751 1260 2811 extra
1305 2744 1639 2809 civitatem
1687 2750 1755 2807 et
1801 2741 2143 2825 diocesim,
2190 2744 2261 2806 in
2294 2743 2533 2828 quibus
2567 2741 2867 2829 deputati
2897 2744 3170 2827 fuerint,
3218 2751 3448 2810 contra
3480 2766 3902 2832 quoscunque

844 2851 1199 2940 procedere
1247 2852 1384 2917 sive
1430 2850 1542 2916 alii
1587 2851 1695 2916 vel
1740 2850 1885 2916 aliis
1930 2851 2108 2915 vices
2155 2870 2307 2915 suas
2350 2849 2759 2915 committere
2791 2856 2907 2915 aut
2939 2851 3192 2938 aliquos
3225 2853 3397 2916 ultra
3427 2873 3626 2917 unam
3661 2853 3903 2919 dietam

842 2981 884 3025 a
928 2961 1059 3025 fine
1106 2959 1383 3025 diocesis
1429 2958 1789 3024 eorundem
1834 2957 2095 3023 trahere
2144 2977 2277 3021 non
2323 2961 2740 3042 presumant,
2799 2963 2913 3022 aut
2962 2957 3045 3022 de
3093 2957 3349 3023 duabus
3396 2958 3590 3024 dietis
3636 2960 3706 3024 in
3754 2981 3904 3025 con-

841 3065 992 3129 cilio
1040 3064 1332 3150 generali
1377 3083 1574 3150 quam
1620 3063 1765 3128 aliis
1811 3063 2309 3149 quibuscunque
2357 3061 2945 3126 constitucionibus
2992 3084 3032 3127 a
3064 3063 3633 3149 predecessoribus
3666 3066 3904 3131 nostris

844 3171 1165 3237 Romanis
1225 3169 1644 3256 pontificibus
1707 3176 1842 3234 tam
1905 3167 1987 3234 de
2040 3167 2375 3254 judicibus
2438 3167 2757 3254 delegatis
2819 3190 3014 3255 quam
3073 3171 3370 3255 personis
3426 3172 3602 3236 ultra
3662 3179 3910 3237 certum

843 3297 1189 3343 numerum
1236 3276 1319 3342 ad
1358 3275 1682 3360 judicium
1724 3297 1858 3340 non
1904 3273 2271 3357 trahendis,
2321 3279 2436 3338 aut
2475 3273 2620 3338 aliis
2661 3274 2886 3357 editis,
2936 3295 3064 3361 que
3105 3283 3326 3341 vestre
3364 3284 3638 3363 possent
3679 3279 3751 3342 in
3789 3279 3908 3343 hac

840 3390 1029 3470 parte
1082 3381 1525 3469 jurisdictioni
1592 3389 1708 3447 aut
1752 3381 2069 3469 potestati
2115 3381 2392 3466 ejusque
2437 3378 2645 3445 libero
2694 3380 3019 3446 exercicio
3069 3381 3564 3467 quomodolibet
3611 3384 3910 3466 obviare3

839 3509 960 3553 seu
1031 3490 1084 3553 si
1156 3488 1482 3575 aliquibus
1545 3488 1976 3553 communiter
2036 3487 2142 3552 vel
2205 3485 2465 3549 divisim
2529 3485 2612 3549 ab
2681 3485 2911 3550 eadem
2975 3488 3061 3551 sit
3121 3487 3278 3552 sede
3325 3487 3690 3572 indultum,
3739 3489 3912 3577 quod

842 3595 1185 3679 interdici,
1250 3594 1561 3681 suspendi
1624 3594 1729 3658 vel
1791 3593 2343 3658 excommunicari
2411 3612 2543 3655 non
2599 3593 2852 3678 possint
2898 3614 3016 3680 per
3061 3595 3287 3659 literas
3337 3596 3729 3680 apostolicas
3776 3617 3905 3661 non

837 3702 1154 3768 facientes
1217 3702 1478 3789 plenam
1539 3708 1609 3766 et
1670 3721 2050 3787 expressam
2113 3719 2188 3764 ac
2254 3698 2336 3763 de
2395 3698 2597 3762 verbo
2645 3698 2728 3763 ad
2777 3700 3050 3765 verbum
3099 3699 3181 3765 de
3227 3699 3483 3767 indulto
3533 3701 3906 3787 hujusmodi

840 3810 1271 3875 mencionem.
1366 3807 1520 3872 Dat.
1568 3807 1938 3889 Avinione,
1986 3805 2161 3872 XIII
2206 3805 2319 3871 Kl.
2366 3804 2797 3889 Novembris,
2845 3826 3017 3870 anno
3068 3808 3292 3872 tercio.

1256 3925 1383 3988 περ.
1416 3925 1516 3975 Λα.
1558 3922 1740 3983 217,
1772 3924 1831 3988 s.
1865 3922 1948 3973 31.

998 4051 1050 4116 1)
1085 4052 1256 4101 Codex
1294 4050 1476 4100 habet:
1517 4049 1768 4099 intentui.

838 4440 1033 4508 2154.
1813 4441 2023 4522 1373,
2074 4437 2357 4503 Octobris
2402 4440 2523 4523 20,
2572 4439 2935 4505 Avenionis.

1151 4593 1612 4677 Infrascriptis
1656 4592 1743 4655 ad
1781 4592 2106 4677 querelam
2144 4591 2469 4657 Johannis
2524 4592 2734 4657 Wilde
2767 4596 3129 4678 praepositi
3172 4594 3589 4660 Embricensis
3627 4597 3934 4661 ecclesiae·

1064 4709 1391 4785 tamquam
1459 4699 2000 4764 conservatoribus
2068 4698 2455 4781 mandatur,
2526 4708 2599 4764 ut
2659 4721 2866 4764 omnes
2928 4708 2988 4765 et
3039 4703 3358 4786 sinyulos,
3424 4704 3540 4788 qui
3571 4709 3914 4787 praetextu

1057 4826 1445 4891 yuerrarum
1513 4807 1582 4868 in
1638 4803 1940 4888 partibus
2007 4805 2149 4867 istis
2217 4807 2626 4868 saevientium
2689 4806 2943 4870 clericos
3005 4814 3064 4870 et
3110 4827 3423 4891 personas
3468 4808 3915 4872 ecclesiasticas

1065 4913 1270 4977 dictae
1316 4912 1603 4975 ecclesiae
1649 4912 2054 4994 aliarumque
2100 4910 2531 4993 ecclesiarum,
2582 4912 3008 4995 capellarum,
3049 4914 3326 4978 locorum
3360 4915 3914 4978 ecclesiasticorum

1074 5019 1268 5084 eidem
1302 5019 1672 5102 praeposito
1718 5016 2135 5098 subjectorum
2180 5020 2251 5081 in
2296 5020 2430 5081 suis
2465 5021 2789 5102 personis,
2817 5019 3085 5102 juribus
3123 5019 3388 5085 ethonis
3416 5022 3912 5105 molestaverint,

1068 5124 1314 5190 tamdiu
1382 5125 1941 5189 excommunicatos
1991 5122 2249 5207 publice
2309 5126 2607 5188 nuncient
2670 5132 2729 5189 et
2790 5127 3090 5190 nunciari
3152 5126 3440 5210 faciant,
3485 5126 3676 5191 donec
3721 5147 3913 5212 super

1055 5232 1429 5315 praemissis
1474 5229 1681 5294 debita
1727 5227 2087 5309 satisfactio
2135 5230 2378 5313 inteqre
2410 5232 2737 5313 praest-ita
2779 5231 3002 5312 fuerit.

1069 5412 1345 5477 Dilectis
1392 5409 1544 5474 filiis
1590 5408 2032 5494 TraJ’ectensis
2078 5414 2148 5473 et
2195 5414 2420 5474 sancte
2466 5408 2675 5474 Maris
2722 5409 2806 5474 ad
2838 5409 3095 5478 Gradus
3128 5410 3539 5477 coloniensis
3586 5431 3664 5476 ac
3694 5411 3922 5497 Reysae

846 5518 1053 5582 sensis
1100 5517 1507 5583 Coloniensis
1554 5515 1832 5580 diocesis
1880 5513 2144 5579 decanis
2191 5515 2612 5580 ecclesiarum
2659 5517 2941 5581 salutem
2985 5524 3096 5581 etc.
