4450 6684
1958 540 2443 607 Inrnonncno.
3548 555 3722 603 xmx

671 764 869 828 sonis.
964 757 1512 846 Quandoquidem
1582 756 1955 822 tabellionis
2002 755 2267 820 nomine
2314 756 2497 821 venit
2551 755 2700 842 „qui
2748 760 3203 820 contractuum
3252 761 3319 821 et
3366 760 3721 822 testamen-

670 873 883 933 torum
952 866 1391 930 instrumenta
1459 859 1991 944 conscribebat‚”
2021 860 2072 944 l)
2146 859 2615 925 tabellionatus
2679 859 2962 926 officium
3028 859 3201 925 inter
3249 860 3461 925 officia
3506 860 3724 926 civilia

671 971 890 1058 potius
968 989 1164 1056 quam
1244 967 1468 1031 stricte
1539 965 1981 1031 ecclesiastica
2049 965 2522 1030 recensendum
2591 963 2872 1030 videtur.
2977 966 3169 1030 Hanc
3241 964 3324 1030 ob
3399 965 3721 1030 rationem

672 1075 922 1141 clericis
985 1094 1118 1138 non
1178 1071 1547 1156 conjugatis
1608 1089 1824 1156 neque
1885 1068 1955 1133 in
2018 1069 2217 1133 sacris
2277 1068 2616 1134 ordinibus
2661 1071 3036 1134 constitutis
3083 1068 3377 1135 mandari
3425 1070 3719 1153 solebat,

674 1178 786 1266 qui
851 1184 924 1242 ut
983 1197 1257 1241 munere
1319 1196 1436 1240 suo
1500 1173 1764 1261 publico
1825 1173 2282 1258 fungerentur,
2347 1172 2611 1258 publica
2674 1173 2956 1259 quadam
3005 1173 3396 1239 auctoritate
3444 1175 3719 1241 ornandi

676 1287 883 1348 erant.
947 1278 1235 1347 Proinde
1299 1279 1493 1344 sicuti
1556 1297 1744 1363 reges
1806 1282 1875 1342 et
1935 1277 2363 1364 imperatores
2417 1298 2569 1342 suos
2616 1279 2905 1343 notarios
2952 1278 3249 1365 publicos
3297 1281 3494 1366 vulgo
3539 1282 3725 1346 insti·

678 1387 994 1468 tuebant,
1072 1385 1167 1448 ita
1242 1382 1631 1447 tabelliones
1710 1401 1930 1445 creare
2008 1401 2252 1467 eosque
2331 1402 2514 1445 sacra
2591 1380 2873 1467 quadam
2946 1384 3338 1450 auctoritate
3408 1386 3723 1471 insignire

680 1489 998 1557 Romanis
1068 1487 1501 1553 Pontificibus
1569 1484 1829 1570 saepius
1899 1484 2164 1570 placuit.
2262 1484 2451 1559 Quod
2517 1485 2585 1549 in
2647 1486 2943 1572 partibus
3005 1489 3243 1552 nostris
3290 1490 3532 1554 factum
3581 1512 3725 1557 esse

678 1595 920 1682 legitur
997 1591 1102 1657 vel
1178 1589 1502 1672 mediate,
1582 1589 1839 1675 quoties
1910 1588 2375 1653 tabellionatus
2446 1589 2727 1654 officium
2798 1591 3178 1657 conferendi
3246 1593 3522 1660 facultas
3593 1598 3728 1684 epi-

680 1720 874 1785 scopo
946 1695 1354 1782 Trajectensi
1426 1693 1730 1779 delegata
1797 1700 1934 1776 est,
1999 1693 2103 1756 vel
2165 1692 2579 1777 immediate,
2645 1695 2902 1780 quoties
2965 1695 3263 1762 dominus
3312 1699 3494 1786 Papa
3540 1722 3727 1787 prae·

680 1803 927 1869 dictum
976 1801 1257 1867 officium
1303 1798 1562 1863 cuidam
1608 1818 1927 1885 personae
1975 1797 2252 1862 idoneae
2297 1799 2438 1883 ipse
2487 1798 2844 1864 mandavit.
2926 1801 3055 1876 Qui
3102 1802 3226 1867 hoc
3274 1805 3466 1869 modo
3519 1807 3728 1871 tabel-

678 1909 966 1974 lionatus
1014 1907 1224 1972 officio
1270 1902 1566 1989 insigniti
1614 1908 1963 1967 occurrunt
2009 1902 2448 1987 Trajectensis
2486 1903 2861 1969 dioeceseos
2904 1906 3119 1970 clerici
3164 1916 3346 1973 sunt:
3397 1910 3726 1977 Henricus

679 2013 760 2078 de
831 2012 1077 2094 Haslo,
1149 2009 1472 2075 Geraldus
1541 2006 1902 2090 Naldekin,
1979 2006 2317 2072 Jobannes
2380 2006 2462 2072 de
2513 2008 2942 2093 Westrenen,
2994 2009 3333 2077 Jobannes
3382 2013 3595 2079 dictus
3644 2017 3725 2083 de

678 2117 1002 2199 Dulmen,
1066 2115 1428 2180 Wernerus
1492 2113 1573 2178 de
1640 2113 1887 2195 Heest‚
1952 2111 2282 2177 Henricus
2332 2111 2566 2197 Spiker
2613 2112 2694 2177 de
2741 2114 3074 2198 Arnhem‚
3125 2116 3464 2183 Jobannes
3514 2120 3726 2186 dictus

679 2221 825 2286 Wit
871 2221 953 2286 de
1001 2220 1341 2302 Embrica,
1389 2217 1700 2282 Nicolaus
1747 2215 2031 2299 Mudde,
2081 2216 2413 2280 Gerardus
2459 2217 2892 2302 Borgrevinc,
2940 2220 3279 2285 Jobannes
3327 2222 3724 2311 Salomonis,

685 2326 1023 2392 Jobannes
1073 2324 1400 2409 Spycman
1445 2321 1528 2385 de
1576 2322 1907 2406 Asperen,
1957 2319 2297 2386 Jobannes
2338 2320 2574 2387 Judoci
2607 2324 2886 2408 Triests,
2921 2324 3317 2391 Wilhelmus
3350 2328 3432 2393 de
3466 2329 3729 2395 Amers-

685 2430 930 2512 fordia,
994 2426 1378 2513 Reynaldus
1435 2425 1773 2491 Godefridi
1826 2424 1907 2489 de
1955 2424 2440 2510 Edingwerden
2488 2426 2700 2491 dictus
2749 2428 3144 2516 Scherpine,
3193 2432 3520 2497 Henricus
3570 2435 3731 2500 an-

685 2537 910 2617 liaert,
974 2531 1351 2598 Gherardus
1414 2529 1802 2615 Thenkippe
1866 2529 1948 2593 de
2013 2529 2394 2615 Doesburg,
2460 2531 2835 2596 Bernardus
2883 2534 3154 2599 Henrici
3202 2536 3284 2602 de
3330 2537 3729 2624 Daventria,

687 2640 1023 2706 Johannes
1086 2637 1215 2701 Pot
1278 2634 1361 2700 de
1424 2633 1822 2716 Arnhem.2)
1896 2632 2273 2718 Aliquando
2338 2634 2602 2700 tandem
2667 2636 2883 2701 media
2950 2639 3231 2724 quadam
3302 2644 3555 2707 ratione
3610 2645 3734 2710 hoc

689 2744 969 2809 officium
1041 2740 1322 2807 Romani
1390 2739 1746 2804 Pontifices
1817 2738 2066 2803 clericis
2141 2744 2404 2804 nostrae
2476 2740 2849 2806 dioeceseos
2899 2744 3307 2828 tribuerunt,
3367 2746 3733 2834 delegando

689 2869 923 2935 nempe
975 2847 1353 2933 episcopum
1405 2846 1511 2910 vel
1556 2845 1921 2932 praelatum
1972 2849 2400 2929 extraneum,
2450 2847 2561 2931 qui
2608 2865 2721 2908 eos
2768 2847 2883 2910 tali
2932 2869 3200 2914 munere
3251 2848 3545 2917 donaret.
3627 2854 3733 2920 Sic

686 2953 1090 3020 Bertrandus
1153 2951 1611 3017 Convenarum
1668 2949 2011 3036 episcopus
2072 2947 2362 3014 Jobanni
2411 2948 2826 3014 Goetschalci
2873 2950 2956 3016 de
3003 2952 3482 3039 Amersfordia,
3532 2958 3736 3024 Fran·

688 3060 895 3124 ciscus
966 3059 1309 3145 episcopus
1377 3054 1832 3122 Aurasicensis
1904 3054 2214 3139 Reynero
2282 3055 2362 3119 de
2425 3054 2711 3119 Bruenic
2767 3060 2835 3119 et
2882 3055 3287 3122 Theoderico
3337 3058 3734 3128 Gruitbudel

690 3163 771 3229 de
834 3162 1169 3244 Embrica,
1233 3162 1471 3226 Petrus
1535 3160 1780 3223 Villani
1847 3158 2108 3223 auditor
2168 3159 2419 3244 papalis
2485 3159 2684 3224 Petro
2748 3159 2891 3224 Kof
2930 3161 3180 3225 clericis
3227 3162 3539 3231 facultate
3591 3189 3736 3254 spe-

692 3269 940 3334 cialiter
1001 3267 1124 3332 sibi
1189 3267 1531 3331 commissa
1598 3265 2061 3329 tabellionatus
2111 3263 2390 3328 officium
2439 3264 2794 3329 contulisse
2841 3265 3150 3350 leguntur
3196 3270 3470 3352 (numm.
3526 3274 3734 3357 1762,

698 3375 903 3456 1850,
959 3373 1179 3455 1885).

918 3476 981 3541 J.
1084 3474 1386 3539 Testandi
1458 3474 1742 3556 facultas
1814 3479 2083 3557 erogata
2154 3478 2256 3536 est
2326 3474 2646 3559 episcopis
2716 3475 3005 3540 Jobanni
3077 3477 3159 3542 de
3230 3478 3461 3566 Syrick
3529 3486 3734 3564 (num.

699 3581 891 3664 400),
950 3579 1310 3645 Wilbelmo
1371 3576 1713 3641 Bertholdi
1770 3578 1976 3659 (num.
2028 3576 2190 3661 428)
2239 3578 2530 3643 Jobanni
2580 3577 2661 3643 de
2709 3578 2898 3644 Diest
2945 3583 3150 3664 (num.
3202 3585 3397 3668 616),
3446 3586 3737 3654 Johanni

697 3684 780 3749 de
846 3683 1130 3749 Pistorio
1202 3681 1449 3746 decano
1522 3680 1566 3744 S
1661 3680 2017 3745 Salvatoris
2090 3681 2363 3762 (numm.
2443 3684 2611 3746 1154
2683 3690 2751 3747 et
2827 3686 3061 3768 1229),
3134 3687 3441 3754 Swedero
3504 3692 3738 3759 Uterlo

699 3789 1068 3875 praeposito
1116 3785 1647 3871 Trajectensibus
1694 3786 1900 3867 (num.
1952 3786 2175 3865 2111).
2272 3785 2454 3858 Quae
2504 3786 2812 3870 facultas,
2869 3789 2992 3852 nisi
3042 3789 3262 3873 fallor,
3310 3792 3531 3860 indole
3580 3799 3740 3862 mihi

698 3892 941 3979 duplex
1003 3890 1297 3955 videtur:
1363 3889 1597 3975 partim
1662 3909 1829 3973 quae
1877 3889 1989 3972 jus
2036 3889 2446 3953 canonicum·
2474 3889 2586 3969 „de
2634 3895 3015 3956 testamentis
3058 3902 3118 3957 et
3165 3897 3409 3960 ultimis
3454 3901 3746 3965 volunta-

701 3995 901 4061 tibus⁹²
934 3996 989 4080 3)
1051 3994 1414 4080 generatim
1480 3993 1745 4074 statuit,
1810 3993 2122 4075 majorem
2183 3993 2265 4057 ad
2335 3995 2607 4059 tutelam
2664 3996 3034 4080 specialiter
3081 3999 3453 4081 confirmat3
3502 4005 3744 4091 partim

699 4121 851 4165 vero
914 4120 1156 4164 novum
1222 4108 1289 4163 et
1351 4118 1735 4182 expressum
1798 4096 2124 4181 quendam
2188 4097 2511 4181 significat
2574 4099 2879 4164 favorem.
2974 4101 3295 4166 Poterant
3353 4107 3526 4170 enim
3575 4109 3743 4193 epis·

702 4206 880 4291 copi,
929 4203 1233 4289 idemque
1271 4204 1383 4287 Jus
1431 4199 1605 4286 quod
1654 4199 1734 4264 ad
1784 4205 2077 4264 caeteros
2126 4201 2394 4265 clericos
2440 4202 2659 4287 viget,
2710 4202 2791 4267 de
2839 4204 3027 4268 bonis
3060 4207 3193 4270 suis
3226 4210 3501 4294 propriis
3535 4211 3742 4277 libere

703 4309 946 4374 testari.
1042 4307 1226 4382 Quae
1303 4305 1603 4392 „propria
1674 4303 1887 4367 bona’'
1960 4305 2138 4368 varie
2208 4304 2731 4390 distinguuntur:
2797 4309 2893 4372 uti
2959 4310 3476 4396 patrimonialia,
3525 4314 3747 4379 indus·

703 4414 949 4494 trialia,
1020 4409 1427 4476 haereditate
1490 4409 1809 4494 acquisita
1869 4414 2031 4490 etc.,
2097 4409 2294 4472 immo
2360 4411 2557 4474 etiam
2622 4419 2698 4475 ut
2763 4414 2919 4478 talia
2983 4414 3231 4479 fructus
3281 4416 3747 4483 beneficiorum

703 4516 1192 4605 parsimoniales
1255 4519 1554 4579 recenset
1614 4513 1696 4577 D.
1762 4512 2047 4576 Thomas
2103 4513 2400 4597 Aquinas
2425 4515 2500 4597 4).
2597 4515 2784 4580 Circa
2841 4517 3124 4604 propria‘
3148 4519 3525 4604 hujusmodi
3574 4522 3749 4588 bona

706 4621 1037 4708 quaelibet
1096 4640 1214 4706 per
1277 4623 1742 4682 testamentum
1809 4616 2148 4701 dispositio
2208 4617 2457 4682 clericis
2508 4620 2734 4706 utique
2780 4621 2971 4704 licet,
3038 4624 3310 4709 ejusque
3360 4625 3746 4712 diplomata,

709 4725 942 4812 quibus
1013 4724 1287 4789 facultas
1357 4721 1644 4787 testandi
1716 4719 2132 4803 conceditur,
2197 4722 2384 4785 initio
2448 4744 2825 4808 expressam
2881 4725 3130 4790 faciunt
3178 4729 3600 4795 mentionem.
3699 4729 3751 4793 E

708 4829 1029 4894 contrario
1093 4827 1174 4892 de
1237 4827 1427 4891 bonis
1488 4846 1604 4912 per
1667 4825 2007 4889 ecclesiam
2075 4826 2446 4910 acquisitis,
2507 4848 2674 4913 quae
2723 4828 2850 4893 alio
2899 4831 3162 4895 nomine
3219 4832 3506 4912 „fructus
3555 4834 3752 4899 bene-

708 4934 950 4999 ficiales
1022 4930 1374 5017 superflui'’
1438 4935 1791 5011 vocantur,
1861 4929 2037 4992 nullo
2098 4928 2330 5013 modo,
2401 4951 2522 4995 nec
2587 4932 2785 4996 etiam
2850 4931 2932 4996 ad
2996 4934 3135 5019 pias
3200 4957 3459 5020 causae,
3527 4939 3754 5002 testari

709 5043 983 5124 possunt
1043 5036 1294 5118 clerici,
1359 5033 1473 5099 sed
1545 5054 1786 5119 „penes
1847 5033 2151 5097 ecclesias
2213 5033 2445 5098 eadam
2508 5036 2681 5100 bona
2727 5037 3107 5120 remanere''
3142 5041 3194 5123 5)
3242 5040 3753 5127 praecipiuntur.

710 5140 858 5206 Jam
922 5160 1074 5205 vero
1139 5138 1219 5203 de
1282 5139 1460 5203 hisce
1523 5138 1712 5202 bonis
1777 5136 2231 5202 ecclesiasticis
2288 5139 2637 5226 praecipue
2687 5141 2905 5226 agitur
2950 5142 3021 5205 in
3067 5142 3377 5208 facultate
3428 5144 3754 5210 testandi:

874 5521 932 5579 1)
969 5520 1222 5584 Ducauge
1261 5517 1579 5567 Glossarium
1615 5517 1647 5567 i.
1684 5532 1732 5566 ν.
2065 5516 2120 5577 2)
2158 5518 2374 5569 Numm.
2411 5521 2639 5583 reperies
2675 5519 2933 5571 indicatos
2969 5522 3023 5571 in
3063 5521 3244 5572 Indice
3280 5536 3477 5573 rerum.

877 5600 934 5664 3)
970 5601 1172 5651 Deerat.
1211 5600 1360 5664 Greg.
1399 5599 1510 5649 Lib.
1552 5599 1641 5648 111.
1676 5597 1779 5648 Tit.
1815 5597 2004 5648 xxvl.
2040 5614 2186 5662 capp.
2222 5598 2279 5661 1,
2317 5598 2369 5664 7,
2406 5599 2462 5664 8,
2497 5600 2577 5651 12.

880 5681 934 5745 4)
972 5682 1173 5731 Summa
1209 5680 1486 5744 theologica
1522 5680 1591 5730 11.
1627 5692 1686 5729 11.
1723 5679 1822 5738 Qu.
1858 5678 1957 5729 185
1991 5685 2091 5730 art.
2127 5680 2243 5729 vll.
2578 5682 2633 5746 5)
2670 5682 2874 5734 Decret.
2910 5682 3061 5748 Greg.
3097 5683 3170 5734 l.l.
3205 5698 3318 5748 cap.
3356 5683 3402 5736 7.

3831 3491 4056 3542 Facultas

3830 3561 4064 3610 testandi.
