4450 6684
1843 508 2171 571 Usamus
2219 507 2301 571 V.
3479 508 3606 571 155

761 730 1071 797 Urbanus
1135 731 1517 817 episcopus,
1581 750 1809 795 servus
1872 749 2209 794 servorum
2274 728 2436 810 Dei,
2502 729 2864 794 venerabili
2926 728 3110 793 fratri
3172 776 3188 792 .
3216 777 3232 793 .
3299 729 3605 818 episcopo

534 838 890 906 Leodiensi
953 845 1021 904 et
1084 837 1339 904 dilectis
1402 838 1552 902 filiis
1619 885 1633 901 .
1663 884 1679 900 .
1742 835 1965 902 abbati
2013 836 2393 901 monasterii
2442 836 2652 900 sancti
2701 835 2889 900 Petri
2937 835 3309 901 Gandensis
3356 836 3605 902 Torna-

534 948 748 1011 censis
795 946 1073 1012 diocesis
1119 967 1196 1010 ac
1246 995 1260 1010 .
1292 994 1306 1009 .
1357 944 1608 1010 decano
1657 943 1863 1008 sancti
1913 942 2204 1027 Agricoli
2252 942 2725 1006 Avinionensis
2757 942 3039 1007 salutem
3070 948 3139 1006 et
3173 944 3600 1028 apostolicam

533 1058 1084 1125 benedictionem.

757 1166 1010 1234 Peticio
1085 1162 1471 1227 dilectorum
1537 1160 1561 1240 ΙΙ
1624 1157 1902 1220 filiorum
1977 1155 2283 1240 Hugonis
2346 1155 2604 1221 abbatis
2667 1162 2734 1220 et
2795 1164 3160 1223 conventus
3216 1159 3599 1223 monasterii

531 1272 1012 1358 Egmondensis
1060 1268 1305 1335 ordinis
1352 1266 1559 1332 sancti
1607 1262 1984 1343 Benedicti,
2032 1262 2475 1347 Trajectensis
2518 1261 2828 1343 diocesis,
2878 1265 3067 1329 nobis
3108 1266 3405 1331 exhibita
3451 1288 3605 1331 con-

534 1384 822 1450 tinebat.
882 1379 1092 1466 quod,
1140 1378 1298 1441 licet
1346 1374 1500 1438 olim
1549 1391 1745 1456 super
1790 1369 2124 1434 nonnullis
2171 1368 2463 1433 articulis
2513 1370 2581 1433 in
2631 1369 2910 1456 quadam
2960 1392 3158 1435 causa
3202 1372 3376 1437 inter
3425 1374 3601 1457 ipsos

532 1496 600 1555 et
646 1489 1016 1554 Johannem
1058 1481 1387 1550 Waltheri
1436 1479 1517 1545 de
1561 1476 1903 1564 Egmonda
1948 1482 2180 1539 natum
2225 1474 2288 1558 lff,
2335 1477 2610 1541 militem
2652 1477 2825 1543 dicte
2868 1478 3174 1561 diocesis,
3229 1501 3426 1566 super
3465 1481 3606 1568 qui-

531 1595 808 1659 busdam
859 1594 1083 1674 terris,
1140 1589 1383 1678 prediis
1431 1593 1499 1654 et
1546 1587 1741 1651 rebus
1789 1584 1934 1650 aliis
1983 1605 2199 1648 coram
2249 1591 2428 1649 certo
2483 1584 2782 1650 auditore
2831 1587 2900 1651 in
2947 1588 3192 1672 palatio
3242 1590 3600 1673 apostolico

525 1701 855 1788 pendente
912 1701 1084 1765 datis
1130 1697 1425 1764 remissio
1476 1693 1557 1759 ad
1606 1700 1826 1779 partes
1874 1691 1952 1756 ad
2005 1691 2416 1776 probandum
2465 1692 2774 1758 articulos
2821 1694 3197 1778 hujusmodi
3247 1695 3328 1760 ad
3378 1704 3590 1763 certos

522 1809 782 1893 judices
830 1808 1220 1873 auctoritate
1269 1802 1627 1890 apostolica
1674 1799 1848 1864 facta
1894 1798 2126 1863 fuisset
2168 1804 2238 1862 et
2268 1812 2386 1884 per
2421 1797 2668 1864 dictum
2701 1800 3095 1884 auditorem,
3147 1803 3257 1887 qui
3291 1805 3599 1871 articulos

516 1916 706 2008 ‚ipsos
767 1915 1060 1995 inclusit,
1126 1911 1423 2000 partibus
1484 1910 1643 1994 ipsis
1691 1905 2002 1971 hincinde
2049 1905 2172 1969 sub
2220 1906 2416 1970 certis
2465 1907 2653 1991 penis
2698 1907 3052 1972 inhibitum
3102 1910 3462 1993 extitisset,
3513 1933 3599 1978 ne

531 2024 828 2088 alterutri
899 2022 1189 2107 parcium
1259 2015 1636 2084 earumdem
1707 2015 1835 2079 alia
1902 2015 1972 2077 in
2044 2013 2178 2077 suis
2245 2014 2524 2078 testibus
2586 2013 3024 2099 producendis
3087 2017 3436 2103 impediret
3495 2021 3602 2087 vel

531 2128 791 2216 aliquod
854 2126 1398 2213 impedimentum
1465 2127 1824 2209 prestaret,
1875 2122 2226 2205 quominus
2275 2120 2696 2205 probationes
2744 2121 3053 2187 hincinde
3101 2123 3242 2188 fieri
3290 2134 3596 2211 possent,

531 2241 751 2299 tamen
803 2234 1095 2320 prefatus
1144 2231 1330 2296 miles
1371 2226 1822 2314 multipliciter
1853 2224 2227 2311 impedivit,
2283 2226 2629 2310 quominus
2661 2227 2859 2291 iidem
2893 2228 3095 2294 abbas
3128 2235 3196 2293 et
3229 2241 3593 2297 conventus

539 2340 890 2405 nonnullos
940 2345 1171 2419 testes,
1221 2358 1385 2423 quos
1428 2333 1786 2422 producere
1822 2332 2161 2411 volebant,
2196 2330 2557 2417 producere
2590 2339 2887 2417 possent,
2924 2340 2990 2397 et
3023 2334 3445 2401 nihilominus
3478 2359 3596 2423 per

530 2467 682 2511 suos
728 2446 1078 2510 familiares
1126 2449 1196 2508 et
1243 2441 1560 2506 satellites
1609 2436 2000 2502 domesticos
2054 2457 2129 2501 ac
2169 2437 2518 2501 continuos
2560 2440 3029 2504 commensales
3070 2447 3268 2527 atque
3307 2442 3597 2508 fautores

530 2551 859 2637 quondam
924 2551 1280 2635 Hugonem
1343 2545 1666 2611 Johannis
1729 2543 1810 2608 de
1860 2544 2137 2609 Lumme
2166 2543 2220 2624 ¹)
2266 2543 2541 2625 laicum,
2592 2548 2827 2608 testem
2873 2566 2990 2631 pro
3038 2554 3223 2632 parte
3273 2547 3597 2613 dictorum

527 2658 786 2722 abbatis
833 2664 902 2723 et
950 2661 1313 2721 conventus
1361 2652 1782 2739 productum,
1832 2656 2178 2735 postquam
2227 2650 2312 2713 ab
2360 2670 2438 2713 eo
2481 2648 2563 2714 de
2602 2651 2881 2716 veritate
2918 2651 3198 2717 dicenda
3227 2674 3345 2739 per
3375 2653 3585 2719 dictos

520 2764 779 2849 judices
843 2769 1178 2849 receptum
1225 2763 1677 2846 juramentum
1726 2757 1977 2838 fuerat,
2027 2762 2382 2841 antequam
2428 2756 2498 2819 in
2546 2777 2742 2821 causa
2784 2758 2929 2843 ipsa
2977 2758 3422 2846 deposuisset,
3472 2783 3591 2848 pu-

527 2871 696 2935 blice
758 2868 1092 2935 interfecit
1146 2867 1567 2953 prefatosque
1614 2864 1923 2928 abbatem
1972 2869 2040 2928 et
2088 2869 2487 2927 conventum
2538 2865 2920 2929 successivis
2969 2867 3372 2951 temporibus
3417 2869 3593 2933 ultra

531 2976 659 3042 duo
708 2977 891 3042 milia
936 2977 1330 3041 florenorum
1379 2972 1519 3037 auri
1567 2970 2058 3057 dampnificavit
2104 2971 2541 3056 grangiasque
2589 2971 2825 3057 prefati
2860 2975 3237 3038 monasterii
3270 2980 3338 3039 et
3368 2996 3595 3060 quam-

526 3085 748 3171 plures
814 3083 1040 3149 domos
1102 3083 1306 3169 ipsius
1366 3101 1440 3144 ac
1489 3079 1795 3144 animalia
1841 3083 1911 3143 et
1958 3078 2087 3143 alia
2131 3077 2309 3142 bona
2356 3077 2615 3143 diversa
2661 3079 2729 3143 in
2777 3078 3024 3145 eisdem
3073 3079 3373 3147 domibus
3420 3084 3593 3149 exis-

527 3191 744 3256 tencia
814 3210 1072 3255 necnon
1144 3186 1473 3274 quoddam
1543 3186 2028 3268 molendinum,
2101 3184 2182 3249 ad
2248 3185 2424 3271 ipsos
2488 3185 2795 3251 abbatem
2856 3192 2924 3252 et
2970 3194 3364 3254 conventum
3403 3192 3588 3275 justo

528 3299 720 3362 titulo
785 3298 1160 3384 pertinens,
1225 3297 1394 3380 ignis
1459 3292 1762 3359 incendio
1826 3294 2269 3358 concremavit
2340 3315 2414 3358 ac
2479 3293 2809 3380 quondam
2861 3295 3227 3360 Arnoldum
3276 3297 3356 3361 dc
3405 3299 3589 3365 Driel

526 3405 807 3489 priorem
856 3402 1270 3468 claustralem
1319 3401 1477 3466 dicti
1526 3401 1904 3464 monasterii
1953 3399 2123 3463 infra
2168 3421 2389 3464 muros
2438 3406 2506 3465 et
2554 3406 2742 3486 septa
2781 3402 2985 3487 ipsius
3025 3405 3402 3470 monasterii
3443 3427 3588 3472 cru-

526 3508 761 3574 deliter
808 3509 1076 3592 occidit,
1125 3509 1381 3595 prefato
1430 3509 1635 3572 milite
1686 3508 1903 3571 omnia
1945 3506 2088 3571 fieri
2129 3505 2482 3572 mandante
2526 3528 2733 3593 eaque
2774 3528 2893 3572 suo
2935 3510 3198 3575 nomine
3236 3510 3409 3576 facta
3447 3519 3591 3579 rata

525 3616 812 3681 habente
862 3622 929 3680 et
975 3623 1283 3703 accepta;
1344 3621 1619 3702 ortaque
1668 3622 2018 3701 propterea
2065 3613 2240 3679 inter
2287 3614 2552 3679 eosdem
2600 3616 2910 3681 abbatem
2958 3623 3025 3681 et
3071 3625 3468 3684 conventum
3515 3642 3591 3685 ac

524 3722 797 3788 militem
846 3724 1119 3789 materia
1169 3723 1566 3808 questionis,
1633 3742 1752 3786 nos
1802 3720 2163 3785 venerabili
2211 3721 2396 3784 fratri
2444 3727 2666 3785 nostro
2714 3722 3052 3788 Bernardo
3102 3726 3588 3813 archiepiscopo

522 3830 997 3915 NeapolitanO,
1065 3837 1224 3896 tunc
1284 3830 1624 3917 capellano
1682 3836 1906 3893 nostro
1958 3835 2027 3893 et
2075 3828 2364 3892 auditori
2414 3850 2756 3894 causarum
2803 3831 3038 3917 palacii
3086 3834 3462 3918 apostolici,
3513 3833 3596 3898 ad

520 3938 910 4002 instanciam
956 3937 1279 4001 dictorum
1328 3937 1585 4002 abbatis
1633 3942 1701 4001 et
1748 3941 2115 4000 conventus
2163 3936 2631 4018 commisimus,
2683 3944 2757 4000 ut
2804 3958 3097 4020 causam,
3147 3960 3341 4025 quam
3389 3939 3589 4005 iidem

524 4044 726 4107 abbas
774 4050 842 4108 et
890 4050 1254 4108 conventus
1302 4050 1531 4108 contra
1561 4043 1886 4128 prefatum
1923 4042 2197 4106 militem
2232 4048 2300 4106 et
2331 4043 2494 4107 alios
2529 4042 2848 4119 fautores,
2898 4065 3016 4129 pro
3047 4050 3233 4130 parte
3267 4045 3590 4111 dictorum

522 4149 783 4213 abbatis
830 4156 899 4214 et
946 4156 1311 4215 conventus
1359 4151 1429 4214 in
1476 4150 1686 4237 prima
1734 4150 2047 4214 citatione
2097 4147 2567 4230 nominandos,
2628 4169 2828 4235 super
2872 4151 3203 4236 premissis
3252 4158 3320 4216 et
3366 4174 3589 4218 eorum

525 4260 865 4323 occasione
913 4280 1177 4324 movere
1224 4258 1687 4339 intendebant,
1739 4258 1997 4321 audiret
2048 4263 2115 4321 et
2161 4257 2293 4321 fine
2344 4255 2566 4321 debito
2609 4257 3020 4339 terminaret,
3070 4279 3201 4323 non
3244 4261 3579 4344 obstante,

521 4363 697 4449 quod
770 4385 964 4430 causa
1033 4366 1176 4451 ipsa
1246 4366 1327 4430 de
1398 4367 1497 4429 sui
1564 4370 1799 4429 natura
1861 4363 1942 4428 ad
2010 4365 2377 4428 Romanam
2443 4364 2688 4427 curiam
2755 4362 3066 4429 devoluta
3113 4373 3180 4429 et
3226 4366 3398 4453 apud
3448 4389 3591 4432 eam

526 4470 870 4535 tractanda
917 4478 985 4536 et
1033 4470 1323 4536 finienda
1370 4492 1502 4535 non
1552 4478 1762 4550 esset,
1825 4477 1893 4534 et
1941 4469 2113 4555 quod
2163 4490 2234 4534 se
2282 4468 2365 4532 de
2413 4470 2744 4555 premissis
2791 4471 3206 4553 informaret,
3257 4480 3323 4536 et
3370 4476 3423 4537 si
3471 4495 3590 4561 per

521 4578 1052 4644 informationem
1123 4578 1497 4663 hujusmodi
1570 4579 1920 4664 reperiret,
1997 4577 2245 4642 dictum
2315 4578 2591 4643 militem
2653 4584 2721 4643 et
2769 4580 2966 4661 alios,
3032 4586 3104 4644 ut
3150 4583 3587 4667 premittitur,

524 4683 956 4749 nominandos
1029 4683 1110 4748 de
1180 4685 1306 4749 hiis
1375 4684 1636 4771 publice
1707 4683 2111 4764 diffamatos,
2180 4682 2463 4748 eundem
2527 4684 2801 4750 militem
2867 4693 2935 4750 et
2981 4708 3101 4752 sex
3148 4709 3232 4753 ex
3279 4688 3589 4774 predictis

520 4790 887 4856 fautoribus
956 4813 1073 4879 pro
1144 4801 1331 4878 parte
1394 4791 1716 4856 dictorum
1781 4790 2039 4855 abbatis
2113 4797 2181 4855 et
2242 4798 2607 4855 conventus
2661 4793 2733 4856 in
2779 4794 2986 4879 primo
3035 4795 3332 4860 citatorio
3381 4798 3587 4861 nomi-

521 4897 811 4980 nandos,
874 4906 948 4962 ut
1014 4919 1229 4963 coram
1294 4919 1373 4962 eo
1420 4898 1852 4984 personaliter
1898 4904 2389 4984 comparerent,
2438 4905 2629 4963 extra
2675 4900 3042 4964 Romanam
3090 4903 3333 4966 curiam
3382 4911 3449 4966 et
3497 4902 3581 4967 ad

520 5011 744 5092 partes
807 5007 1009 5070 citare
1073 5010 1329 5092 posset,
1393 5006 1705 5092 quociens
1772 5026 1934 5091 opus
2000 5010 2196 5069 esset.
2290 5005 2609 5092 Idemque
2658 5006 3034 5071 Bernardus
3084 5014 3239 5072 tunc
3286 5009 3581 5092 auditor,

521 5133 717 5199 super
780 5112 904 5176 hiis
968 5113 1316 5177 summaria
1379 5112 1839 5177 informatione
1902 5119 2201 5200 recepta,
2269 5113 2423 5199 quia
2470 5133 2589 5199 per
2632 5113 3162 5179 informationem
3211 5114 3585 5200 hujusmodi

522 5220 792 5305 reperit,
842 5218 1091 5284 dictum
1138 5219 1414 5283 militem
1459 5239 1717 5283 necnon
1756 5216 2122 5283 Gerardum
2155 5217 2404 5282 dictum
2437 5219 2802 5301 Rubizant,
2850 5220 3302 5285 Hermannum
3338 5220 3583 5286 dictum

517 5325 921 5408 Valkenaer,
995 5326 1337 5391 Nicolaum
1408 5325 1490 5391 de
1559 5325 1919 5411 Naeldwyc
1985 5331 2053 5390 et
2115 5324 2484 5390 Arnoldum
2553 5326 2798 5391 dictum
2860 5325 3084 5391 Wilde
3144 5329 3344 5393 laicos
3408 5329 3581 5396 dicte

519 5431 795 5496 diocesis
841 5431 924 5496 de
970 5433 1304 5519 premissis
1350 5433 1611 5518 publice
1658 5429 2060 5512 diffamatos,
2111 5431 2377 5496 eosdem
2417 5433 2693 5496 militem
2735 5438 2802 5497 et
2840 5432 3038 5497 laicos
3079 5432 3160 5496 ad
3199 5435 3579 5500 instantiam

517 5539 813 5623 magistri
882 5537 1152 5603 Andree
1221 5538 1305 5603 de
1376 5538 1795 5622 Groningen,
1859 5538 2301 5623 procuratoris
2365 5537 2688 5602 dictorum
2755 5537 3010 5602 abbatis
3065 5545 3133 5602 et
3178 5547 3575 5624 conventus,

517 5666 734 5711 coram
801 5665 879 5709 eo
940 5645 1011 5709 in
1048 5644 1300 5730 judicio
1349 5644 1819 5732 comparentis,
1883 5664 2001 5731 per
2049 5666 2200 5709 suas
2250 5646 2411 5710 certi
2461 5645 2706 5709 tenoris
2753 5644 3007 5710 litteras
3056 5646 3242 5710 citari
3288 5646 3444 5711 fecit
3490 5645 3574 5710 ad
