4450 6684
808 574 938 640 118
1799 674 1808 685 ι
2026 574 2488 641 mooun-nus
2531 574 2654 643 VI.

793 791 990 861 1683.
1758 796 1969 879 1362,
2017 793 2337 860 Januarii
2379 795 2499 879 22,
2547 794 2915 860 Avenionis.

1110 949 1394 1015 Henrico
1424 949 1501 1014 de
1533 948 1707 1014 Ziele
1737 950 1959 1014 clerico
1993 948 2174 1031 Traj.
2209 947 2403 1013 dioec.
2437 954 2799 1013 reservatur
2831 947 3192 1031 beneficium
3220 952 3355 1014 sine
3384 970 3545 1014 cura
3573 957 3862 1034 spectans

1022 1057 1109 1122 ad
1169 1057 1637 1142 dispositionem
1702 1056 1975 1140 capituli
2036 1055 2103 1119 S.
2172 1053 2361 1118 Petri
2413 1052 2596 1135 TraJ'.
2644 1060 2705 1119 et
2748 1055 2838 1120 18
2883 1075 3249 1120 marcarum
3293 1056 3545 1140 arqenti
3588 1055 3869 1120 valorem

1017 1184 1305 1229 annuum
1349 1184 1473 1228 non
1521 1161 1833 1227 excedens.
1885 1198 1968 1210 -—
2017 1160 2435 1247 Deputantur
2480 1166 2871 1246 executores,
2932 1162 3101 1227 inter
3147 1181 3303 1247 quos
3352 1161 3743 1227 Giselbertus
3792 1161 3869 1226 de

1034 1268 1132 1334 Va
1140 1268 1427 1335 lenborch
1474 1270 1809 1333 canonicus
1866 1266 2049 1351 Traj.

1020 1451 1461 1538 Exigentibus
1508 1456 1644 1515 tue.
1675 1498 1690 1514 .
1722 1498 1737 1514 .
1767 1498 1783 1515 .
1833 1449 1987 1515 Dat.
2034 1448 2400 1532 Avinione,
2447 1447 2551 1514 XI
2599 1447 2709 1514 Kl.
2758 1447 3136 1534 Februarii,
3183 1470 3360 1515 anuo
3408 1448 3688 1515 decimo.

1222 1584 1344 1648 περ.
1378 1585 1473 1636 Ao.
1519 1585 1575 1633 T.
1608 1581 1699 1646 28,
1725 1584 1788 1647 s.
1823 1580 1961 1634 3962.

787 2008 986 2077 1684.
1815 2003 2024 2086 1362,
2072 2002 2311 2069 Martii
2356 2006 2398 2069 4
2418 2053 2436 2087 ,
2482 2004 2847 2070 Avenionis.

1096 2162 1343 2228 Judoeo
1396 2161 1474 2226 de
1518 2159 1927 2244 Zomerqhem
1976 2160 2134 2223 laico
2180 2164 2240 2222 et
2289 2156 2543 2224 Mariae
2586 2162 2722 2243 q‘us
2766 2159 2960 2224 umori
3013 2156 3195 2242 Trai.
3241 2158 3432 2224 dioec.
3481 2159 3847 2226 conceditur

994 2271 1406 2362 privileqium
1441 2268 1779 2353 plenariae
1821 2273 2219 2351 peccatorum
2263 2267 2648 2332 remissionis
2697 2269 2763 2331 in
2808 2267 3087 2331 articulo
3132 2268 3376 2332 mortis.

1008 2455 1328 2521 Provenit
1376 2474 1481 2519 ex.
1513 2500 1529 2516 .
1559 2500 1574 2516 .
1601 2500 1617 2516 .
1668 2452 1821 2517 Dat.
1872 2450 2238 2533 Avinione,
2286 2447 2429 2513 IIII
2474 2448 2647 2514 Non.
2694 2448 2955 2533 Marcii,
3005 2468 3179 2514 anno
3228 2446 3507 2514 decimo.

1211 2589 1336 2652 Rey.
1371 2589 1471 2638 Δυ.
1514 2589 1565 2636 T.
1603 2583 1696 2651 ᾗ,
1721 2587 1785 2650 s.
1816 2583 1930 2635 584.

780 3010 975 3078 1685.
1784 3008 2006 3090 1362,
2052 3005 2310 3090 Aprilis
2354 3006 2429 3088 5,
2475 3002 2841 3068 Avenionis.

1092 3165 1358 3231 Alberto
1400 3164 1476 3229 de
1518 3163 1582 3229 A
1619 3170 1927 3249 perpetuo
1971 3163 2207 3226 vicario
2251 3162 2322 3225 in
2367 3159 2620 3224 ecclesia
2667 3158 2723 3223 b.
2764 3157 2955 3224 Petri
2992 3157 3174 3243 Traj.
3206 3157 3371 3223 idem
3388 3159 3825 3244 privileqium.

1005 3346 1324 3412 Provenit
1370 3367 1477 3411 ex.
1506 3392 1523 3410 .
1550 3394 1566 3409 .
1597 3392 1613 3409 .
1662 3345 1815 3410 Dat.
1866 3342 2237 3424 Avinione,
2284 3339 2459 3407 Non.
2508 3338 2790 3428 Aprilis,
2838 3361 3013 3407 anno
3064 3339 3340 3407 decimo.

1201 3481 1325 3544 Περ.
1360 3482 1458 3529 Ao.
1503 3481 1556 3529 T.
1593 3476 1689 3536 28,
1711 3479 1776 3542 s.
1809 3475 1925 3527 594.

727 3881 732 3887 ’
777 3899 975 3983 1686.
1781 3900 1993 3981 1362,
2041 3897 2304 3983 Aprilis
2352 3898 2431 3981 7,
2478 3897 2844 3961 Avenionis.

1094 4053 1227 4119 Pro
1271 4052 1490 4118 abbate
1533 4060 1593 4117 et
1636 4059 1937 4117 conventu
1983 4052 2350 4116 monasterii
2394 4049 2851 4136 Eqmondensis
2897 4047 3308 4134 infrascripti
3352 4049 3439 4114 ad
3486 4049 3828 4114 triennium

997 4158 1390 4245 deputantur
1435 4148 1919 4224 conservatores.

1005 4341 1281 4406 Dilectis
1311 4341 1463 4405 filiis
1510 4388 1524 4403 .
1545 4387 1560 4404 .
1603 4338 1831 4405 abbati
1861 4338 2245 4404 monasterii
2278 4339 2488 4403 sancti
2519 4337 2861 4404 Michaelis
2891 4336 3412 4423 Antwerpiensis
3446 4341 3516 4401 et
3549 4384 3565 4401 .
3584 4381 3603 4400 .
3636 4334 3848 4401 sancti

782 4449 1140 4515 Donatiani
1198 4449 1557 4535 Brugensis
1591 4450 1644 4532 ¹)
1720 4447 2207 4513 Cameracensis
2273 4452 2342 4512 et
2404 4445 2840 4512 Tornaoensis
2904 4444 3264 4510 diocesium
3326 4465 3401 4510 ae
3463 4441 3855 4510 Leodiensis

784 4555 1205 4619 ecclesiarum
1252 4552 1517 4619 decanis
1566 4554 1855 4620 salutem
1902 4561 2011 4617 etc.

1003 4660 1321 4725 Militanti
1368 4660 1662 4725 ecclesie.
1691 4707 1707 4724 .
1739 4707 1753 4722 .
1783 4706 1799 4724 .
1852 4659 2003 4723 Dat.
2054 4657 2422 4740 Avinione,
2469 4656 2606 4724 VII
2650 4656 2751 4722 Id.
2802 4656 3088 4743 Aprilis,
3135 4676 3310 4722 anno
3359 4654 3636 4721 decimo.

1197 4794 1323 4856 Rec-
1356 4795 1451 4842 Ao.
1499 4794 1553 4842 T.
1587 4790 1679 4854 29,
1707 4793 1768 4856 s.
1802 4790 1918 4842 521.

931 4921 990 4987 1)
1027 4920 1198 4972 Codex
1234 4920 1421 4971 habet:
1460 4920 1765 4986 Burgensis.

780 5343 969 5413 1687.
1762 5344 1979 5426 1362,
2031 5342 2288 5427 Aprilis
2333 5343 2460 5426 13,
2508 5342 2872 5408 Avenionis.

1091 5496 1427 5562 Frederico
1489 5494 1800 5560 Kummer
1863 5494 2283 5578 conferuntur
2327 5496 2733 5558 canonicatus
2752 5541 2769 5576 ,
2819 5489 3187 5576 praebenda
3233 5495 3294 5555 et
3336 5489 3839 5573 supplementum

1008 5606 1293 5670 ecclesiae
1337 5604 1811 5668 Daventriensis
1826 5650 1843 5685 ,
1880 5623 2010 5688 pro
2044 5601 2272 5688 quibus
2303 5622 2443 5666 cum
2477 5599 2767 5665 Gerardo
2799 5598 2877 5663 de
2906 5596 3041 5662 Ena
3067 5596 3497 5682 parochialem
3527 5596 3841 5661 ecclesiam

1005 5713 1076 5776 in
1120 5711 1354 5775 Almen
1407 5707 1587 5792 Traj.
1638 5708 1826 5774 dioec.
1865 5711 2127 5794 putavit
2159 5706 2679 5794 permutandam.
2730 5741 2813 5753 —
2862 5703 3278 5790 Deputantur
3323 5710 3698 5768 executores.
