4450 6684
586 4743 636 4776 16

432 4795 678 4862 portatile.

752 542 850 588 11.
2036 522 2528 595 Ismenon-no,

753 739 1051 807 Gerardo
1112 744 1387 827 (numm.
1452 742 1960 826 1069-1070),
2024 739 2317 809 Johanni
2377 745 2632 831 Persyn
2687 750 2757 810 et
2801 744 2846 810 J
2849 744 3094 810 ohanni
3142 743 3225 810 66
3270 743 3594 811 Abcoude
3640 745 3810 810 mili·

754 845 934 911 tibus
1002 866 1078 911 ac
1147 845 1490 933 utriusque
1559 847 1827 933 conJ‘ugi
1893 847 2168 930 (numm.
2247 848 2755 931 1110-1111),
2824 847 3116 913 «Iohanni
3186 847 3269 914 66
3328 847 3538 915 Arkel
3599 851 3808 935 (num.

760 950 962 1033 1522)
1009 955 1209 1037 atque
1255 950 1400 1016 aliis
1445 949 1910 1037 compluribus.
1982 949 2228 1015 Similis
2274 972 2421 1016 cum
2462 951 2759 1038 personis
2797 952 3257 1018 ecclesiasticis
3295 951 3538 1038 agendi
3578 951 3813 1019 modus

752 1059 1046 1141 apparet.
1096 1051 1289 1129 Quod
1333 1059 1532 1119 antea
1574 1053 1786 1119 solum
1831 1054 2142 1140 praelatis
2184 1054 2511 1141 primariis
2556 1056 2836 1122 conferri
2880 1056 3138 1121 solebat
3181 1055 3597 1144 privilegium
3618 1105 3637 1139 ,
3687 1057 3814 1142 [uti

743 1159 886 1244 jam
934 1157 1323 1245 supradictis
1368 1162 1439 1223 61
1482 1158 1753 1244 insuper
1796 1157 2089 1224 Henrico
2137 1156 2221 1224 66
2265 1158 2572 1225 Mierlaer
2615 1160 2989 1247 praeposito
3020 1160 3465 1245 Trajectensi,
3518 1159 3813 1225 «Iohanni

756 1259 838 1326 de
886 1260 1067 1348 Oeye
1114 1261 1338 1327 abbati
1386 1262 1453 1328 S.
1501 1262 1734 1345 Pauli,
1781 1262 1984 1328 Petro
2032 1261 2213 1327 Hoec
2261 1268 2331 1327 et
2381 1263 2672 1329 Henrico
2716 1264 2955 1329 Braem
3004 1263 3357 1329 abbatibus
3403 1261 3826 1355 Middelburq

754 1365 1099 1450 gensibus,
1147 1365 1522 1432 Avezoetae
1554 1365 1925 1432 abbatissae
1957 1366 2338 1432 monasterii
2369 1366 2901 1433 cisterciensium
2935 1366 3018 1433 de
3049 1367 3245 1454 Haga
3282 1369 3556 1450 (numm.
3598 1367 3768 1431 1425
3789 1415 3810 1452 ,

760 1470 969 1552 1605,
1022 1472 1231 1555 1671,
1280 1473 1494 1554 2181,
1543 1471 1826 1556 2100)],
1873 1470 2048 1536 16616
2097 1470 2502 1558 quibuslibet
2547 1475 2689 1536 tum
2734 1470 2986 1536 clericis
3030 1491 3177 1537 cum
3210 1471 3395 1536 laicis
3423 1470 3809 1556 petentibus

755 1571 996 1639 deinde
1056 1576 1420 1662 promiscue
1479 1575 1875 1661 impertitur.
1967 1574 2154 1640 Inter
2216 1595 2419 1661 quos,
2479 1580 2555 1640 ut
2616 1575 2933 1661 cujusque
2998 1575 3239 1662 speciei
3304 1595 3508 1639 unum
3572 1574 3811 1639 saltem

756 1677 1132 1764 exemplum
1193 1678 1633 1766 proferamus,
1696 1699 2036 1743 recensere
2099 1678 2287 1743 lubet
2349 1679 2704 1765 Hugonem
2765 1679 3048 1745 Uustinc
3108 1678 3497 1744 canonicum
3546 1678 3810 1763 Trajec-

754 1787 1013 1846 tensem
1072 1783 1278 1867 (num.
1334 1783 1569 1865 1084),
1629 1781 1946 1849 Mathiam
1996 1781 2080 1847 de
2127 1780 2359 1847 Castro
2406 1782 2861 1869 presbyterum
2909 1784 3117 1866 (num.
3172 1783 3402 1866 1369),
3450 1781 3808 1867 Hugonem

753 1886 933 1951 Bout
977 1886 1283 1953 clericum
1328 1887 1397 1951 in
1436 1887 1641 1951 Hulst
1679 1888 1883 1972 (6661.
1932 1887 2166 1970 1551),
2209 1884 2607 1951 Balduinum
2648 1884 2732 1951 de
2772 1884 3264 1951 Sterkenburch
3305 1884 3697 1950 monachum
3737 1885 3808 1949 in

753 1988 1181 2078 Olarocampo
1226 1992 1432 2075 (num.
1487 1991 1722 2074 1119),
1769 1988 2076 2056 Alcidam
2124 1988 2206 2055 66
2253 1988 2667 2055 Ricechusen
2708 1990 3060 2054 monialem
3089 1989 3161 2053 in
3192 1989 3811 2054 Vrouwenclooster

754 2095 961 2177 (num.
1038 2096 1274 2179 1475),
1342 2095 1863 2160 willemannum
1933 2094 2168 2159 laicum
2239 2098 2311 2158 et
2374 2092 2705 2178 Agatham
2777 2095 2920 2179 ejus
2984 2113 3258 2158 uxorem
3314 2095 3521 2179 (num.
3588 2093 3810 2176 1619).

752 2198 963 2264 Immo
1032 2220 1187 2264 vero
1257 2220 1363 2264 an.
1438 2200 1609 2263 1349
1682 2199 1806 2263 1611
1872 2197 2256 2265 monialium
2324 2197 2678 2262 conventui
2748 2198 2817 2261 in
2878 2197 3276 2283 Rynsburch
3340 2201 3410 2261 61
3469 2217 3577 2261 66.
3634 2197 3806 2262 1359

754 2302 1076 2368 universis
1143 2303 1374 2369 incolis
1442 2303 1727 2368 civitatis
1795 2301 2239 2387 TraJ'cctensis
2307 2300 2661 2388 oppidique
2731 2300 2814 2366 66
2877 2302 3115 2366 Renen
3179 2300 3372 2366 simul
3419 2299 3804 2365 conceditur

750 2408 1024 2488 (numm.
1102 2409 1274 2473 1294
1344 2412 1415 2473 61
1488 2408 1708 2490 1631).
1800 2407 2009 2472 Porro
2071 2406 2245 2470 circa
2305 2403 2429 2469 hoc
2488 2411 2746 2492 tempus
2809 2410 2942 2469 tam
3008 2403 3199 2470 avide
3262 2404 3546 2491 petitum
3612 2424 3810 2490 quam

751 2511 1131 2598 frequenter
1198 2517 1538 2597 erogatum
1607 2511 1806 2576 fuisse
1873 2509 2000 2575 hoc
2068 2508 2484 2596 privilegium
2552 2508 2833 2575 videtur.
2939 2508 3127 2574 Tunc
3197 2509 3371 2573 enim
3442 2528 3671 2572 omnes
3741 2514 3809 2573 61

754 2615 995 2700 singuli
1056 2616 1127 2679 in
1188 2615 1418 2680 ultimo
1480 2613 1742 2680 6661666
1806 2620 1994 2679 erant
2056 2615 2233 2679 vitae
2298 2612 2707 2697 discrimine,
2770 2611 3304 2700 quandoquidem
3362 2633 3466 2676 an.
3520 2612 3694 2676 1348
3741 2616 3811 2677 61

753 2718 1182 2805 sequentibus
1251 2719 1670 2805 „pestilentia
1728 2717 1958 2803 nigra”
2023 2723 2282 2782 nostras
2341 2718 2644 2805 regiones
2692 2718 3004 2782 acerrime
3052 2717 3353 2799 vexavit,
3399 2717 3497 2781 ita
3540 2720 3618 2780 ut
3662 2735 3810 2802 per-

753 2824 945 2887 multi
990 2829 1201 2888 morte
1248 2824 1381 2887 sint
1426 2823 1777 2909 absumpti.
1811 2823 1866 2907 ι)

980 2928 1332 2994 Nonnullis
1400 2927 1698 3015 personis
1765 2926 1981 3014 ipsum
2050 2927 2465 3014 privilegium
2535 2927 2636 2993 bis
2708 2932 3050 3012 erogatum
3110 2925 3349 3008 fuisse,
3397 2924 3619 2989 mirari
3665 2922 3809 3009 quis

755 3036 1011 3118 potest:
1072 3055 1134 3097 v.
1198 3054 1295 3118 gr.
1356 3031 1648 3097 Johanni
1713 3030 1797 3097 de
1859 3031 2067 3097 Arkel
2130 3032 2437 3119 episcopo
2500 3035 2774 3116 (numm.
2827 3033 2999 3097 1066
3049 3038 3117 3097 61
3170 3033 3408 3114 1105),
3466 3027 3807 3097 Elisabeth

752 3137 943 3201 uxori
993 3136 1316 3203 «Iohannis
1362 3136 1446 3202 de
1492 3135 1945 3223 Cruininghen
1992 3139 2266 3220 (numm.
2320 3139 2491 3202 1126
2543 3144 2611 3202 61
2664 3139 2893 3219 1328),
2946 3133 3294 3201 «1611611666
3326 3136 3408 3202 66
3439 3134 3805 3203 Brabantia

755 3242 1125 3306 comitissae
1185 3244 1457 3325 (numm.
1522 3242 1650 3306 987
1716 3246 1786 3306 61
1852 3242 2089 3323 1424),
2134 3240 2461 3307 Reinaldo
2509 3241 2592 3306 de
2638 3240 3018 3308 Brederode
3064 3242 3257 3306 militi
3305 3243 3581 3324 (numm.
3636 3241 3806 3305 1989

756 3352 824 3410 61
888 3346 1111 3429 2062).
1204 3346 1392 3411 Η666
1455 3351 1679 3410 661661
1743 3343 2092 3409 difficultas
2162 3345 2455 3411 tollenda
2515 3345 2682 3411 forte
2729 3351 2832 3410 661
2876 3367 2956 3411 66
3002 3345 3180 3433 6666
3224 3346 3626 3411 remissionis
3671 3344 3811 3431 ple-

755 3450 977 3515 nariae
1024 3450 1236 3535 gratia
1288 3450 1530 3531 „semel
1578 3449 1878 3513 tantum”
1926 3448 1995 3513 in
2044 3448 2319 3513 articulo
2366 3450 2593 3514 mortis
2640 3450 2858 3516 valere
2906 3451 3182 3534 soleret3
3245 3449 3422 3516 unde
3469 3449 3809 3529 nonnulli,

754 3556 823 3620 in
895 3557 1076 3642 gravi
1146 3557 1324 3621 vitae
1393 3554 1683 3640 periculo
1746 3553 2006 3639 saepius
2071 3554 2425 3635 versaturi,
2491 3553 2863 3618 securitatis
2926 3574 3083 3640 ergo
3129 3555 3277 3641 plus
3326 3555 3529 3620 666161
3576 3553 3809 3620 666661

755 3662 882 3727 frui
930 3661 1271 3747 privilegio
1320 3659 1446 3725 nisi
1493 3658 1693 3723 fuisse
1741 3657 2069 3722 videntur.
2137 3655 2821 3722 Animadvertendum
2868 3657 2974 3722 hic
3018 3658 3332 3744 denique,
3384 3659 3510 3725 tria
3551 3663 3811 3723 tantum

756 3767 826 3832 in
895 3765 1187 3830 Bullario
1259 3762 1487 3828 666666
1551 3762 1945 3849 specimina,
2009 3782 2176 3847 quac
2240 3761 2363 3825 hoc
2426 3760 2840 3846 privilegium
2897 3782 3047 3826 6661
3095 3762 3313 3848 611666
3358 3760 3808 3849 poenitentiae

756 3869 1133 3936 conditione
1181 3868 1442 3954 adjecta
1485 3886 1956 3952 nonnunquam
2006 3870 2346 3951 erogatum
2395 3862 2595 3929 fuisse
2644 3864 2998 3930 ostendant
3043 3868 3316 3949 (numm.
3357 3867 3563 3949 1845,
3601 3865 3810 3947 2263,

757 3975 997 4058 2268);
1060 3974 1310 4039 66111661
1370 3970 1664 4038 (3616166
1728 3971 1905 4035 61616
1958 3970 2172 4035 Vrent
2237 3970 2509 4054 ejusque
2573 3970 2764 4033 uxori
2825 3968 3154 4034 indultum
3216 3969 3342 4034 hoc
3404 3992 3539 4036 non
3591 3970 3812 4035 valere

755 4079 1139 4161 nunciatur,
1196 4077 1323 4142 nisi
1368 4082 1587 4142 vestes
1633 4095 1842 4161 66666
1891 4072 1972 4139 66
2021 4093 2239 4159 genua
2283 4073 2706 4159 prolongatas
2754 4072 3065 4160 deinceps
3112 4075 3254 4160 ipse
3302 4073 3639 4141 Gerardus
3686 4073 3813 4138 sibi

754 4183 1024 4267 induat3
1088 4181 1326 4247 deinde
1388 4179 1673 4244 Martino
1738 4177 2008 4243 Martini
2069 4176 2151 4242 66
2214 4176 2397 4241 Delft
2461 4182 2529 4241 et
2590 4176 2852 4242 Amelio
2916 4176 2999 4242 de
3054 4176 3348 4264 Myndcn
3407 4178 3812 4265 presbyteris

754 4288 849 4354 sic
920 4286 1340 4367 conceditur,
1402 4289 1480 4348 ut
1540 4303 1659 4369 per
1719 4287 1853 4346 tres
1916 4301 2121 4346 annos
2182 4301 2319 4344 una
2363 4280 2595 4344 saltem
2644 4279 2750 4344 die
2799 4281 3202 4366 singularum
3253 4280 3812 4346 hebdomadarum

757 4392 1046 4458 debeant
1105 4390 1435 4476 jejunare.
1532 4386 1842 4451 Ceterum
1912 4404 2068 4448 vero
2139 4383 2442 4448 omnibus
2512 4388 2581 4447 61
2650 4384 2924 4468 singulis
2996 4385 3200 4469 gratis
3255 4386 3558 4467 omnino,
3630 4385 3814 4449 nulla

758 4496 1160 4582 obligatione
1228 4493 1336 4558 vel
1404 4489 1814 4579 poenitentia
1884 4486 2149 4573 speciali
2217 4487 2562 4573 imposita,
2628 4487 2799 4551 sicut
2845 4485 3042 4552 hodie
3091 4488 3290 4553 etiam
3337 4488 3480 4553 fieri
3525 4489 3812 4573 assolet,

756 4601 882 4665 hoc
928 4597 1344 4687 privilegium
1389 4595 1590 4659 fuisse
1636 4593 2081 4679 impertitum,
2131 4589 2527 4654 documenta
2573 4595 2799 4655 nostra
2844 4591 3146 4677 probant.

982 4703 1063 4768 B.
1157 4702 1391 4766 Altare
1423 4699 1735 4784 portatile
1780 4696 2020 4762 dicitur
2065 4692 2244 4781 quod
2282 4714 2416 4758 non
2456 4698 2560 4759 cst
2603 4694 2847 4774 „fixum
2863 4694 2925 4779 ,”
2971 4696 3016 4759 i.
3052 4715 3110 4760 6.
3155 4716 3289 4760 non
3328 4696 3582 4762 habens
3624 4697 3814 4763 basin

756 4807 1121 4895 lapideam,
1188 4804 1297 4870 cui
1358 4807 1699 4868 caemento
1762 4800 1894 4864 fixe
1959 4797 2336 4864 adhaereat.
2431 4796 2720 4862 Proinde
2781 4818 2861 4862 eo
2923 4796 3099 4884 61166
3162 4797 3245 4864 66
3290 4798 3437 4866 1666
3481 4801 3552 4865 16
3597 4800 3815 4865 locum

758 4911 1081 5000 asportari
1128 4915 1199 4976 et
1242 4908 1524 4974 ubilibet
1567 4906 1639 4970 in
1683 4904 1957 4969 formam
2004 4902 2228 4967 altaris
2262 4900 2566 4988 componi
2598 4905 2847 4987 potest,
2902 4901 3146 4982 „altare
3179 4902 3530 4989 portatilc'’
3565 4924 3815 4969 nuncu-

760 5023 973 5106 patur.
1042 5011 1385 5099 Ejusmodi
1433 5009 1625 5075 altari
1670 5007 1961 5095 portatili
2009 5026 2202 5071 nemo
2253 5024 2411 5070 66116
2457 5004 2558 5068 611
2604 5009 2823 5090 potest
2865 5004 2991 5068 nisi
3024 5005 3138 5091 qui
3170 5004 3360 5071 Sedis
3393 5006 3815 5093 Apostolicae

759 5120 1005 5208 gaudet
1064 5116 1358 5201 indulto;
1423 5112 1597 5201 quod
1653 5111 2068 5199 privilegium
2117 5115 2271 5174 ante
2315 5107 2731 5173 Bonifacium
2775 5128 3014 5194 papam
3059 5107 3232 5174 VIII
3278 5109 3490 5174 solum
3537 5130 3625 5175 ex
3671 5131 3817 5199 spe·

759 5224 909 5291 ciali
973 5222 1292 5309 rescripto
1362 5217 1615 5285 Summi
1681 5214 2024 5281 Pontificis
2094 5212 2376 5279 obtineri
2449 5210 2704 5276 solebat
2734 5210 2825 5294 2),
2895 5215 3130 5297 postea
3195 5233 3349 5278 vero
3397 5213 3701 5279 omnibus
3747 5221 3817 5279 et

929 5604 986 5670 1)
1021 5602 1128 5654 Csr.
1167 5600 1448 5652 thnicou
1480 5594 1679 5647 mei-s
1712 5591 1966 5643 Joleannie
1999 5591 2062 5640 de
2095 5587 2244 5638 Belca
2278 5585 2578 5636 Matthaeus
2613 5583 2871 5634 Analecta
2906 5584 3025 5635 111.
3062 5584 3163 5635 242
3193 5599 3304 5650 666.

929 5684 985 5749 2)
1018 5683 1075 5734 Ρ.
1114 5681 1402 5733 Hinschius
1439 5679 1631 5745 Sydon
1663 5676 1751 5726 dee
1781 5671 2126 5724 'catholini-en
2162 5665 2549 5718 stranea-noue
2584 5662 2674 5715 1v.
2706 5662 2824 5715 405.
