4450 6684
1684 1369 2539 1456 APPENDIX.

728 1548 851 1600 Non
895 1549 1132 1600 alienum
1177 1561 1293 1598 esse
1327 1548 1558 1613 videtur,
1596 1547 1651 1598 in
1689 1547 1903 1597 modum
1939 1547 2245 1612 appendicis
2281 1548 2368 1600 hic
2404 1548 2559 1611 adjici
2594 1546 2854 1599 nonnulla
2888 1545 3173 1611 diplomata
3210 1546 3428 1597 fortuito
3462 1545 3662 1611 passim

558 1632 806 1697 collecta,
860 1633 1054 1697 quippe
1096 1644 1260 1697 quae,
1306 1631 1515 1682 etiamsi
1561 1630 1701 1681 ultra
1749 1631 1986 1696 proprios
2032 1631 2355 1683 collectionis
2402 1635 2616 1682 nostrae
2661 1630 2858 1681 limites
2904 1630 3130 1694 cadunt,
3176 1630 3472 1682 dioeceseos
3517 1629 3660 1693 Traj.

556 1730 683 1767 cum
719 1715 891 1781 papali
926 1716 1074 1767 curia
1108 1715 1420 1766 relationem
1455 1715 1624 1780 magis
1658 1715 1953 1766 dilucidant
1987 1718 2148 1780 atque
2183 1716 2241 1766 in
2279 1715 2676 1766 Introductione
2710 1717 2890 1765 nostra
2929 1714 3049 1764 usui
3084 1719 3261 1765 erunt.

578 2052 639 2121 I.
1584 2056 1798 2138 1311,
1845 2055 2104 2140 Aprilis
2151 2058 2230 2138 9,
2277 2058 2640 2122 AvenioniS.

896 2225 984 2288 (ln
1020 2223 1307 2289 margine):
1362 2209 1733 2289 Quietancia
1779 2212 2120 2275 communis
2164 2213 2413 2276 servicii
2458 2214 2731 2298 episcopi
2784 2211 3237 2297 Trajectensis‚
3286 2231 3393 2276 an.
3443 2211 3644 2276 1311.

807 2388 1012 2455 Facta
1075 2396 1177 2454 est
1240 2390 1555 2476 quittacio
1619 2411 1737 2477 pro
1802 2389 2163 2456 venerabili
2223 2395 2414 2477 patre
2477 2391 2741 2456 domino
2791 2390 3096 2457 Guidone
3146 2390 3451 2478 episcopo
3499 2391 3658 2456 Tra·

575 2497 864 2580 jectensi
931 2494 1015 2562 de
1077 2497 1408 2562 sexcentis
1471 2497 1734 2562 florenis
1782 2498 1925 2563 auri
1971 2497 2243 2580 solutis,
2298 2518 2417 2584 pro
2465 2499 2945 2585 complemento
2995 2497 3356 2562 communis
3404 2497 3661 2563 servicii

585 2601 836 2666 domini
899 2602 1234 2668 Guillelmi
1287 2603 1766 2689 predecessoris
1814 2605 1954 2688 sui,
2020 2610 2090 2670 61
2138 2604 2218 2671 de
2268 2610 2534 2670 centum
2581 2604 2845 2671 florenis
2893 2604 3033 2669 auri
3081 2603 3312 2669 solutis
3358 2624 3477 2690 pro
3525 2624 3658 2669 uno

580 2709 858 2774 servicio
920 2708 1332 2774 familiarium
1402 2710 1670 2775 Domini
1741 2711 1947 2776 nostri
2013 2759 2028 2775 .
2061 2760 2077 2775 .
2139 2712 2393 2778 clericis
2457 2711 2729 2778 Camere
2787 2733 2906 2800 per
2951 2732 3182 2776 manus
3229 2710 3659 2776 discretorum

583 2816 870 2881 virorum
916 2816 1239 2883 Johannis
1288 2816 1370 2883 de
1415 2817 1731 2883 Marvefia
1777 2819 1926 2903 (sic)
1974 2819 2270 2884 canonici
2311 2819 2583 2884 ecclesie
2625 2820 2832 2885 sancti
2862 2818 2908 2885 J
2911 2818 3186 2884 ohannis
3217 2817 3658 2903 Γ13163661611616

587 2925 656 2986 61
694 2921 1045 3008 Thylmani
1084 2922 1167 2989 de
1206 2924 1439 3010 Torgis
1466 2925 1518 3008 l)
1556 2925 1856 2990 canonici
1898 2925 2170 2990 ecclesie
2209 2925 2579 3011 Eyquensis
2612 2925 2999 2991 Leodiensis
3039 2923 3316 2990 diocesis
3357 2944 3663 3012 procura-

585 3030 803 3091 torum
850 3049 1143 3113 suorum,
1194 3030 1459 3095 statutis
1505 3032 1648 3096 loco
1698 3037 1767 3097 et
1813 3032 2113 3097 termino.
2180 3032 2334 3097 Dat.
2382 3031 2745 3116 Avinione,
2795 3031 2900 3097 die
2946 3031 3049 3097 IX
3095 3030 3339 3097 mensis
3381 3030 3657 3117 Aprilis,

583 3153 760 3199 611116
807 3140 875 3200 61
921 3136 1310 3222 pontificatu
1356 3142 1431 3201 ut
1477 3159 1673 3225 supra
1719 3139 1918 3221 (anno
1969 3139 2210 3222 sexto.)

1006 3254 1215 3305 Archiv.
1262 3254 1381 3307 Vat.
1421 3255 1792 3320 Obliqatiomuu
1826 3255 2111 3306 &cationes
2153 3257 2286 3306 Tom.
2320 3254 2446 3319 314,
2483 3255 2541 3305 η’
2573 3253 2630 3321 2,
2656 3254 2770 3321 sol.
2806 3253 2921 3306 116.

743 3378 802 3443 1)
837 3379 1024 3446 Leges:
1061 3381 1125 3432 de
1159 3380 1399 3448 TongriS.

587 3753 690 3823 ΙΙ.
1544 3757 1722 3821 1324
1743 3805 1760 3840 ,
1808 3755 2156 3822 Februarii
2196 3759 2236 3821 1
2261 3806 2278 3841 ,
2326 3758 2693 3821 Avenionis.

908 3911 1250 3977 Gasbertus
1301 3911 1706 3977 Camerarius
1740 3912 2009 3998 papalis
2052 3932 2093 3975 a
2125 3909 2426 3975 Johanne
2456 3909 2563 3993 (de
2591 3909 2806 3993 Diest)
2837 3910 3120 3994 episcopo
3160 3907 3341 3992 Traj.
3378 3914 3663 3994 acceptas

815 4024 1084 4083 testatur
1139 4039 1270 4103 pro
1327 4025 1524 4104 parte
1591 4021 1725 4102 ejus
1770 4020 2113 4084 communis
2156 4019 2401 4082 servitii
2442 4036 2719 4082 summas
2764 4016 2945 4080 1150
2991 4021 3052 4080 et
3098 4015 3230 4078 184
3276 4014 3662 4097 florenorum

810 4127 994 4204 auri,·
1056 4125 1315 4190 eundem
1373 4127 1728 4211 episcopum
1787 4124 2054 4190 absolvit
2097 4145 2138 4188 a
2184 4125 2493 4206 censuris,
2544 4142 2706 4209 quas
2751 4122 2824 4187 ob
2858 4123 3200 4208 pecuniam
3246 4120 3410 4186 hanc
3454 4120 3657 4186 debito

813 4236 1082 4316 tempore
1125 4253 1250 4296 non
1284 4232 1684 4316 persolutam
1727 4233 2109 4296 incurrerat.

810 4415 1149 4482 Universis
1196 4422 1535 4505 presentes
1581 4417 1835 4482 litteras
1884 4415 2277 4502 inspecturis
2308 4413 2671 4479 Gasbertus
2712 4411 3139 4498 permissione
3173 4410 3398 4477 divina
3431 4410 3663 4477 Arela-

588 4521 794 4588 tensis
842 4523 1404 4611 archiepiscopus,
1454 4524 1701 4589 domini
1747 4524 1930 4610 Pape
1977 4521 2408 4605 camerarius,
2457 4519 2734 4585 salutem
2782 4519 2854 4583 in
2902 4517 3214 4583 Domino.

813 4629 920 4695 Ad
969 4632 1415 4699 universitatis
1459 4638 1677 4698 vestre
1726 4631 2037 4696 noticiam
2082 4628 2488 4716 presentium
2529 4633 2757 4694 tenore
2791 4624 3204 4708 deducimus,
3254 4624 3433 4712 quod
3465 4647 3661 4692 vene-

587 4737 809 4802 rabilis
869 4744 1059 4824 pater
1120 4737 1422 4804 dominus
1476 4738 1816 4805 ‚Iohannes
1863 4738 2208 4825 episcopus
2256 4734 2699 4821 Trajectensis
2744 4754 2862 4821 pro
2909 4739 3098 4820 parte
3147 4732 3247 4798 sui
3295 4734 3656 4799 communis

586 4844 879 4929 servicii,
948 4845 1019 4909 111
1088 4866 1218 4933 quo
1290 4852 1390 4911 est
1458 4845 1729 4912 Camere
1792 4844 2040 4910 domini
2101 4843 2309 4909 nostri
2371 4841 2623 4909 Summi
2671 4841 3012 4906 Pontificis
3060 4840 3422 4927 obligatus,
3480 4840 3658 4906 mille

590 4957 857 5015 centum
905 4958 974 5017 et
1020 4952 1499 5039 quinquaginta
1544 4952 1825 5017 florenos
1871 4951 2012 5017 auri
2058 4951 2311 5039 prefate
2362 4949 2634 5016 Camere
2683 4953 2750 5013 et
2796 4969 2914 5035 pro
2962 4953 3150 5034 parte
3198 4952 3482 5034 quatuor
3527 4968 3660 5013 ser-

586 5058 899 5123 viciorum
963 5059 1376 5125 familiarium
1438 5066 1509 5126 et
1571 5059 1944 5151 officialium
2009 5058 2306 5144 ejusdem
2369 5056 2618 5122 domini
2681 5055 2887 5120 nostri
2936 5061 3202 5120 centum
3249 5055 3659 5142 octuaginta-

586 5170 869 5251 quatuor
937 5167 1218 5233 florenos
1287 5169 1464 5251 auri,
1534 5166 1785 5232 clericis
1855 5166 2128 5233 Camere
2193 5164 2567 5251 supradicte
2627 5184 2746 5250 pro
2809 5161 3059 5228 eisdem
3113 5161 3540 5228 familiaribus
3587 5170 3657 5230 et

586 5273 973 5338 officialibus
1021 5275 1517 5362 recipientibus,
1566 5295 1685 5360 per
1729 5295 1961 5339 manus
2006 5273 2302 5359 magistri
2332 5271 2657 5339 Johannis
2706 5270 2787 5336 de
2819 5270 3146 5354 Fumone,
3197 5269 3443 5334 domini
3474 5270 3657 5357 Pape

586 5379 957 5466 scriptoris,
1003 5381 1443 5467 procuratoris
1491 5381 1621 5465 sui,
1671 5381 1836 5446 solvi
1881 5381 2067 5463 fecit,
2116 5379 2198 5445 de
2247 5379 2484 5465 quibus
2531 5378 2624 5443 sic
2671 5377 2903 5442 solutis
2951 5375 3199 5441 dictum
3246 5376 3655 5462 episcopum,

583 5489 927 5556 ecclesiam
990 5496 1058 5555 et
1119 5510 1526 5556 successores
1587 5511 1739 5554 suos
1795 5488 2195 5554 absolvimus
2243 5493 2312 5552 et
2360 5487 2706 5573 quitamus.
2798 5483 3111 5550 Ceterum
3159 5481 3442 5549 eundem
3488 5483 3658 5570 epis-

584 5616 823 5682 copum
870 5596 954 5663 ab
1003 5596 1725 5681 excommunicationis,
1776 5595 2223 5682 suspensionis
2271 5599 2341 5659 61
2385 5591 2720 5658 interdicti
2767 5592 3114 5657 sententiis
3161 5611 3236 5655 ac
3284 5595 3473 5655 reatu
3509 5609 3655 5676 per-

578 5703 773 5788 jurii,
835 5725 996 5790 quas
1059 5704 1318 5791 quodve
1378 5725 1496 5791 pro
1559 5725 1637 5770 66
1698 5702 2047 5768 incurrisse
2097 5701 2492 5783 dinoscitur,
2555 5698 2732 5787 quod
2780 5697 3142 5786 predictam
3187 5696 3534 5784 pecuniam
3581 5696 3653 5761 in
