<?xml version="1.0" encoding="UTF-8"?>
<!DOCTYPE html PUBLIC "-//W3C//DTD XHTML 1.0 Transitional//EN"
    "http://www.w3.org/TR/xhtml1/DTD/xhtml1-transitional.dtd">
<html xmlns="http://www.w3.org/1999/xhtml" xml:lang="en" lang="en">
 <head>
  <title>
</title>
<meta http-equiv="Content-Type" content="text/html;charset=utf-8" />
  <meta name='ocr-system' content='tesseract 3.04.00' />
  <meta name='ocr-capabilities' content='ocr_page ocr_carea ocr_par ocr_line ocrx_word'/>
</head>
<body>
  <div class='ocr_page' id='page_1' title='image "./bullariumtrajec00nethgoog_0208.png"; bbox 0 0 4450 6684; ppageno 0'>
   <div class='ocr_carea' id='block_1_1' title="bbox 806 549 2656 616">
    <p class='ocr_par' dir='ltr' id='par_1_1' title="bbox 806 549 2656 616">
     <span class='ocr_line' id='line_1_1' title="bbox 806 549 2656 616; baseline 0 -1"><span class='ocrx_word' id='word_1_1' title='bbox 806 551 935 615; x_wconf 83' lang='lat'><strong><em>114</em></strong></span> <span class='ocrx_word' id='word_1_2' title='bbox 2013 549 2475 616; x_wconf 70' lang='lat' dir='ltr'><strong><em>Inocnsnus</em></strong></span> <span class='ocrx_word' id='word_1_3' title='bbox 2539 551 2656 615; x_wconf 90' lang='lat' dir='ltr'><strong><em>VI.</em></strong></span> 
     </span>
    </p>
   </div>
   <div class='ocr_carea' id='block_1_2' title="bbox 1022 770 3419 968">
    <p class='ocr_par' dir='ltr' id='par_1_2' title="bbox 1022 770 3419 968">
     <span class='ocr_line' id='line_1_2' title="bbox 1022 770 3419 856; baseline 0 -20"><span class='ocrx_word' id='word_1_4' title='bbox 1022 770 1384 836; x_wconf 87' lang='lat' dir='ltr'><strong><em>Probitatis</em></strong></span> <span class='ocrx_word' id='word_1_5' title='bbox 1431 776 1520 835; x_wconf 88' lang='lat' dir='ltr'><strong><em>et.</em></strong></span> <span class='ocrx_word' id='word_1_6' title='bbox 1547 817 1564 835; x_wconf 94' lang='lat'><strong><em>.</em></strong></span> <span class='ocrx_word' id='word_1_7' title='bbox 1593 818 1609 834; x_wconf 94' lang='lat'><strong><em>.</em></strong></span> <span class='ocrx_word' id='word_1_8' title='bbox 1639 817 1657 835; x_wconf 94' lang='lat'><strong><em>.</em></strong></span> <span class='ocrx_word' id='word_1_9' title='bbox 1704 770 1858 836; x_wconf 88' lang='lat' dir='ltr'><strong><em>Dat.</em></strong></span> <span class='ocrx_word' id='word_1_10' title='bbox 1906 770 2270 853; x_wconf 80' lang='lat' dir='ltr'><strong><em>Avinione‚</em></strong></span> <span class='ocrx_word' id='word_1_11' title='bbox 2317 771 2485 836; x_wconf 88' lang='lat' dir='ltr'><strong>VIII</strong></span> <span class='ocrx_word' id='word_1_12' title='bbox 2531 771 2643 838; x_wconf 86' lang='lat' dir='ltr'><strong><em>Kl.</em></strong></span> <span class='ocrx_word' id='word_1_13' title='bbox 2690 772 2949 856; x_wconf 83' lang='lat' dir='ltr'><strong><em>Marcii,</em></strong></span> <span class='ocrx_word' id='word_1_14' title='bbox 3000 793 3172 837; x_wconf 89' lang='lat' dir='ltr'><strong><em>anno</em></strong></span> <span class='ocrx_word' id='word_1_15' title='bbox 3218 793 3419 838; x_wconf 88' lang='lat' dir='ltr'><strong><em>nono.</em></strong></span> 
     </span>
     <span class='ocr_line' id='line_1_3' title="bbox 1220 902 1942 968; baseline 0.003 -15"><span class='ocrx_word' id='word_1_16' title='bbox 1220 903 1346 967; x_wconf 68' lang='lat' dir='ltr'><strong><em>Roy-</em></strong></span> <span class='ocrx_word' id='word_1_17' title='bbox 1380 905 1478 953; x_wconf 69' lang='grc' dir='ltr'><strong><em>Αο.</em></strong></span> <span class='ocrx_word' id='word_1_18' title='bbox 1523 906 1578 955; x_wconf 79' lang='grc' dir='ltr'><strong><em>τ.</em></strong></span> <span class='ocrx_word' id='word_1_19' title='bbox 1612 902 1705 966; x_wconf 75' lang='lat'><strong><em>25,</em></strong></span> <span class='ocrx_word' id='word_1_20' title='bbox 1731 905 1790 968; x_wconf 84' lang='lat' dir='ltr'><strong><em>s.</em></strong></span> <span class='ocrx_word' id='word_1_21' title='bbox 1826 903 1942 955; x_wconf 86' lang='lat'><strong><em>370.</em></strong></span> 
     </span>
    </p>
   </div>
   <div class='ocr_carea' id='block_1_3' title="bbox 953 1046 2717 1116">
    <p class='ocr_par' dir='ltr' id='par_1_3' title="bbox 953 1046 2717 1116">
     <span class='ocr_line' id='line_1_4' title="bbox 953 1046 2717 1116; baseline 0.003 -18"><span class='ocrx_word' id='word_1_22' title='bbox 953 1046 1012 1111; x_wconf 78' lang='lat'><strong><em>1)</em></strong></span> <span class='ocrx_word' id='word_1_23' title='bbox 1047 1046 1338 1099; x_wconf 80' lang='lat' dir='ltr'><strong><em>Giethoorn</em></strong></span> <span class='ocrx_word' id='word_1_24' title='bbox 1375 1048 1434 1100; x_wconf 85' lang='lat' dir='ltr'><strong><em>in</em></strong></span> <span class='ocrx_word' id='word_1_25' title='bbox 1467 1048 1889 1103; x_wconf 78' lang='lat' dir='ltr'><strong><em>Transisulania.</em></strong></span> <span class='ocrx_word' id='word_1_26' title='bbox 2087 1050 2143 1115; x_wconf 65' lang='grc' dir='ltr'><strong><em>Β)</em></strong></span> <span class='ocrx_word' id='word_1_27' title='bbox 2179 1050 2352 1116; x_wconf 77' lang='lat' dir='ltr'><strong><em>Supra</em></strong></span> <span class='ocrx_word' id='word_1_28' title='bbox 2384 1067 2536 1104; x_wconf 90' lang='lat' dir='ltr'><strong><em>num.</em></strong></span> <span class='ocrx_word' id='word_1_29' title='bbox 2569 1051 2717 1105; x_wconf 79' lang='lat'><strong><em>10⁰9.</em></strong></span> 
     </span>
    </p>
   </div>
   <div class='ocr_carea' id='block_1_4' title="bbox 2045 1315 2627 1325">
    <p class='ocr_par' dir='ltr' id='par_1_4' title="bbox 2045 1315 2627 1325">
     <span class='ocr_line' id='line_1_5' title="bbox 2045 1315 2627 1325; baseline 0.005 -3"><span class='ocrx_word' id='word_1_30' title='bbox 2045 1315 2627 1325; x_wconf 72' lang='lat'><strong><em>——-——-———..</em></strong></span> 
     </span>
    </p>
   </div>
   <div class='ocr_carea' id='block_1_5' title="bbox 799 1519 2869 1605">
    <p class='ocr_par' dir='ltr' id='par_1_5' title="bbox 799 1519 2869 1605">
     <span class='ocr_line' id='line_1_6' title="bbox 799 1519 2869 1605; baseline -0.003 -14"><span class='ocrx_word' id='word_1_31' title='bbox 799 1519 1003 1591; x_wconf 73' lang='grc'><strong>1669.</strong></span> <span class='ocrx_word' id='word_1_32' title='bbox 1798 1522 2009 1605; x_wconf 87' lang='lat'><strong><em>1361,</em></strong></span> <span class='ocrx_word' id='word_1_33' title='bbox 2059 1522 2297 1587; x_wconf 81' lang='lat' dir='ltr'><strong><em>Martii</em></strong></span> <span class='ocrx_word' id='word_1_34' title='bbox 2337 1526 2455 1605; x_wconf 90' lang='lat'><strong><em>10,</em></strong></span> <span class='ocrx_word' id='word_1_35' title='bbox 2502 1524 2869 1587; x_wconf 80' lang='lat' dir='ltr'><strong><em>Avenionis.</em></strong></span> 
     </span>
    </p>
   </div>
   <div class='ocr_carea' id='block_1_6' title="bbox 1017 1676 3865 2084">
    <p class='ocr_par' dir='ltr' id='par_1_6' title="bbox 1017 1676 3865 2084">
     <span class='ocr_line' id='line_1_7' title="bbox 1119 1676 3861 1765; baseline -0.001 -24"><span class='ocrx_word' id='word_1_36' title='bbox 1119 1678 1388 1742; x_wconf 85' lang='lat' dir='ltr'><strong><em>Nicolao</em></strong></span> <span class='ocrx_word' id='word_1_37' title='bbox 1437 1679 1532 1742; x_wconf 80' lang='lat' dir='ltr'><strong><em>tit.</em></strong></span> <span class='ocrx_word' id='word_1_38' title='bbox 1584 1678 1654 1743; x_wconf 81' lang='lat' dir='ltr'><strong><em>S.</em></strong></span> <span class='ocrx_word' id='word_1_39' title='bbox 1717 1676 1954 1743; x_wconf 83' lang='lat' dir='ltr'><strong><em>Vitalis</em></strong></span> <span class='ocrx_word' id='word_1_40' title='bbox 1988 1677 2359 1763; x_wconf 82' lang='lat' dir='ltr'><strong><em>presbytero</em></strong></span> <span class='ocrx_word' id='word_1_41' title='bbox 2410 1679 2750 1744; x_wconf 82' lang='lat' dir='ltr'><strong><em>Cardinali</em></strong></span> <span class='ocrx_word' id='word_1_42' title='bbox 2792 1679 2881 1744; x_wconf 85' lang='lat' dir='ltr'><strong><em>ad</em></strong></span> <span class='ocrx_word' id='word_1_43' title='bbox 2927 1682 3426 1765; x_wconf 78' lang='lat' dir='ltr'><strong><em>quinquennium</em></strong></span> <span class='ocrx_word' id='word_1_44' title='bbox 3472 1678 3861 1761; x_wconf 59' lang='lat' dir='ltr'><strong><em>indulqdur,</em></strong></span> 
     </span>
     <span class='ocr_line' id='line_1_8' title="bbox 1029 1783 3863 1870; baseline -0.002 -22"><span class='ocrx_word' id='word_1_45' title='bbox 1029 1783 1200 1870; x_wconf 77' lang='lat' dir='ltr'><strong><em>quod</em></strong></span> <span class='ocrx_word' id='word_1_46' title='bbox 1249 1785 1383 1848; x_wconf 87' lang='lat' dir='ltr'><strong><em>loca</em></strong></span> <span class='ocrx_word' id='word_1_47' title='bbox 1414 1784 1829 1847; x_wconf 77' lang='lat' dir='ltr'><strong><em>ecclesiastica</em></strong></span> <span class='ocrx_word' id='word_1_48' title='bbox 1859 1787 1928 1847; x_wconf 86' lang='lat' dir='ltr'><strong><em>in</em></strong></span> <span class='ocrx_word' id='word_1_49' title='bbox 1959 1783 2487 1849; x_wconf 77' lang='lat' dir='ltr'><strong><em>archidiaconatu</em></strong></span> <span class='ocrx_word' id='word_1_50' title='bbox 2522 1785 2968 1849; x_wconf 80' lang='lat' dir='ltr'><strong><em>Daventriensi</em></strong></span> <span class='ocrx_word' id='word_1_51' title='bbox 2997 1787 3399 1850; x_wconf 76' lang='lat' dir='ltr'><strong><em>consistentia</em></strong></span> <span class='ocrx_word' id='word_1_52' title='bbox 3421 1804 3544 1869; x_wconf 78' lang='lat' dir='ltr'><strong><em>per</em></strong></span> <span class='ocrx_word' id='word_1_53' title='bbox 3576 1783 3863 1866; x_wconf 74' lang='lat' dir='ltr'><strong><em>aliquam</em></strong></span> 
     </span>
     <span class='ocr_line' id='line_1_9' title="bbox 1017 1887 3865 1976; baseline -0.002 -21"><span class='ocrx_word' id='word_1_54' title='bbox 1017 1911 1359 1975; x_wconf 78' lang='lat' dir='ltr'><strong><em>personam</em></strong></span> <span class='ocrx_word' id='word_1_55' title='bbox 1427 1889 1710 1954; x_wconf 84' lang='lat' dir='ltr'><strong><em>idoneam</em></strong></span> <span class='ocrx_word' id='word_1_56' title='bbox 1780 1891 2039 1954; x_wconf 78' lang='lat' dir='ltr'><strong><em>visitare</em></strong></span> <span class='ocrx_word' id='word_1_57' title='bbox 2109 1897 2169 1954; x_wconf 83' lang='lat' dir='ltr'><strong><em>et</em></strong></span> <span class='ocrx_word' id='word_1_58' title='bbox 2223 1894 2708 1975; x_wconf 78' lang='lat' dir='ltr'><strong><em>procurationes</em></strong></span> <span class='ocrx_word' id='word_1_59' title='bbox 2767 1899 3110 1976; x_wconf 82' lang='lat' dir='ltr'><strong><em>propterea</em></strong></span> <span class='ocrx_word' id='word_1_60' title='bbox 3174 1891 3415 1954; x_wconf 82' lang='lat' dir='ltr'><strong><em>debitas</em></strong></span> <span class='ocrx_word' id='word_1_61' title='bbox 3475 1892 3546 1954; x_wconf 86' lang='lat' dir='ltr'><strong><em>in</em></strong></span> <span class='ocrx_word' id='word_1_62' title='bbox 3592 1887 3865 1974; x_wconf 80' lang='lat' dir='ltr'><strong><em>pecunia</em></strong></span> 
     </span>
     <span class='ocr_line' id='line_1_10' title="bbox 1026 1996 3669 2084; baseline -0.001 -22"><span class='ocrx_word' id='word_1_63' title='bbox 1026 2003 1361 2062; x_wconf 79' lang='lat' dir='ltr'><strong><em>numerata</em></strong></span> <span class='ocrx_word' id='word_1_64' title='bbox 1408 1998 1678 2080; x_wconf 82' lang='lat' dir='ltr'><strong><em>recipere</em></strong></span> <span class='ocrx_word' id='word_1_65' title='bbox 1721 1996 1949 2061; x_wconf 84' lang='lat' dir='ltr'><strong><em>valeat.</em></strong></span> <span class='ocrx_word' id='word_1_66' title='bbox 2004 2033 2088 2045; x_wconf 92' lang='lat'><strong>—</strong></span> <span class='ocrx_word' id='word_1_67' title='bbox 2140 1997 2340 2081; x_wconf 81' lang='lat' dir='ltr'><strong><em>Cujus</em></strong></span> <span class='ocrx_word' id='word_1_68' title='bbox 2373 1999 2706 2084; x_wconf 74' lang='lat' dir='ltr'><strong><em>privileqii</em></strong></span> <span class='ocrx_word' id='word_1_69' title='bbox 2749 1998 3146 2082; x_wconf 77' lang='lat' dir='ltr'><strong><em>deputantur</em></strong></span> <span class='ocrx_word' id='word_1_70' title='bbox 3189 2003 3669 2062; x_wconf 78' lang='lat' dir='ltr'><strong><em>conservatores.</em></strong></span> 
     </span>
    </p>
   </div>
   <div class='ocr_carea' id='block_1_7' title="bbox 803 2178 3884 5244">
    <p class='ocr_par' dir='ltr' id='par_1_7' title="bbox 1021 2178 3857 2269">
     <span class='ocr_line' id='line_1_11' title="bbox 1021 2178 3857 2269; baseline -0.001 -25"><span class='ocrx_word' id='word_1_71' title='bbox 1021 2178 1283 2245; x_wconf 90' lang='lat' dir='ltr'><strong><em>Dilecto</em></strong></span> <span class='ocrx_word' id='word_1_72' title='bbox 1331 2178 1467 2245; x_wconf 88' lang='lat' dir='ltr'><strong><em>filio</em></strong></span> <span class='ocrx_word' id='word_1_73' title='bbox 1516 2178 1792 2246; x_wconf 78' lang='lat' dir='ltr'><strong><em>Nicolao</em></strong></span> <span class='ocrx_word' id='word_1_74' title='bbox 1840 2181 2016 2246; x_wconf 88' lang='lat' dir='ltr'><strong><em>tituli</em></strong></span> <span class='ocrx_word' id='word_1_75' title='bbox 2066 2180 2291 2246; x_wconf 79' lang='lat' dir='ltr'><strong><em>Sancti</em></strong></span> <span class='ocrx_word' id='word_1_76' title='bbox 2340 2181 2588 2248; x_wconf 84' lang='lat' dir='ltr'><strong><em>Vitalis</em></strong></span> <span class='ocrx_word' id='word_1_77' title='bbox 2635 2182 3022 2269; x_wconf 78' lang='lat' dir='ltr'><strong><em>presbytero</em></strong></span> <span class='ocrx_word' id='word_1_78' title='bbox 3072 2180 3387 2246; x_wconf 80' lang='lat' dir='ltr'><strong><em>cardinali</em></strong></span> <span class='ocrx_word' id='word_1_79' title='bbox 3434 2181 3716 2244; x_wconf 88' lang='lat' dir='ltr'><strong><em>salutem</em></strong></span> <span class='ocrx_word' id='word_1_80' title='bbox 3747 2185 3857 2243; x_wconf 84' lang='lat' dir='ltr'><strong><em>etc.</em></strong></span> 
     </span>
    </p>

    <p class='ocr_par' dir='ltr' id='par_1_8' title="bbox 803 2286 3884 5139">
     <span class='ocr_line' id='line_1_12' title="bbox 1028 2286 3869 2374; baseline -0.001 -21"><span class='ocrx_word' id='word_1_81' title='bbox 1028 2286 1293 2362; x_wconf 83' lang='lat' dir='ltr'><strong><em>Quanto</em></strong></span> <span class='ocrx_word' id='word_1_82' title='bbox 1343 2287 1713 2352; x_wconf 81' lang='lat' dir='ltr'><strong><em>Romanam</em></strong></span> <span class='ocrx_word' id='word_1_83' title='bbox 1761 2288 2135 2372; x_wconf 87' lang='lat' dir='ltr'><strong><em>ecclesiam,</em></strong></span> <span class='ocrx_word' id='word_1_84' title='bbox 2183 2291 2374 2374; x_wconf 89' lang='lat' dir='ltr'><strong><em>cujus</em></strong></span> <span class='ocrx_word' id='word_1_85' title='bbox 2420 2288 2805 2355; x_wconf 79' lang='lat' dir='ltr'><strong><em>honorabile</em></strong></span> <span class='ocrx_word' id='word_1_86' title='bbox 2853 2289 3221 2354; x_wconf 83' lang='lat' dir='ltr'><strong>membrum</strong></span> <span class='ocrx_word' id='word_1_87' title='bbox 3269 2287 3501 2353; x_wconf 79' lang='lat' dir='ltr'><strong><em>existis</em></strong></span> <span class='ocrx_word' id='word_1_88' title='bbox 3522 2337 3539 2371; x_wconf 88' lang='lat'><strong><em>,</em></strong></span> <span class='ocrx_word' id='word_1_89' title='bbox 3586 2286 3869 2352; x_wconf 88' lang='lat' dir='ltr'><strong><em>honoras</em></strong></span> 
     </span>
     <span class='ocr_line' id='line_1_13' title="bbox 803 2394 3871 2486; baseline -0.002 -21"><span class='ocrx_word' id='word_1_90' title='bbox 803 2396 1064 2486; x_wconf 88' lang='lat' dir='ltr'><strong><em>plenius</em></strong></span> <span class='ocrx_word' id='word_1_91' title='bbox 1129 2402 1390 2459; x_wconf 88' lang='lat' dir='ltr'><strong><em>tuorum</em></strong></span> <span class='ocrx_word' id='word_1_92' title='bbox 1453 2394 1911 2480; x_wconf 87' lang='lat' dir='ltr'><strong><em>magnitudine</em></strong></span> <span class='ocrx_word' id='word_1_93' title='bbox 1977 2397 2394 2480; x_wconf 90' lang='lat' dir='ltr'><strong><em>meritorum,</em></strong></span> <span class='ocrx_word' id='word_1_94' title='bbox 2461 2402 2647 2462; x_wconf 90' lang='lat' dir='ltr'><strong><em>tanto</em></strong></span> <span class='ocrx_word' id='word_1_95' title='bbox 2695 2417 2814 2484; x_wconf 89' lang='lat' dir='ltr'><strong><em>per</em></strong></span> <span class='ocrx_word' id='word_1_96' title='bbox 2861 2417 3008 2461; x_wconf 88' lang='lat' dir='ltr'><strong><em>eam</em></strong></span> <span class='ocrx_word' id='word_1_97' title='bbox 3056 2396 3270 2460; x_wconf 88' lang='lat' dir='ltr'><strong><em>attolli</em></strong></span> <span class='ocrx_word' id='word_1_98' title='bbox 3316 2396 3587 2461; x_wconf 88' lang='lat' dir='ltr'><strong><em>mereris</em></strong></span> <span class='ocrx_word' id='word_1_99' title='bbox 3632 2394 3871 2459; x_wconf 79' lang='lat' dir='ltr'><strong><em>favoris</em></strong></span> 
     </span>
     <span class='ocr_line' id='line_1_14' title="bbox 803 2500 3872 2591; baseline -0.002 -21"><span class='ocrx_word' id='word_1_100' title='bbox 803 2504 1027 2591; x_wconf 78' lang='lat' dir='ltr'><strong><em>gracia</em></strong></span> <span class='ocrx_word' id='word_1_101' title='bbox 1068 2501 1360 2590; x_wconf 89' lang='lat' dir='ltr'><strong><em>potioris.</em></strong></span> <span class='ocrx_word' id='word_1_102' title='bbox 1431 2500 1609 2565; x_wconf 90' lang='lat' dir='ltr'><strong><em>Hinc</em></strong></span> <span class='ocrx_word' id='word_1_103' title='bbox 1654 2506 1793 2584; x_wconf 84' lang='lat' dir='ltr'><strong><em>est,</em></strong></span> <span class='ocrx_word' id='word_1_104' title='bbox 1844 2502 2018 2587; x_wconf 90' lang='lat' dir='ltr'><strong><em>quod</em></strong></span> <span class='ocrx_word' id='word_1_105' title='bbox 2068 2523 2187 2567; x_wconf 88' lang='lat' dir='ltr'><strong><em>nos</em></strong></span> <span class='ocrx_word' id='word_1_106' title='bbox 2235 2504 2366 2568; x_wconf 92' lang='lat' dir='ltr'><strong><em>tuis</em></strong></span> <span class='ocrx_word' id='word_1_107' title='bbox 2415 2503 3013 2590; x_wconf 90' lang='lat' dir='ltr'><strong><em>supplicacionibus</em></strong></span> <span class='ocrx_word' id='word_1_108' title='bbox 3060 2501 3397 2578; x_wconf 80' lang='lat' dir='ltr'><strong><em>inclinati,</em></strong></span> <span class='ocrx_word' id='word_1_109' title='bbox 3445 2507 3520 2566; x_wconf 92' lang='lat' dir='ltr'><strong><em>ut</em></strong></span> <span class='ocrx_word' id='word_1_110' title='bbox 3567 2501 3872 2567; x_wconf 87' lang='lat' dir='ltr'><strong><em>ecclesias</em></strong></span> 
     </span>
     <span class='ocr_line' id='line_1_15' title="bbox 807 2605 3872 2691; baseline -0.002 -15"><span class='ocrx_word' id='word_1_111' title='bbox 807 2617 878 2677; x_wconf 91' lang='lat' dir='ltr'><strong><em>et</em></strong></span> <span class='ocrx_word' id='word_1_112' title='bbox 921 2607 1320 2674; x_wconf 88' lang='lat' dir='ltr'><strong><em>monasteria</em></strong></span> <span class='ocrx_word' id='word_1_113' title='bbox 1365 2612 1435 2672; x_wconf 89' lang='lat' dir='ltr'><strong><em>et</em></strong></span> <span class='ocrx_word' id='word_1_114' title='bbox 1481 2605 1610 2672; x_wconf 89' lang='lat' dir='ltr'><strong><em>alia</em></strong></span> <span class='ocrx_word' id='word_1_115' title='bbox 1655 2606 1800 2672; x_wconf 89' lang='lat' dir='ltr'><strong><em>loca</em></strong></span> <span class='ocrx_word' id='word_1_116' title='bbox 1850 2609 2295 2673; x_wconf 89' lang='lat' dir='ltr'><strong><em>ecclesiastica</em></strong></span> <span class='ocrx_word' id='word_1_117' title='bbox 2340 2609 2410 2673; x_wconf 92' lang='lat' dir='ltr'><strong><em>in</em></strong></span> <span class='ocrx_word' id='word_1_118' title='bbox 2459 2608 2994 2674; x_wconf 81' lang='lat' dir='ltr'><strong><em>archidiaconatu</em></strong></span> <span class='ocrx_word' id='word_1_119' title='bbox 3046 2613 3162 2672; x_wconf 89' lang='lat' dir='ltr'><strong><em>tuo</em></strong></span> <span class='ocrx_word' id='word_1_120' title='bbox 3210 2607 3676 2673; x_wconf 88' lang='lat' dir='ltr'><strong><em>Deventriensi</em></strong></span> <span class='ocrx_word' id='word_1_121' title='bbox 3722 2607 3872 2691; x_wconf 88' lang='lat' dir='ltr'><strong><em>(sic)</em></strong></span> 
     </span>
     <span class='ocr_line' id='line_1_16' title="bbox 811 2713 3872 2801; baseline -0.001 -20"><span class='ocrx_word' id='word_1_122' title='bbox 811 2716 884 2781; x_wconf 88' lang='lat' dir='ltr'><strong><em>in</em></strong></span> <span class='ocrx_word' id='word_1_123' title='bbox 944 2714 1222 2781; x_wconf 90' lang='lat' dir='ltr'><strong><em>ecclesia</em></strong></span> <span class='ocrx_word' id='word_1_124' title='bbox 1281 2713 1721 2798; x_wconf 85' lang='lat' dir='ltr'><strong><em>Trajectensi,</em></strong></span> <span class='ocrx_word' id='word_1_125' title='bbox 1786 2735 1979 2801; x_wconf 90' lang='lat' dir='ltr'><strong><em>quem</em></strong></span> <span class='ocrx_word' id='word_1_126' title='bbox 2029 2735 2115 2780; x_wconf 88' lang='lat' dir='ltr'><strong><em>ex</em></strong></span> <span class='ocrx_word' id='word_1_127' title='bbox 2163 2716 2589 2780; x_wconf 82' lang='lat' dir='ltr'><strong><em>concessione</em></strong></span> <span class='ocrx_word' id='word_1_128' title='bbox 2638 2721 2706 2780; x_wconf 89' lang='lat' dir='ltr'><strong><em>et</em></strong></span> <span class='ocrx_word' id='word_1_129' title='bbox 2753 2714 3252 2800; x_wconf 80' lang='lat' dir='ltr'><strong><em>dispensacione</em></strong></span> <span class='ocrx_word' id='word_1_130' title='bbox 3298 2713 3471 2780; x_wconf 87' lang='lat' dir='ltr'><strong><em>sedis</em></strong></span> <span class='ocrx_word' id='word_1_131' title='bbox 3519 2714 3872 2800; x_wconf 91' lang='lat' dir='ltr'><strong><em>apostolice</em></strong></span> 
     </span>
     <span class='ocr_line' id='line_1_17' title="bbox 817 2819 3873 2908; baseline -0.001 -21"><span class='ocrx_word' id='word_1_132' title='bbox 817 2822 1116 2887; x_wconf 90' lang='lat' dir='ltr'><strong><em>obtinere</em></strong></span> <span class='ocrx_word' id='word_1_133' title='bbox 1163 2819 1550 2903; x_wconf 87' lang='lat' dir='ltr'><strong><em>dinosceris,</em></strong></span> <span class='ocrx_word' id='word_1_134' title='bbox 1600 2820 2029 2886; x_wconf 84' lang='lat' dir='ltr'><strong><em>consistentia</em></strong></span> <span class='ocrx_word' id='word_1_135' title='bbox 2076 2842 2433 2908; x_wconf 88' lang='lat' dir='ltr'><strong><em>eorumque</em></strong></span> <span class='ocrx_word' id='word_1_136' title='bbox 2473 2842 2815 2908; x_wconf 89' lang='lat' dir='ltr'><strong><em>personas,</em></strong></span> <span class='ocrx_word' id='word_1_137' title='bbox 2862 2820 2933 2885; x_wconf 92' lang='lat' dir='ltr'><strong><em>in</em></strong></span> <span class='ocrx_word' id='word_1_138' title='bbox 2975 2820 3214 2905; x_wconf 89' lang='lat' dir='ltr'><strong><em>quibus</em></strong></span> <span class='ocrx_word' id='word_1_139' title='bbox 3254 2820 3377 2884; x_wconf 91' lang='lat' dir='ltr'><strong><em>tibi</em></strong></span> <span class='ocrx_word' id='word_1_140' title='bbox 3414 2821 3678 2884; x_wconf 83' lang='lat' dir='ltr'><strong><em>racione</em></strong></span> <span class='ocrx_word' id='word_1_141' title='bbox 3716 2819 3873 2885; x_wconf 90' lang='lat' dir='ltr'><strong><em>dicti</em></strong></span> 
     </span>
     <span class='ocr_line' id='line_1_18' title="bbox 823 2926 3864 3013; baseline -0.001 -19"><span class='ocrx_word' id='word_1_142' title='bbox 823 2926 1390 2994; x_wconf 83' lang='lat' dir='ltr'><strong><em>archidiaconatus</em></strong></span> <span class='ocrx_word' id='word_1_143' title='bbox 1437 2926 1838 2992; x_wconf 82' lang='lat' dir='ltr'><strong><em>visitacionis</em></strong></span> <span class='ocrx_word' id='word_1_144' title='bbox 1878 2927 2161 2992; x_wconf 89' lang='lat' dir='ltr'><strong><em>officium</em></strong></span> <span class='ocrx_word' id='word_1_145' title='bbox 2195 2928 2511 3013; x_wconf 90' lang='lat' dir='ltr'><strong><em>competit</em></strong></span> <span class='ocrx_word' id='word_1_146' title='bbox 2542 2926 2624 2991; x_wconf 89' lang='lat' dir='ltr'><strong><em>de</em></strong></span> <span class='ocrx_word' id='word_1_147' title='bbox 2659 2927 3137 2992; x_wconf 87' lang='lat' dir='ltr'><strong><em>consuetudine</em></strong></span> <span class='ocrx_word' id='word_1_148' title='bbox 3167 2926 3275 2993; x_wconf 84' lang='lat' dir='ltr'><strong><em>vel</em></strong></span> <span class='ocrx_word' id='word_1_149' title='bbox 3308 2926 3390 2992; x_wconf 89' lang='lat' dir='ltr'><strong><em>de</em></strong></span> <span class='ocrx_word' id='word_1_150' title='bbox 3424 2929 3608 3011; x_wconf 87' lang='lat' dir='ltr'><strong><em>jure,</em></strong></span> <span class='ocrx_word' id='word_1_151' title='bbox 3657 2927 3864 3013; x_wconf 89' lang='lat' dir='ltr'><strong><em>possis</em></strong></span> 
     </span>
     <span class='ocr_line' id='line_1_19' title="bbox 818 3032 3870 3121; baseline -0 -22"><span class='ocrx_word' id='word_1_152' title='bbox 818 3034 1027 3099; x_wconf 91' lang='lat' dir='ltr'><strong><em>libere</em></strong></span> <span class='ocrx_word' id='word_1_153' title='bbox 1072 3054 1191 3119; x_wconf 90' lang='lat' dir='ltr'><strong><em>per</em></strong></span> <span class='ocrx_word' id='word_1_154' title='bbox 1237 3032 1524 3119; x_wconf 88' lang='lat' dir='ltr'><strong><em>aliquam</em></strong></span> <span class='ocrx_word' id='word_1_155' title='bbox 1571 3054 1688 3098; x_wconf 89' lang='lat' dir='ltr'><strong><em>seu</em></strong></span> <span class='ocrx_word' id='word_1_156' title='bbox 1734 3033 1986 3118; x_wconf 89' lang='lat' dir='ltr'><strong><em>aliquas</em></strong></span> <span class='ocrx_word' id='word_1_157' title='bbox 2031 3055 2347 3119; x_wconf 85' lang='lat' dir='ltr'><strong><em>personas</em></strong></span> <span class='ocrx_word' id='word_1_158' title='bbox 2392 3034 2718 3120; x_wconf 80' lang='lat' dir='ltr'><strong><em>ydoneam</em></strong></span> <span class='ocrx_word' id='word_1_159' title='bbox 2766 3035 2872 3099; x_wconf 89' lang='lat' dir='ltr'><strong><em>vel</em></strong></span> <span class='ocrx_word' id='word_1_160' title='bbox 2917 3032 3247 3120; x_wconf 81' lang='lat' dir='ltr'><strong><em>ydoneas,</em></strong></span> <span class='ocrx_word' id='word_1_161' title='bbox 3311 3055 3508 3121; x_wconf 92' lang='lat' dir='ltr'><strong><em>quam</em></strong></span> <span class='ocrx_word' id='word_1_162' title='bbox 3555 3035 3663 3100; x_wconf 86' lang='lat' dir='ltr'><strong><em>vel</em></strong></span> <span class='ocrx_word' id='word_1_163' title='bbox 3708 3054 3870 3119; x_wconf 89' lang='lat' dir='ltr'><strong><em>quas</em></strong></span> 
     </span>
     <span class='ocr_line' id='line_1_20' title="bbox 814 3138 3864 3227; baseline -0.001 -22"><span class='ocrx_word' id='word_1_164' title='bbox 814 3138 1258 3227; x_wconf 87' lang='lat' dir='ltr'><strong><em>deputandam</em></strong></span> <span class='ocrx_word' id='word_1_165' title='bbox 1321 3138 1404 3204; x_wconf 91' lang='lat' dir='ltr'><strong><em>ad</em></strong></span> <span class='ocrx_word' id='word_1_166' title='bbox 1466 3138 1591 3204; x_wconf 93' lang='lat' dir='ltr'><strong><em>hoc</em></strong></span> <span class='ocrx_word' id='word_1_167' title='bbox 1653 3138 1923 3205; x_wconf 83' lang='lat' dir='ltr'><strong><em>duxeris</em></strong></span> <span class='ocrx_word' id='word_1_168' title='bbox 1983 3139 2090 3205; x_wconf 86' lang='lat' dir='ltr'><strong><em>vel</em></strong></span> <span class='ocrx_word' id='word_1_169' title='bbox 2154 3141 2355 3206; x_wconf 90' lang='lat' dir='ltr'><strong><em>etiam</em></strong></span> <span class='ocrx_word' id='word_1_170' title='bbox 2418 3139 2868 3224; x_wconf 90' lang='lat' dir='ltr'><strong><em>deputandas,</em></strong></span> <span class='ocrx_word' id='word_1_171' title='bbox 2918 3161 3125 3226; x_wconf 90' lang='lat' dir='ltr'><strong><em>usque</em></strong></span> <span class='ocrx_word' id='word_1_172' title='bbox 3174 3140 3257 3205; x_wconf 91' lang='lat' dir='ltr'><strong><em>ad</em></strong></span> <span class='ocrx_word' id='word_1_173' title='bbox 3306 3140 3864 3226; x_wconf 89' lang='lat' dir='ltr'><strong><em>quinquennium,</em></strong></span> 
     </span>
     <span class='ocr_line' id='line_1_21' title="bbox 807 3244 3874 3334; baseline -0 -25"><span class='ocrx_word' id='word_1_174' title='bbox 807 3244 1121 3332; x_wconf 88' lang='lat' dir='ltr'><strong><em>quociens</em></strong></span> <span class='ocrx_word' id='word_1_175' title='bbox 1189 3249 1450 3333; x_wconf 89' lang='lat' dir='ltr'><strong><em>tempus</em></strong></span> <span class='ocrx_word' id='word_1_176' title='bbox 1521 3245 1927 3311; x_wconf 81' lang='lat' dir='ltr'><strong><em>visitacionis</em></strong></span> <span class='ocrx_word' id='word_1_177' title='bbox 1997 3245 2378 3332; x_wconf 86' lang='lat' dir='ltr'><strong><em>hujusmodi</em></strong></span> <span class='ocrx_word' id='word_1_178' title='bbox 2447 3247 2829 3334; x_wconf 87' lang='lat' dir='ltr'><strong><em>(ingruerit,</em></strong></span> <span class='ocrx_word' id='word_1_179' title='bbox 2904 3248 3169 3312; x_wconf 90' lang='lat' dir='ltr'><strong><em>visitare</em></strong></span> <span class='ocrx_word' id='word_1_180' title='bbox 3241 3253 3311 3312; x_wconf 90' lang='lat' dir='ltr'><strong><em>et</em></strong></span> <span class='ocrx_word' id='word_1_181' title='bbox 3375 3245 3874 3333; x_wconf 88' lang='lat' dir='ltr'><strong><em>procuraciones</em></strong></span> 
     </span>
     <span class='ocr_line' id='line_1_22' title="bbox 805 3351 3876 3438; baseline -0 -22"><span class='ocrx_word' id='word_1_182' title='bbox 805 3352 1070 3416; x_wconf 84' lang='lat' dir='ltr'><strong><em>racione</em></strong></span> <span class='ocrx_word' id='word_1_183' title='bbox 1131 3351 1534 3416; x_wconf 83' lang='lat' dir='ltr'><strong><em>visitacionis</em></strong></span> <span class='ocrx_word' id='word_1_184' title='bbox 1596 3351 2001 3438; x_wconf 86' lang='lat' dir='ltr'><strong><em>hujusmodi)</em></strong></span> <span class='ocrx_word' id='word_1_185' title='bbox 2064 3352 2187 3417; x_wconf 93' lang='lat' dir='ltr'><strong><em>tibi</em></strong></span> <span class='ocrx_word' id='word_1_186' title='bbox 2237 3353 2496 3419; x_wconf 87' lang='lat' dir='ltr'><strong><em>debitas</em></strong></span> <span class='ocrx_word' id='word_1_187' title='bbox 2545 3355 2626 3418; x_wconf 94' lang='lat' dir='ltr'><strong><em>ab</em></strong></span> <span class='ocrx_word' id='word_1_188' title='bbox 2675 3353 2923 3419; x_wconf 91' lang='lat' dir='ltr'><strong><em>eisdem</em></strong></span> <span class='ocrx_word' id='word_1_189' title='bbox 2971 3353 3300 3436; x_wconf 88' lang='lat' dir='ltr'><strong><em>ecclesiis,</em></strong></span> <span class='ocrx_word' id='word_1_190' title='bbox 3346 3353 3760 3418; x_wconf 90' lang='lat' dir='ltr'><strong><em>monasteriis</em></strong></span> <span class='ocrx_word' id='word_1_191' title='bbox 3807 3355 3876 3416; x_wconf 90' lang='lat' dir='ltr'><strong><em>et</em></strong></span> 
     </span>
     <span class='ocr_line' id='line_1_23' title="bbox 807 3457 3879 3548; baseline -0 -26"><span class='ocrx_word' id='word_1_192' title='bbox 807 3457 968 3523; x_wconf 90' lang='lat' dir='ltr'><strong><em>locis</em></strong></span> <span class='ocrx_word' id='word_1_193' title='bbox 1031 3477 1108 3523; x_wconf 91' lang='lat' dir='ltr'><strong><em>ac</em></strong></span> <span class='ocrx_word' id='word_1_194' title='bbox 1154 3459 1452 3543; x_wconf 87' lang='lat' dir='ltr'><strong><em>personis</em></strong></span> <span class='ocrx_word' id='word_1_195' title='bbox 1499 3459 1721 3524; x_wconf 90' lang='lat' dir='ltr'><strong><em>taliter</em></strong></span> <span class='ocrx_word' id='word_1_196' title='bbox 1767 3460 2051 3524; x_wconf 90' lang='lat' dir='ltr'><strong><em>visitatis</em></strong></span> <span class='ocrx_word' id='word_1_197' title='bbox 2096 3462 2168 3526; x_wconf 92' lang='lat' dir='ltr'><strong><em>in</em></strong></span> <span class='ocrx_word' id='word_1_198' title='bbox 2214 3462 2499 3547; x_wconf 91' lang='lat' dir='ltr'><strong><em>pecunia</em></strong></span> <span class='ocrx_word' id='word_1_199' title='bbox 2547 3468 2892 3527; x_wconf 88' lang='lat' dir='ltr'><strong><em>numerata</em></strong></span> <span class='ocrx_word' id='word_1_200' title='bbox 2936 3462 3227 3548; x_wconf 88' lang='lat' dir='ltr'><strong><em>recipere</em></strong></span> <span class='ocrx_word' id='word_1_201' title='bbox 3251 3512 3267 3544; x_wconf 88' lang='lat'><strong><em>,</em></strong></span> <span class='ocrx_word' id='word_1_202' title='bbox 3333 3457 3685 3524; x_wconf 91' lang='lat' dir='ltr'><strong><em>dummodo</em></strong></span> <span class='ocrx_word' id='word_1_203' title='bbox 3732 3477 3879 3543; x_wconf 89' lang='lat' dir='ltr'><strong><em>pro-</em></strong></span> 
     </span>
     <span class='ocr_line' id='line_1_24' title="bbox 816 3562 3881 3655; baseline 0.001 -26"><span class='ocrx_word' id='word_1_204' title='bbox 816 3564 1196 3629; x_wconf 89' lang='lat' dir='ltr'><strong><em>curaciones</em></strong></span> <span class='ocrx_word' id='word_1_205' title='bbox 1242 3562 1617 3650; x_wconf 86' lang='lat' dir='ltr'><strong><em>hujusmodi</em></strong></span> <span class='ocrx_word' id='word_1_206' title='bbox 1668 3587 1987 3632; x_wconf 85' lang='lat' dir='ltr'><strong><em>summam</em></strong></span> <span class='ocrx_word' id='word_1_207' title='bbox 2035 3568 2309 3652; x_wconf 88' lang='lat' dir='ltr'><strong><em>triginta</em></strong></span> <span class='ocrx_word' id='word_1_208' title='bbox 2354 3571 2837 3636; x_wconf 86' lang='lat' dir='ltr'><strong><em>Turonensium</em></strong></span> <span class='ocrx_word' id='word_1_209' title='bbox 2878 3571 3170 3654; x_wconf 84' lang='lat' dir='ltr'><strong><em>argenti,</em></strong></span> <span class='ocrx_word' id='word_1_210' title='bbox 3221 3589 3500 3655; x_wconf 90' lang='lat' dir='ltr'><strong><em>quorum</em></strong></span> <span class='ocrx_word' id='word_1_211' title='bbox 3535 3566 3881 3633; x_wconf 89' lang='lat' dir='ltr'><strong><em>duodecim</em></strong></span> 
     </span>
     <span class='ocr_line' id='line_1_25' title="bbox 807 3669 3876 3761; baseline 0 -25"><span class='ocrx_word' id='word_1_212' title='bbox 807 3669 1073 3736; x_wconf 89' lang='lat' dir='ltr'><strong><em>valeant</em></strong></span> <span class='ocrx_word' id='word_1_213' title='bbox 1120 3690 1322 3733; x_wconf 89' lang='lat' dir='ltr'><strong><em>unum</em></strong></span> <span class='ocrx_word' id='word_1_214' title='bbox 1371 3671 1692 3736; x_wconf 89' lang='lat' dir='ltr'><strong><em>florenum</em></strong></span> <span class='ocrx_word' id='word_1_215' title='bbox 1741 3674 1882 3736; x_wconf 92' lang='lat' dir='ltr'><strong><em>auri</em></strong></span> <span class='ocrx_word' id='word_1_216' title='bbox 1931 3672 2241 3761; x_wconf 87' lang='lat' dir='ltr'><strong><em>ponderis</em></strong></span> <span class='ocrx_word' id='word_1_217' title='bbox 2288 3681 2357 3740; x_wconf 90' lang='lat' dir='ltr'><strong><em>et</em></strong></span> <span class='ocrx_word' id='word_1_218' title='bbox 2404 3677 2583 3740; x_wconf 91' lang='lat' dir='ltr'><strong><em>cunii</em></strong></span> <span class='ocrx_word' id='word_1_219' title='bbox 2630 3676 3030 3759; x_wconf 86' lang='lat' dir='ltr'><strong><em>Florentini,</em></strong></span> <span class='ocrx_word' id='word_1_220' title='bbox 3079 3697 3198 3761; x_wconf 91' lang='lat' dir='ltr'><strong><em>pro</em></strong></span> <span class='ocrx_word' id='word_1_221' title='bbox 3247 3673 3354 3740; x_wconf 90' lang='lat' dir='ltr'><strong><em>die</em></strong></span> <span class='ocrx_word' id='word_1_222' title='bbox 3404 3673 3699 3761; x_wconf 89' lang='lat' dir='ltr'><strong><em>qualibet</em></strong></span> <span class='ocrx_word' id='word_1_223' title='bbox 3742 3693 3876 3737; x_wconf 90' lang='lat' dir='ltr'><strong><em>non</em></strong></span> 
     </span>
     <span class='ocr_line' id='line_1_26' title="bbox 810 3775 3877 3860; baseline 0 -18"><span class='ocrx_word' id='word_1_224' title='bbox 810 3775 1174 3860; x_wconf 84' lang='lat' dir='ltr'><strong><em>excedant,</em></strong></span> <span class='ocrx_word' id='word_1_225' title='bbox 1244 3797 1378 3841; x_wconf 90' lang='lat' dir='ltr'><strong><em>non</em></strong></span> <span class='ocrx_word' id='word_1_226' title='bbox 1444 3777 1861 3844; x_wconf 89' lang='lat' dir='ltr'><strong><em>obstantibus</em></strong></span> <span class='ocrx_word' id='word_1_227' title='bbox 1927 3781 2519 3846; x_wconf 89' lang='lat' dir='ltr'><strong><em>constitucionibus</em></strong></span> <span class='ocrx_word' id='word_1_228' title='bbox 2583 3804 2621 3846; x_wconf 90' lang='lat' dir='ltr'><strong><em>a</em></strong></span> <span class='ocrx_word' id='word_1_229' title='bbox 2683 3782 2891 3847; x_wconf 82' lang='lat' dir='ltr'><strong><em>felicis</em></strong></span> <span class='ocrx_word' id='word_1_230' title='bbox 2957 3781 3438 3847; x_wconf 89' lang='lat' dir='ltr'><strong><em>recordacionis</em></strong></span> <span class='ocrx_word' id='word_1_231' title='bbox 3484 3779 3877 3844; x_wconf 88' lang='lat' dir='ltr'><strong><em>Innocentio</em></strong></span> 
     </span>
     <span class='ocr_line' id='line_1_27' title="bbox 809 3882 3877 3974; baseline 0 -27"><span class='ocrx_word' id='word_1_232' title='bbox 809 3887 1041 3970; x_wconf 87' lang='lat' dir='ltr'><strong><em>quarto</em></strong></span> <span class='ocrx_word' id='word_1_233' title='bbox 1104 3886 1173 3947; x_wconf 91' lang='lat' dir='ltr'><strong><em>et</em></strong></span> <span class='ocrx_word' id='word_1_234' title='bbox 1219 3882 1540 3969; x_wconf 82' lang='lat' dir='ltr'><strong><em>Gregorio</em></strong></span> <span class='ocrx_word' id='word_1_235' title='bbox 1588 3884 1655 3949; x_wconf 89' lang='lat' dir='ltr'>X</span> <span class='ocrx_word' id='word_1_236' title='bbox 1705 3890 1774 3949; x_wconf 91' lang='lat' dir='ltr'><strong><em>et</em></strong></span> <span class='ocrx_word' id='word_1_237' title='bbox 1822 3885 2226 3971; x_wconf 88' lang='lat' dir='ltr'><strong><em>quibuslibet</em></strong></span> <span class='ocrx_word' id='word_1_238' title='bbox 2279 3887 2421 3952; x_wconf 90' lang='lat' dir='ltr'><strong><em>aliis</em></strong></span> <span class='ocrx_word' id='word_1_239' title='bbox 2470 3887 2787 3952; x_wconf 89' lang='lat' dir='ltr'><strong><em>Romanis</em></strong></span> <span class='ocrx_word' id='word_1_240' title='bbox 2836 3888 3255 3974; x_wconf 88' lang='lat' dir='ltr'><strong><em>pontificibus</em></strong></span> <span class='ocrx_word' id='word_1_241' title='bbox 3304 3885 3877 3973; x_wconf 89' lang='lat' dir='ltr'><strong><em>predecessoribus</em></strong></span> 
     </span>
     <span class='ocr_line' id='line_1_28' title="bbox 819 3989 3881 4080; baseline 0 -26"><span class='ocrx_word' id='word_1_242' title='bbox 819 3989 1059 4054; x_wconf 89' lang='lat' dir='ltr'><strong><em>nostris</em></strong></span> <span class='ocrx_word' id='word_1_243' title='bbox 1126 3989 1195 4054; x_wconf 91' lang='lat' dir='ltr'><strong><em>in</em></strong></span> <span class='ocrx_word' id='word_1_244' title='bbox 1266 3990 1663 4055; x_wconf 89' lang='lat' dir='ltr'><strong><em>contrarium</em></strong></span> <span class='ocrx_word' id='word_1_245' title='bbox 1742 3991 1939 4055; x_wconf 90' lang='lat' dir='ltr'><strong><em>editis</em></strong></span> <span class='ocrx_word' id='word_1_246' title='bbox 2010 4012 2086 4056; x_wconf 93' lang='lat' dir='ltr'><strong><em>ac</em></strong></span> <span class='ocrx_word' id='word_1_247' title='bbox 2146 3993 2506 4078; x_wconf 86' lang='lat' dir='ltr'><strong><em>privilegiis</em></strong></span> <span class='ocrx_word' id='word_1_248' title='bbox 2571 4000 2638 4059; x_wconf 87' lang='lat' dir='ltr'><strong><em>et</em></strong></span> <span class='ocrx_word' id='word_1_249' title='bbox 2699 3994 3126 4079; x_wconf 85' lang='lat' dir='ltr'><strong><em>indulgentiis</em></strong></span> <span class='ocrx_word' id='word_1_250' title='bbox 3189 3994 3567 4080; x_wconf 89' lang='lat' dir='ltr'><strong><em>apostolicis</em></strong></span> <span class='ocrx_word' id='word_1_251' title='bbox 3615 3991 3881 4078; x_wconf 89' lang='lat' dir='ltr'><strong><em>quibus-</em></strong></span> 
     </span>
     <span class='ocr_line' id='line_1_29' title="bbox 811 4096 3880 4189; baseline 0.002 -31"><span class='ocrx_word' id='word_1_252' title='bbox 811 4114 1069 4180; x_wconf 88' lang='lat' dir='ltr'><strong><em>cunque</em></strong></span> <span class='ocrx_word' id='word_1_253' title='bbox 1135 4096 1529 4181; x_wconf 89' lang='lat' dir='ltr'><strong><em>specialibus</em></strong></span> <span class='ocrx_word' id='word_1_254' title='bbox 1595 4098 1700 4161; x_wconf 84' lang='lat' dir='ltr'><strong><em>vel</em></strong></span> <span class='ocrx_word' id='word_1_255' title='bbox 1765 4099 2220 4182; x_wconf 84' lang='lat' dir='ltr'><strong><em>generalibus,</em></strong></span> <span class='ocrx_word' id='word_1_256' title='bbox 2289 4099 2372 4164; x_wconf 90' lang='lat' dir='ltr'><strong><em>de</em></strong></span> <span class='ocrx_word' id='word_1_257' title='bbox 2434 4102 2672 4188; x_wconf 89' lang='lat' dir='ltr'><strong><em>quibus</em></strong></span> <span class='ocrx_word' id='word_1_258' title='bbox 2735 4124 3141 4189; x_wconf 90' lang='lat' dir='ltr'><strong><em>quorumque</em></strong></span> <span class='ocrx_word' id='word_1_259' title='bbox 3202 4104 3360 4167; x_wconf 90' lang='lat' dir='ltr'><strong><em>totis</em></strong></span> <span class='ocrx_word' id='word_1_260' title='bbox 3413 4103 3751 4168; x_wconf 84' lang='lat' dir='ltr'><strong><em>tenoribus</em></strong></span> <span class='ocrx_word' id='word_1_261' title='bbox 3798 4101 3880 4166; x_wconf 89' lang='lat' dir='ltr'><strong><em>de</em></strong></span> 
     </span>
     <span class='ocr_line' id='line_1_30' title="bbox 809 4199 3881 4294; baseline 0.002 -29"><span class='ocrx_word' id='word_1_262' title='bbox 809 4200 1012 4265; x_wconf 86' lang='lat' dir='ltr'><strong><em>verbo</em></strong></span> <span class='ocrx_word' id='word_1_263' title='bbox 1079 4199 1162 4264; x_wconf 88' lang='lat' dir='ltr'><strong><em>ad</em></strong></span> <span class='ocrx_word' id='word_1_264' title='bbox 1229 4201 1503 4266; x_wconf 89' lang='lat' dir='ltr'><strong><em>verbum</em></strong></span> <span class='ocrx_word' id='word_1_265' title='bbox 1556 4202 1628 4266; x_wconf 90' lang='lat' dir='ltr'><strong><em>in</em></strong></span> <span class='ocrx_word' id='word_1_266' title='bbox 1683 4203 1923 4268; x_wconf 88' lang='lat' dir='ltr'><strong><em>nostris</em></strong></span> <span class='ocrx_word' id='word_1_267' title='bbox 1969 4204 2207 4269; x_wconf 87' lang='lat' dir='ltr'><strong><em>litteris</em></strong></span> <span class='ocrx_word' id='word_1_268' title='bbox 2255 4208 2604 4292; x_wconf 87' lang='lat' dir='ltr'><strong><em>specialem</em></strong></span> <span class='ocrx_word' id='word_1_269' title='bbox 2652 4214 2953 4294; x_wconf 90' lang='lat' dir='ltr'><strong><em>oporteat</em></strong></span> <span class='ocrx_word' id='word_1_270' title='bbox 2997 4208 3139 4273; x_wconf 90' lang='lat' dir='ltr'><strong><em>fieri</em></strong></span> <span class='ocrx_word' id='word_1_271' title='bbox 3191 4209 3601 4274; x_wconf 88' lang='lat' dir='ltr'><strong><em>mencionem</em></strong></span> <span class='ocrx_word' id='word_1_272' title='bbox 3650 4214 3718 4273; x_wconf 89' lang='lat' dir='ltr'><strong><em>et</em></strong></span> <span class='ocrx_word' id='word_1_273' title='bbox 3765 4229 3881 4293; x_wconf 90' lang='lat' dir='ltr'><strong><em>per</em></strong></span> 
     </span>
     <span class='ocr_line' id='line_1_31' title="bbox 813 4307 3879 4401; baseline 0.003 -32"><span class='ocrx_word' id='word_1_274' title='bbox 813 4326 941 4392; x_wconf 89' lang='lat' dir='ltr'><strong><em>que</em></strong></span> <span class='ocrx_word' id='word_1_275' title='bbox 991 4307 1414 4391; x_wconf 87' lang='lat' dir='ltr'><strong><em>presentibus</em></strong></span> <span class='ocrx_word' id='word_1_276' title='bbox 1464 4328 1597 4373; x_wconf 89' lang='lat' dir='ltr'><strong><em>non</em></strong></span> <span class='ocrx_word' id='word_1_277' title='bbox 1648 4329 1964 4396; x_wconf 84' lang='lat' dir='ltr'><strong><em>expressa</em></strong></span> <span class='ocrx_word' id='word_1_278' title='bbox 2010 4311 2115 4375; x_wconf 89' lang='lat' dir='ltr'><strong><em>vel</em></strong></span> <span class='ocrx_word' id='word_1_279' title='bbox 2163 4312 2458 4377; x_wconf 87' lang='lat' dir='ltr'><strong><em>totaliter</em></strong></span> <span class='ocrx_word' id='word_1_280' title='bbox 2500 4334 2631 4377; x_wconf 89' lang='lat' dir='ltr'><strong><em>non</em></strong></span> <span class='ocrx_word' id='word_1_281' title='bbox 2665 4315 2913 4379; x_wconf 89' lang='lat' dir='ltr'><strong><em>inserta</em></strong></span> <span class='ocrx_word' id='word_1_282' title='bbox 2944 4314 3214 4379; x_wconf 87' lang='lat' dir='ltr'><strong><em>effectus</em></strong></span> <span class='ocrx_word' id='word_1_283' title='bbox 3246 4313 3628 4401; x_wconf 88' lang='lat' dir='ltr'><strong><em>hujusmodi</em></strong></span> <span class='ocrx_word' id='word_1_284' title='bbox 3664 4315 3879 4400; x_wconf 87' lang='lat' dir='ltr'><strong><em>gracie</em></strong></span> 
     </span>
     <span class='ocr_line' id='line_1_32' title="bbox 825 4409 3880 4506; baseline 0.002 -32"><span class='ocrx_word' id='word_1_285' title='bbox 825 4409 1131 4497; x_wconf 89' lang='lat' dir='ltr'><strong><em>impediri</em></strong></span> <span class='ocrx_word' id='word_1_286' title='bbox 1176 4412 1396 4477; x_wconf 86' lang='lat' dir='ltr'><strong><em>valeat</em></strong></span> <span class='ocrx_word' id='word_1_287' title='bbox 1429 4414 1922 4498; x_wconf 90' lang='lat' dir='ltr'><strong><em>quomodolibet</em></strong></span> <span class='ocrx_word' id='word_1_288' title='bbox 1954 4416 2060 4481; x_wconf 85' lang='lat' dir='ltr'><strong><em>vel</em></strong></span> <span class='ocrx_word' id='word_1_289' title='bbox 2092 4415 2371 4500; x_wconf 87' lang='lat' dir='ltr'><strong><em>differri,</em></strong></span> <span class='ocrx_word' id='word_1_290' title='bbox 2422 4419 2544 4484; x_wconf 87' lang='lat' dir='ltr'><strong><em>tibi</em></strong></span> <span class='ocrx_word' id='word_1_291' title='bbox 2575 4421 2966 4485; x_wconf 87' lang='lat' dir='ltr'><strong><em>auctoritate</em></strong></span> <span class='ocrx_word' id='word_1_292' title='bbox 2998 4421 3409 4506; x_wconf 90' lang='lat' dir='ltr'><strong><em>presencium</em></strong></span> <span class='ocrx_word' id='word_1_293' title='bbox 3443 4419 3880 4504; x_wconf 88' lang='lat' dir='ltr'><strong><em>indulgemus.</em></strong></span> 
     </span>
     <span class='ocr_line' id='line_1_33' title="bbox 811 4516 3881 4612; baseline 0.002 -30"><span class='ocrx_word' id='word_1_294' title='bbox 811 4516 1051 4582; x_wconf 86' lang='lat' dir='ltr'><strong><em>Nostre</em></strong></span> <span class='ocrx_word' id='word_1_295' title='bbox 1118 4524 1339 4583; x_wconf 89' lang='lat' dir='ltr'><strong><em>tamen</em></strong></span> <span class='ocrx_word' id='word_1_296' title='bbox 1406 4520 1808 4586; x_wconf 87' lang='lat' dir='ltr'><strong><em>intencionis</em></strong></span> <span class='ocrx_word' id='word_1_297' title='bbox 1867 4524 2135 4607; x_wconf 83' lang='lat' dir='ltr'><strong><em>existit,</em></strong></span> <span class='ocrx_word' id='word_1_298' title='bbox 2186 4531 2263 4588; x_wconf 91' lang='lat' dir='ltr'><strong><em>ut</em></strong></span> <span class='ocrx_word' id='word_1_299' title='bbox 2307 4525 2438 4608; x_wconf 90' lang='lat' dir='ltr'><strong><em>hii,</em></strong></span> <span class='ocrx_word' id='word_1_300' title='bbox 2487 4547 2762 4610; x_wconf 88' lang='lat' dir='ltr'><strong><em>quorum</em></strong></span> <span class='ocrx_word' id='word_1_301' title='bbox 2809 4527 3157 4592; x_wconf 82' lang='lat' dir='ltr'><strong><em>facultates</em></strong></span> <span class='ocrx_word' id='word_1_302' title='bbox 3204 4526 3289 4591; x_wconf 91' lang='lat' dir='ltr'><strong><em>ad</em></strong></span> <span class='ocrx_word' id='word_1_303' title='bbox 3336 4528 3662 4612; x_wconf 88' lang='lat' dir='ltr'><strong><em>integram</em></strong></span> <span class='ocrx_word' id='word_1_304' title='bbox 3711 4524 3881 4589; x_wconf 92' lang='lat' dir='ltr'><strong><em>solu·</em></strong></span> 
     </span>
     <span class='ocr_line' id='line_1_34' title="bbox 820 4622 3881 4719; baseline 0.002 -32"><span class='ocrx_word' id='word_1_305' title='bbox 820 4622 1077 4688; x_wconf 90' lang='lat' dir='ltr'><strong><em>cionem</em></strong></span> <span class='ocrx_word' id='word_1_306' title='bbox 1141 4623 1518 4711; x_wconf 89' lang='lat' dir='ltr'><strong><em>hujusmodi</em></strong></span> <span class='ocrx_word' id='word_1_307' title='bbox 1583 4648 1835 4693; x_wconf 91' lang='lat' dir='ltr'><strong><em>summe</em></strong></span> <span class='ocrx_word' id='word_1_308' title='bbox 1902 4632 2302 4716; x_wconf 89' lang='lat' dir='ltr'><strong><em>supportatis</em></strong></span> <span class='ocrx_word' id='word_1_309' title='bbox 2365 4632 2509 4696; x_wconf 91' lang='lat' dir='ltr'><strong><em>aliis</em></strong></span> <span class='ocrx_word' id='word_1_310' title='bbox 2560 4633 2868 4697; x_wconf 89' lang='lat' dir='ltr'><strong><em>oneribus</em></strong></span> <span class='ocrx_word' id='word_1_311' title='bbox 2917 4633 3248 4698; x_wconf 83' lang='lat' dir='ltr'><strong><em>consuetis</em></strong></span> <span class='ocrx_word' id='word_1_312' title='bbox 3297 4653 3434 4697; x_wconf 91' lang='lat' dir='ltr'><strong><em>non</em></strong></span> <span class='ocrx_word' id='word_1_313' title='bbox 3481 4634 3881 4719; x_wconf 88' lang='lat' dir='ltr'><strong><em>suppetunt,</em></strong></span> 
     </span>
     <span class='ocr_line' id='line_1_35' title="bbox 813 4728 3884 4824; baseline 0.001 -30"><span class='ocrx_word' id='word_1_314' title='bbox 813 4728 991 4794; x_wconf 90' lang='lat' dir='ltr'><strong><em>ultra</em></strong></span> <span class='ocrx_word' id='word_1_315' title='bbox 1053 4750 1249 4814; x_wconf 91' lang='lat' dir='ltr'><strong><em>quam</em></strong></span> <span class='ocrx_word' id='word_1_316' title='bbox 1303 4733 1505 4817; x_wconf 82' lang='lat' dir='ltr'><strong><em>juxta</em></strong></span> <span class='ocrx_word' id='word_1_317' title='bbox 1567 4753 1831 4799; x_wconf 88' lang='lat' dir='ltr'><strong><em>suarum</em></strong></span> <span class='ocrx_word' id='word_1_318' title='bbox 1896 4735 2274 4821; x_wconf 88' lang='lat' dir='ltr'><strong><em>hujusmodi</em></strong></span> <span class='ocrx_word' id='word_1_319' title='bbox 2319 4738 2705 4803; x_wconf 83' lang='lat' dir='ltr'><strong><em>facultatum</em></strong></span> <span class='ocrx_word' id='word_1_320' title='bbox 2753 4739 3155 4824; x_wconf 81' lang='lat' dir='ltr'><strong><em>exigentiam</em></strong></span> <span class='ocrx_word' id='word_1_321' title='bbox 3203 4738 3542 4804; x_wconf 88' lang='lat' dir='ltr'><strong><em>commode</em></strong></span> <span class='ocrx_word' id='word_1_322' title='bbox 3590 4737 3884 4816; x_wconf 90' lang='lat' dir='ltr'><strong><em>valeant,</em></strong></span> 
     </span>
     <span class='ocr_line' id='line_1_36' title="bbox 814 4836 3881 4932; baseline 0.001 -32"><span class='ocrx_word' id='word_1_323' title='bbox 814 4836 912 4900; x_wconf 93' lang='lat' dir='ltr'><strong><em>illi</em></strong></span> <span class='ocrx_word' id='word_1_324' title='bbox 980 4856 1175 4918; x_wconf 86' lang='lat' dir='ltr'><strong><em>vero,</em></strong></span> <span class='ocrx_word' id='word_1_325' title='bbox 1244 4837 1358 4922; x_wconf 93' lang='lat' dir='ltr'><strong><em>qui</em></strong></span> <span class='ocrx_word' id='word_1_326' title='bbox 1421 4837 1503 4902; x_wconf 89' lang='lat' dir='ltr'><strong><em>de</em></strong></span> <span class='ocrx_word' id='word_1_327' title='bbox 1570 4838 1747 4905; x_wconf 89' lang='lat' dir='ltr'><strong><em>dicta</em></strong></span> <span class='ocrx_word' id='word_1_328' title='bbox 1810 4863 2064 4907; x_wconf 89' lang='lat' dir='ltr'><strong><em>summa</em></strong></span> <span class='ocrx_word' id='word_1_329' title='bbox 2124 4844 2326 4908; x_wconf 91' lang='lat' dir='ltr'><strong><em>nichil</em></strong></span> <span class='ocrx_word' id='word_1_330' title='bbox 2374 4846 2628 4911; x_wconf 88' lang='lat' dir='ltr'><strong><em>solvere</em></strong></span> <span class='ocrx_word' id='word_1_331' title='bbox 2675 4851 3019 4932; x_wconf 88' lang='lat' dir='ltr'><strong><em>poterunt,</em></strong></span> <span class='ocrx_word' id='word_1_332' title='bbox 3067 4844 3151 4910; x_wconf 86' lang='lat' dir='ltr'><strong><em>ad</em></strong></span> <span class='ocrx_word' id='word_1_333' title='bbox 3199 4843 3587 4910; x_wconf 88' lang='lat' dir='ltr'><strong><em>solvendum</em></strong></span> <span class='ocrx_word' id='word_1_334' title='bbox 3635 4840 3881 4929; x_wconf 89' lang='lat' dir='ltr'><strong><em>aliquid</em></strong></span> 
     </span>
     <span class='ocr_line' id='line_1_37' title="bbox 818 4939 3878 5036; baseline 0.002 -33"><span class='ocrx_word' id='word_1_335' title='bbox 818 4945 1130 5026; x_wconf 83' lang='lat' dir='ltr'><strong><em>pretextu</em></strong></span> <span class='ocrx_word' id='word_1_336' title='bbox 1175 4939 1417 5005; x_wconf 89' lang='lat' dir='ltr'><strong><em>indulti</em></strong></span> <span class='ocrx_word' id='word_1_337' title='bbox 1461 4941 1841 5027; x_wconf 84' lang='lat' dir='ltr'><strong><em>hujusmodi</em></strong></span> <span class='ocrx_word' id='word_1_338' title='bbox 1889 4947 2267 5013; x_wconf 89' lang='lat' dir='ltr'><strong><em>nullatenus</em></strong></span> <span class='ocrx_word' id='word_1_339' title='bbox 2315 4949 2811 5035; x_wconf 90' lang='lat' dir='ltr'><strong><em>compellantur.</em></strong></span> <span class='ocrx_word' id='word_1_340' title='bbox 2860 4949 3044 5014; x_wconf 87' lang='lat' dir='ltr'><strong><em>Nulli</em></strong></span> <span class='ocrx_word' id='word_1_341' title='bbox 3093 4970 3249 5036; x_wconf 88' lang='lat' dir='ltr'><strong><em>ergo</em></strong></span> <span class='ocrx_word' id='word_1_342' title='bbox 3296 4956 3406 5013; x_wconf 82' lang='lat' dir='ltr'><strong><em>etc.</em></strong></span> <span class='ocrx_word' id='word_1_343' title='bbox 3457 4953 3681 5013; x_wconf 87' lang='lat' dir='ltr'><strong><em>nostre</em></strong></span> <span class='ocrx_word' id='word_1_344' title='bbox 3728 4966 3878 5011; x_wconf 91' lang='lat' dir='ltr'><strong><em>con-</em></strong></span> 
     </span>
     <span class='ocr_line' id='line_1_38' title="bbox 817 5045 3418 5139; baseline 0.003 -29"><span class='ocrx_word' id='word_1_345' title='bbox 817 5045 1133 5111; x_wconf 86' lang='lat' dir='ltr'><strong><em>cessionis</em></strong></span> <span class='ocrx_word' id='word_1_346' title='bbox 1178 5046 1536 5134; x_wconf 85' lang='lat' dir='ltr'><strong><em>infringere</em></strong></span> <span class='ocrx_word' id='word_1_347' title='bbox 1584 5058 1694 5115; x_wconf 83' lang='lat' dir='ltr'><strong><em>etc.</em></strong></span> <span class='ocrx_word' id='word_1_348' title='bbox 1765 5052 1920 5117; x_wconf 89' lang='lat' dir='ltr'><strong><em>Dat.</em></strong></span> <span class='ocrx_word' id='word_1_349' title='bbox 1970 5052 2338 5136; x_wconf 85' lang='lat' dir='ltr'><strong><em>Avinione,</em></strong></span> <span class='ocrx_word' id='word_1_350' title='bbox 2385 5054 2488 5120; x_wconf 86' lang='lat' dir='ltr'><strong><em>VI</em></strong></span> <span class='ocrx_word' id='word_1_351' title='bbox 2534 5055 2632 5120; x_wconf 89' lang='lat' dir='ltr'><strong><em>Id.</em></strong></span> <span class='ocrx_word' id='word_1_352' title='bbox 2681 5056 2948 5139; x_wconf 81' lang='lat' dir='ltr'><strong><em>Marcii,</em></strong></span> <span class='ocrx_word' id='word_1_353' title='bbox 2997 5076 3171 5120; x_wconf 88' lang='lat' dir='ltr'><strong><em>anno</em></strong></span> <span class='ocrx_word' id='word_1_354' title='bbox 3222 5076 3418 5120; x_wconf 88' lang='lat' dir='ltr'><strong><em>ncnc.</em></strong></span> 
     </span>
    </p>

    <p class='ocr_par' dir='ltr' id='par_1_9' title="bbox 1038 5152 3883 5244">
     <span class='ocr_line' id='line_1_39' title="bbox 1038 5152 3883 5244; baseline 0.001 -26"><span class='ocrx_word' id='word_1_355' title='bbox 1038 5152 1128 5218; x_wconf 79' lang='lat' dir='ltr'><strong><em>In</em></strong></span> <span class='ocrx_word' id='word_1_356' title='bbox 1167 5174 1217 5219; x_wconf 92' lang='lat' dir='ltr'><strong><em>e.</em></strong></span> <span class='ocrx_word' id='word_1_357' title='bbox 1257 5176 1341 5220; x_wconf 85' lang='lat' dir='ltr'><strong><em>m.</em></strong></span> <span class='ocrx_word' id='word_1_358' title='bbox 1390 5154 1647 5220; x_wconf 89' lang='lat' dir='ltr'><strong><em>dilectis</em></strong></span> <span class='ocrx_word' id='word_1_359' title='bbox 1695 5157 1847 5222; x_wconf 91' lang='lat' dir='ltr'><strong><em>filiis</em></strong></span> <span class='ocrx_word' id='word_1_360' title='bbox 1898 5206 1913 5221; x_wconf 92' lang='lat'><strong><em>.</em></strong></span> <span class='ocrx_word' id='word_1_361' title='bbox 1943 5205 1958 5221; x_wconf 92' lang='lat'><strong><em>.</em></strong></span> <span class='ocrx_word' id='word_1_362' title='bbox 2008 5160 2342 5244; x_wconf 90' lang='lat' dir='ltr'><strong><em>preposito</em></strong></span> <span class='ocrx_word' id='word_1_363' title='bbox 2390 5161 2840 5226; x_wconf 87' lang='lat' dir='ltr'><strong><em>Avenionensi</em></strong></span> <span class='ocrx_word' id='word_1_364' title='bbox 2888 5167 2956 5226; x_wconf 91' lang='lat' dir='ltr'><strong><em>et</em></strong></span> <span class='ocrx_word' id='word_1_365' title='bbox 3006 5210 3064 5225; x_wconf 91' lang='lat'><strong><em>..</em></strong></span> <span class='ocrx_word' id='word_1_366' title='bbox 3116 5161 3364 5227; x_wconf 90' lang='lat' dir='ltr'><strong><em>decano</em></strong></span> <span class='ocrx_word' id='word_1_367' title='bbox 3409 5159 3618 5225; x_wconf 90' lang='lat' dir='ltr'><strong><em>sancti</em></strong></span> <span class='ocrx_word' id='word_1_368' title='bbox 3662 5157 3883 5224; x_wconf 85' lang='lat' dir='ltr'><strong><em>Salva-</em></strong></span> 
     </span>
    </p>
   </div>
   <div class='ocr_carea' id='block_1_8' title="bbox 820 5259 3884 5433">
    <p class='ocr_par' dir='ltr' id='par_1_10' title="bbox 820 5259 3884 5433">
     <span class='ocr_line' id='line_1_40' title="bbox 828 5259 3884 5352; baseline 0.002 -29"><span class='ocrx_word' id='word_1_369' title='bbox 828 5259 990 5324; x_wconf 90' lang='lat' dir='ltr'><strong><em>toris</em></strong></span> <span class='ocrx_word' id='word_1_370' title='bbox 1053 5259 1499 5346; x_wconf 85' lang='lat' dir='ltr'><strong><em>Trajectensis</em></strong></span> <span class='ocrx_word' id='word_1_371' title='bbox 1562 5282 1638 5326; x_wconf 88' lang='lat' dir='ltr'><strong><em>ac</em></strong></span> <span class='ocrx_word' id='word_1_372' title='bbox 1704 5310 1720 5326; x_wconf 94' lang='lat'><strong><em>.</em></strong></span> <span class='ocrx_word' id='word_1_373' title='bbox 1752 5311 1767 5326; x_wconf 92' lang='lat'><strong><em>.</em></strong></span> <span class='ocrx_word' id='word_1_374' title='bbox 1833 5264 2238 5329; x_wconf 89' lang='lat' dir='ltr'><strong><em>thesaurario</em></strong></span> <span class='ocrx_word' id='word_1_375' title='bbox 2300 5266 2801 5332; x_wconf 88' lang='lat' dir='ltr'><strong><em>Davantriensis</em></strong></span> <span class='ocrx_word' id='word_1_376' title='bbox 2865 5268 3307 5352; x_wconf 85' lang='lat' dir='ltr'><strong><em>Trajectensis</em></strong></span> <span class='ocrx_word' id='word_1_377' title='bbox 3358 5266 3635 5331; x_wconf 89' lang='lat' dir='ltr'><strong><em>diocesis</em></strong></span> <span class='ocrx_word' id='word_1_378' title='bbox 3682 5265 3884 5330; x_wconf 88' lang='lat' dir='ltr'><strong><em>eccle-</em></strong></span> 
     </span>
     <span class='ocr_line' id='line_1_41' title="bbox 820 5366 1549 5433; baseline 0.003 -3"><span class='ocrx_word' id='word_1_379' title='bbox 820 5366 1063 5431; x_wconf 90' lang='lat' dir='ltr'><strong><em>siarum</em></strong></span> <span class='ocrx_word' id='word_1_380' title='bbox 1110 5368 1391 5431; x_wconf 90' lang='lat' dir='ltr'><strong><em>salutem</em></strong></span> <span class='ocrx_word' id='word_1_381' title='bbox 1437 5375 1549 5433; x_wconf 77' lang='lat' dir='ltr'><strong><em>etc.</em></strong></span> 
     </span>
    </p>
   </div>
   <div class='ocr_carea' id='block_1_9' title="bbox 1230 5500 1949 5567">
    <p class='ocr_par' dir='ltr' id='par_1_11' title="bbox 1230 5500 1949 5567">
     <span class='ocr_line' id='line_1_42' title="bbox 1230 5500 1949 5567; baseline 0.008 -18"><span class='ocrx_word' id='word_1_382' title='bbox 1230 5501 1355 5564; x_wconf 69' lang='lat' dir='ltr'><strong><em>Ray.</em></strong></span> <span class='ocrx_word' id='word_1_383' title='bbox 1391 5503 1491 5551; x_wconf 73' lang='lat' dir='ltr'><strong><em>Ac.</em></strong></span> <span class='ocrx_word' id='word_1_384' title='bbox 1531 5504 1583 5551; x_wconf 86' lang='lat' dir='ltr'><strong><em>T.</em></strong></span> <span class='ocrx_word' id='word_1_385' title='bbox 1620 5500 1711 5567; x_wconf 73' lang='lat'><strong><em>27,</em></strong></span> <span class='ocrx_word' id='word_1_386' title='bbox 1736 5507 1798 5566; x_wconf 83' lang='lat' dir='ltr'><strong><em>s.</em></strong></span> <span class='ocrx_word' id='word_1_387' title='bbox 1833 5504 1949 5555; x_wconf 72' lang='lat'><strong><em>125.</em></strong></span> 
     </span>
    </p>
   </div>
  </div>
 </body>
</html>
