4450 6684
828 544 914 610 26
2109 549 2427 616 omnus
2474 552 2592 615 VI.

1139 764 1226 829 K.
1289 764 1451 828 Item
1499 765 1799 832 Elizabet
1846 769 2039 832 uxori
2083 768 2409 835 Johannis
2456 771 2703 837 domini
2751 773 3145 859 Oiminghen
3189 774 3418 857 (eic)1)

1288 871 1514 936 militis
3098 880 3541 965 Trajectensis
3588 879 3883 945 diocesis.

1138 978 1216 1042 L.
1287 977 1450 1042 Item
1498 979 1787 1045 Johanni
1836 980 2100 1046 domino
2148 980 2232 1048 de
2282 982 2715 1049 Oulemborch
2763 984 3110 1052 domicello
3317 1035 3345 1065 „
3718 1035 3747 1068 „

1141 1084 1229 1149 Μ.
1292 1084 1454 1150 Item
1501 1085 1759 1150 Madilti
1809 1085 2071 1152 domine
2120 1088 2202 1153 de
2252 1088 2492 1155 Vornis
3320 1141 3349 1172 „
3723 1140 3752 1173 ‚‚

1243 1204 1336 1252 Ita
1378 1205 1567 1268 singuli
1615 1210 1931 1254 recensentur
1979 1208 2100 1271 309.
2140 1209 2236 1257 Ao.
2280 1204 2339 1256 T.
2374 1206 2466 1271 55,
2500 1210 2555 1272 f.
2592 1207 2817 1272 69-75,
2867 1210 2950 1260 ubi
2983 1215 3183 1260 exstant
3217 1210 3469 1273 „rubrica
3505 1211 3806 1261 litterarum
3841 1209 3908 1260 de

1178 1286 1607 1337 absolutionibus
1643 1289 1774 1338 anni
1809 1291 2026 1340 octavi.''

984 1404 1036 1469 1)
1071 1404 1262 1469 Legae:
1301 1406 1366 1456 de
1400 1407 1768 1474 Cruninghen.

2065 1616 2110 1622 -
2159 1618 2473 1623 ---——.·
2520 1617 2647 1624 Ψ

826 1781 1274 1851 1381-1338.
1368 1786 1578 1867 (1349
1610 1808 1651 1849 a
1682 1786 1783 1850 die
1814 1789 1901 1850 19
1933 1786 2105 1870 Maji
2133 1810 2333 1875 usque
2365 1789 2452 1854 ad
2481 1789 2644 1852 diem
2674 1791 2763 1854 18
2793 1788 2967 1871 Mafi
2995 1810 3100 1853 an.
3134 1791 3364 1873 1350).

1136 1938 1220 2004 A.
1295 1939 1592 2006 Suedero
1638 1942 1875 2006 Uterlo
1924 1942 2329 2028 conceditur,
2378 1941 2554 2030 quod
2593 1942 2856 2008 collatio
2890 1943 3016 2009 sibi
3048 1943 3220 2035 facta
3253 1943 3336 2009 de
3369 1942 3584 2007 officio
3617 1941 3890 2005 scolarie

1049 2046 1327 2112 ecclesie
1377 2048 1819 2133 Trajectensis
1868 2050 2104 2115 valeat.

1132 2152 1210 2217 Β.
1287 2153 1572 2219 Martino
1645 2155 1972 2242 Alphardi
2032 2157 2345 2221 canonico
2407 2158 2872 2222 Davantriensi
2922 2156 3364 2243 TraJectensis
3414 2154 3692 2220 diocesis
3740 2174 3894 2218 con·

1044 2257 1339 2343 ceditur,
1388 2259 1563 2347 quod
1611 2262 2012 2347 permutatio
2061 2262 2237 2327 facta
2281 2283 2400 2348 per
2444 2262 2660 2348 ipsum
2708 2283 2854 2327 cum
2904 2261 3082 2327 dicto
3132 2261 3523 2328 canonicatu
3573 2259 3809 2325 valeat.

1132 2364 1205 2429 Ο.
1280 2365 1661 2452 Guinpardo
1734 2366 1816 2432 de
1889 2366 2205 2433 Herelere
2276 2369 2590 2434 canonico
2652 2368 2847 2433 beate
2908 2368 3115 2434 Marie
3162 2366 3608 2453 Trajectensis
3655 2386 3886 2431 conce-

1048 2471 1245 2553 ditur,
1294 2477 1369 2537 ut
1418 2473 1678 2538 collatio
1732 2479 1799 2539 et
1849 2474 2214 2561 acceptatio
2262 2494 2338 2538 ac
2384 2474 2667 2560 provisio
2715 2473 2839 2538 sibi
2885 2474 3054 2539 facte
3103 2473 3187 2538 de
3233 2473 3575 2560 prebenda
3619 2470 3893 2537 ecclesie

1043 2576 1338 2662 predicte
1387 2578 1670 2644 valeant.

1130 2681 1215 2746 D.
1290 2731 1306 2747 .
1336 2732 1352 2748 .
1400 2682 1732 2771 Episcopo
1778 2685 2134 2750 Leodiensi
2181 2684 2566 2767 mandatur,
2616 2690 2691 2750 ut
2736 2705 2885 2750 cum
2933 2684 3139 2750 nobili
3170 2685 3311 2751 viro
3343 2684 3557 2751 Paulo
3588 2683 3888 2748 Moelner

1041 2789 1251 2855 milite
1316 2799 1384 2856 et
1446 2791 1706 2877 Aleyde
1772 2791 2002 2856 relicta
2059 2792 2367 2878 Symonis
2412 2790 2742 2855 Zevorder
2788 2789 3120 2878 quondam
3166 2791 3393 2855 militis
3444 2787 3886 2875 TraJectensis

1047 2894 1326 2961 diocesis
1374 2918 1571 2984 super
1616 2898 1962 2984 illegitimo
2010 2898 2428 2963 matrimonio
2475 2898 2648 2962 inter
2695 2918 2808 2963 eos
2856 2903 3190 2963 contracto
3237 2897 3599 2984 dispenset.

1135 3001 1212 3067 Ε.
1283 3004 1574 3069 ‚Iohanni
1643 3005 1724 3070 de
1773 3004 2186 3092 Lapideania
2233 3004 2601 3091 preceptori
2650 3003 2881 3069 domus
2928 3011 3153 3069 sancte
3202 3003 3570 3070 Katherine
3629 3002 3883 3087 TraJec·

1051 3110 1254 3174 tensis
1296 3110 1542 3176 ordinis
1584 3113 1798 3176 sancti
1837 3111 2161 3177 Johannis
2202 3110 2754 3177 Jerosolimitani:
2806 3110 3116 3197 recipitur
3153 3110 3225 3174 in
3267 3110 3680 3196 capellanum
3720 3106 3893 3173 sedis

1047 3215 1405 3301 apostolice
1455 3223 1531 3282 ut
1577 3217 1649 3281 in
1696 3218 1923 3282 forma.

1133 3321 1209 3386 F.
1281 3321 1508 3388 Nobili
1582 3324 1721 3388 viro
1785 3323 2156 3389 oisemerto
2230 3321 2312 3387 de
2380 3320 2655 3387 Abcode
2718 3322 2867 3405 (sic)
2931 3320 3015 3387 de
3078 3322 3425 3388 Ghaeboet
3451 3322 3506 3404 1)
3553 3304 3762 3385 'militi
3826 3323 3892 3383 et

1047 3427 1355 3493 Johanne
1404 3432 1546 3515 ejus
1596 3431 1790 3495 uxori
1839 3428 2282 3514 Trajectensis
2328 3427 2609 3492 diocesis
2652 3427 3065 3514 indulgetur,
3111 3429 3183 3493 in
3228 3428 3389 3493 locis
3433 3426 3891 3494 ecclesiasticis

1048 3532 1399 3599 interdicto
1470 3536 1915 3601 ecclesiastico
1986 3535 2344 3621 suppositis
2414 3535 2761 3599 summissa
2828 3555 2986 3600 voce
3048 3534 3272 3620 januis
3336 3534 3573 3599 clausis
3639 3535 3709 3598 in
3772 3553 3889 3597 sua

1040 3641 1377 3724 presentia
1421 3642 1679 3728 possint
1726 3641 1943 3707 facere
1992 3640 2322 3706 celebrare
2368 3645 2445 3704 ut
2492 3641 2561 3704 in
2607 3641 2834 3705 forma.

1130 3745 1210 3810 G.
1282 3746 1548 3812 Isabelli
1619 3752 1776 3812 nate
1839 3747 2116 3812 condam
2181 3744 2525 3811 Guillermi
2589 3747 2809 3810 comiti
2873 3746 3181 3811 Hanonie
3246 3745 3658 3832 indulgetur,
3715 3741 3888 3831 quod

1038 3853 1247 3938 possit
1291 3853 1536 3919 habere
1587 3854 1793 3919 altare
1840 3854 2169 3941 portatile.

1128 3959 1215 4024 H.
1291 3960 1663 4026 Giselberto
1732 3960 1815 4025 de
1880 3958 2203 4025 Abcoude
2266 3956 2458 4022 militi
2522 3963 2592 4021 et
2654 3959 2797 4041 ejus
2861 3961 3050 4023 uxori
3114 3958 3557 4043 Trajectensis
3605 3956 3884 4022 diocesis

1038 4063 1450 4150 indulgetur,
1498 4066 1675 4153 quod
1727 4067 1981 4152 possint
2026 4065 2296 4130 Missam
2345 4062 2663 4127 celebrari
2708 4064 2922 4129 facere
2959 4070 3313 4150 antequam
3345 4065 3716 4128 illuscescat
3746 4061 3885 4128 dies

1041 4175 1107 4234 et
1155 4170 1329 4256 quod
1377 4172 1631 4256 possint
1678 4171 1922 4237 habere
1970 4172 2176 4237 altare
2224 4167 2554 4255 portatile.

1235 4287 1327 4334 Ita
1374 4287 1561 4349 leqitur
1609 4287 1664 4335 in
1711 4288 1937 4336 Rubria-0
1971 4288 2239 4335 literarum
2271 4283 2396 4333 anni
2429 4284 2620 4345 octavi,
2654 4302 2781 4348 quae
2814 4287 3078 4352 deficiunt,
3115 4288 3237 4352 Ray.
3273 4288 3371 4336 Δυ.
3416 4289 3548 4336 Tom.
3583 4284 3673 4347 56,
3711 4285 3898 4335 scilicet

1166 4369 1292 4433 As.
1330 4368 1420 4429 38,
1461 4370 1520 4417 πο
1552 4369 1679 4431 ‘2893
1729 4370 1857 4433 Bs.
1893 4369 2008 4431 390,
2044 4370 2104 4418 ’θ
2136 4367 2265 4429 241;
2314 4367 2439 4430 Cf.
2476 4364 2596 4430 43⁰,
2628 4369 2687 4416 πο
2720 4368 2845 4433 5093
2889 4371 3013 4436 Ds.
3051 4370 3138 4434 48,
3176 4372 3234 4420 πο
3269 4368 3387 4433 663;
3429 4372 3551 4435 Es.
3586 4369 3676 4431 51,
3714 4370 3772 4419 π·
3805 4367 3927 4431 7553

1168 4451 1206 4499 F
1235 4454 1291 4514 s.
1328 4452 1444 4516 540,
1481 4454 1539 4500 πο
1571 4452 1692 4515 865;
1736 4452 1778 4503 G
1803 4455 1863 4518 s.
1898 4453 1987 4516 67,
2026 4454 2083 4502 n⁰
2117 4452 2212 4510 182
2252 4453 2293 4501 H
2321 4455 2380 4517 s.
2416 4446 2533 4517 67⁰,
2569 4456 2627 4503 πο
2658 4452 2873 4505 58-59,

965 4572 1022 4635 1)
1059 4570 1367 4636 Legendum
1405 4571 1639 4622 videtur:
1679 4574 1744 4622 de
1783 4572 2098 4624 Ghaesbeec.

2032 4787 2613 4795 ——————.-—

809 4960 1008 5028 1339.
1695 4964 1904 5045 1350,
1952 4963 2124 5046 Majz·
2169 4965 2289 5045 19,
2338 4986 2441 5048 ap.
2508 4964 2988 5029 Villa-mnovam.

1125 5114 1478 5197 (Jokanm‘)
1526 5115 1776 5179 domino
1824 5115 1899 5178 de
1929 5115 2261 5199 Eqmonda
2294 5123 2353 5180 et
2387 5118 2702 5182 Gauiotae
2732 5123 2865 5203 ejus
2896 5123 3086 5185 uxori
3116 5121 3426 5186 nobilibus
3467 5120 3647 5204 Traj.
3683 5122 3872 5187 dioec.

1034 5219 1231 5283 datur
1282 5221 1532 5283 licentia
1582 5220 1851 5284 habendi
1896 5221 2106 5284 altare
2139 5223 2473 5305 portatile.

1036 5398 1303 5463 Sincere
1348 5397 1781 5463 devotionis..
1804 5446 1820 5462 .
1841 5446 1857 5462 .
1905 5398 2059 5463 Dat.
2093 5399 2268 5486 apud
2302 5402 2782 5470 villamnovam
2815 5407 3282 5475 Avinionensis
3315 5409 3626 5491 diocesis,
3663 5407 3875 5473 XIIII

812 5506 923 5571 Kl.
972 5506 1192 5585 Junii,
1243 5525 1416 5570 anno
1465 5525 1664 5569 nono.

1229 5622 1353 5683 Bey.
1388 5622 1484 5669 Ao.
1527 5617 1586 5669 T.
1621 5618 1711 5677 59,
1739 5621 1798 5680 s.
1832 5620 1946 5672 425.

2026 5755 2609 5765 ——.—.—.
