4450 6684
1841 528 2299 593 Innocmvrms
2352 528 2471 594 VI.
3605 531 3686 595 51

628 745 826 814 1449.
1579 749 1792 829 1353,
1839 748 2157 813 Januarii
2201 749 2328 830 18,
2377 750 2741 813 Avenionis.

942 899 1237 965 Johanni
1296 900 1373 965 de
1433 899 1798 965 Westrenen
1844 902 2068 966 clerico
2123 900 2306 984 Traj.
2355 901 2583 983 dioec.,
2641 922 2781 966 cum
2828 922 2952 987 quo
2998 910 3212 987 utpote
3258 901 3334 966 de
3377 905 3584 969 soluto
3630 910 3691 968 et

848 1008 1061 1072 soluta
1116 1009 1330 1093 qenito
1398 1006 1678 1071 Clemens
1727 1028 1914 1092 papa
1990 1006 2096 1070 VI
2149 1028 2341 1093 super
2395 1007 2641 1090 defectu
2690 1010 3008 1074 natalium
3053 1009 3441 1093 dispensavit
3484 1016 3544 1074 et
3587 1010 3693 1073 cui

852 1113 954 1178 die
997 1116 1087 1178 29
1135 1113 1514 1199 Septembris
1547 1115 1843 1198 proxime
1885 1116 2232 1198 praeterito
2278 1115 2581 1197 indulsit,
2631 1114 2802 1199 quod
2847 1114 2972 1179 duo
3014 1116 3151 1180 alia
3193 1113 3488 1197 beneficia
3529 1116 3695 1181 licite

852 1219 1126 1284 obtinere
1185 1221 1453 1302 valeret,
1519 1220 1668 1284 haec
1728 1222 2067 1303 concessio,
2130 1240 2324 1305 super
2385 1241 2516 1306 qua
2583 1222 2807 1285 literae
2866 1222 3182 1303 confectae
3243 1241 3371 1286 non
3415 1229 3600 1302 sunt,
3649 1242 3692 1285 a

850 1327 951 1390 die
983 1326 1316 1411 praedicto
1362 1327 1801 1410 confirmatur.

851 1509 1127 1574 nationi
1172 1510 1496 1596 congruit.
1525 1557 1540 1573 .
1570 1557 1586 1574 .
1617 1556 1633 1573 .
1681 1509 1834 1575 Dat.
1884 1509 2248 1593 Avinione,
2297 1508 2431 1574 XV
2475 1507 2586 1573 Kl.
2634 1507 3009 1592 Februarii,
3058 1527 3230 1573 anno
3277 1507 3512 1594 primu.

1043 1628 1169 1691 περ.
1206 1629 1303 1677 Ao.
1344 1630 1397 1676 T.
1432 1627 1491 1691 5,
1516 1631 1578 1692 s.
1611 1625 1729 1679 166.

623 2064 820 2133 1450.
1579 2066 1792 2148 1353,
1836 2064 2156 2130 Januarii
2198 2067 2325 2149 19,
2376 2067 2739 2131 Avenionis.

936 2218 1256 2305 Maqistro
1302 2218 1537 2304 E'qidio
1598 2217 1910 2305 Waspart
1928 2268 1945 2302 ,
1991 2222 2295 2304 scriptori
2329 2220 2601 2305 papali,
2651 2221 2895 2283 intuitu
2942 2218 3132 2284 Petri
3175 2222 3450 2305 episcopi
3479 2219 3689 2285 Prae-

845 2328 1116 2410 nestini,
1171 2327 1354 2410 cujus
1408 2325 1780 2409 capellanus
1828 2333 1888 2390 et
1931 2330 2234 2411 mayister
2279 2327 2561 2412 capellae
2606 2327 2856 2407 existit,
2906 2325 3239 2408 confertur
3284 2328 3690 2392 canonicatus

827 2440 888 2496 et
931 2439 1293 2496 reservatur
1335 2430 1697 2516 praebenda
1743 2452 1884 2496 cum
1915 2433 2350 2517 supplemento
2381 2453 2455 2496 ac
2484 2430 2732 2513 ferculo
2765 2433 2834 2495 in
2865 2433 3119 2497 ecclesia
3158 2431 3564 2514 Trajectensi.
3604 2468 3688 2481 —

842 2539 1260 2624 Deputantur
1304 2545 1675 2604 executores.

851 2722 1056 2789 Grata
1103 2728 1236 2788 tue.
1266 2769 1281 2786 .
1311 2768 1326 2785 .
1356 2769 1372 2787 .
1420 2722 1575 2788 Dat.
1623 2722 1995 2805 Avinione,
2044 2723 2255 2788 XIIII
2300 2721 2412 2788 Kl.
2460 2721 2844 2803 Februarii,
2894 2741 3067 2786 anno
3115 2721 3346 2808 primo.

1037 2841 1165 2904 Rey.
1200 2842 1297 2891 An.
1341 2843 1394 2891 Τ.
1429 2840 1484 2905 4,
1509 2843 1571 2904 s.
1604 2838 1721 2891 135.

620 3259 1073 3328 1451-1459.
1592 3263 1800 3345 1353,
1848 3260 2196 3327 Februarii
2241 3264 2316 3344 7,
2373 3264 2728 3328 Avenionis.

930 3410 1014 3477 A.
1084 3410 1369 3477 Henrico
1416 3411 1654 3497 Spiker
1701 3413 1777 3477 de
1812 3412 2134 3494 Arnhem,
2183 3414 2409 3477 clerico
2458 3412 2640 3495 Traj.
2682 3413 2903 3498 dioec.,
2952 3414 3261 3498 mayistro
3303 3413 3374 3477 in
3408 3411 3689 3495 artibus,

839 3518 1286 3601 conferendum
1332 3526 1696 3583 reservatur
1742 3519 2101 3601 beneficium
2148 3526 2438 3604 spectans
2483 3519 2572 3583 ad
2615 3518 3084 3604 dispositionem
3116 3520 3481 3604 praepositi
3527 3517 3693 3584 Tra·

820 3626 1122 3708 jectensis
1190 3631 1251 3689 et
1317 3645 1457 3689 cum
1526 3646 1685 3690 cura
1753 3626 1872 3707 25,
1942 3626 2076 3689 sine
2137 3645 2298 3689 cura
2358 3645 2502 3689 vero
2564 3626 2654 3689 18
2700 3645 3065 3689 marcarum
3108 3625 3364 3710 arqenti
3407 3625 3686 3690 valorem

841 3751 1126 3795 annuum
1170 3751 1299 3795 non
1344 3731 1656 3796 excedens.
1710 3769 1792 3779 —
1845 3731 2262 3816 Deputantur
2307 3738 2679 3796 executores.
2711 3731 2762 3813 1)

929 3837 1008 3901 Β.
1081 3836 1437 3903 Guillermo
1497 3838 1662 3902 dicto
1723 3836 2070 3903 Zuermont
2131 3839 2355 3903 clerico
2411 3836 2592 3920 Traj.
2641 3837 2862 3919 dioec.,
2924 3839 3230 3922 mayistro
3276 3839 3348 3902 in
3392 3836 3673 3921 artibus,

840 3942 1286 4025 conferendum
1329 3953 1695 4009 reservatur
1731 3945 1935 4008 simile
1974 3943 2338 4025 beneficium
2378 3950 2665 4028 spectans
2702 3942 2790 4007 ad
2826 3942 3292 4028 dispositionem
3321 3944 3690 4028 praepositi

839 4046 906 4111 S.
957 4048 1312 4115 Salvator-is
1368 4049 1550 4131 Traj.

928 4153 1002 4220 0.
1071 4155 1351 4243 Luberto
1412 4157 1578 4222 dicto
1641 4156 1828 4223 Bolle
1891 4156 2115 4221 clerico
2188 4154 2612 4239 Trajectensi,
2674 4156 2982 4240 mayistro
3028 4156 3095 4219 in
3142 4154 3427 4238 artibus,
3473 4153 3686 4236 confe-

837 4260 1101 4324 rendum
1167 4271 1530 4328 reservatur
1596 4264 1802 4328 simile
1872 4261 2236 4343 beneficium
2306 4268 2594 4345 spectans
2654 4260 2743 4324 ad
2810 4259 3279 4346 dispositionem
3339 4260 3564 4325 decani
3628 4266 3691 4323 et

834 4369 1105 4451 capituli
1148 4367 1723 4435 Daventriensium.

927 4470 1009 4535 D.
1080 4472 1372 4538 Johanni
1431 4473 1507 4538 de
1569 4473 1754 4539 Sleen
1818 4474 2040 4538 clerico
2115 4471 2298 4554 Traj.
2347 4470 2536 4535 dioec.
2555 4518 2572 4551 ,
2622 4469 3031 4536 baccalaureo
3076 4472 3145 4535 in
3191 4470 3454 4534 decretis
3471 4518 3488 4552 ,
3536 4489 3682 4534 con-

834 4575 1169 4658 ferendum
1229 4587 1591 4644 reservatur
1648 4579 1854 4643 simile
1914 4575 2278 4660 beneficium
2343 4583 2631 4661 spectans
2690 4576 2779 4640 ad
2837 4575 3306 4661 dispositionem
3349 4576 3573 4641 decani
3615 4581 3679 4639 et

835 4685 1107 4768 capituli
1151 4684 1220 4750 S.
1268 4685 1458 4751 Petri
1510 4683 1955 4767 Trajectensis.

925 4789 1003 4855 Ε.
1075 4791 1345 4857 Nicolao
1416 4791 1681 4871 Quinsot
1749 4791 1972 4856 clerico
2052 4788 2238 4874 Traj.
2309 4789 2500 4853 dioec.
2520 4837 2538 4872 ,
2608 4791 2914 4875 maqistro
2983 4791 3053 4855 in
3121 4788 3368 4855 artibus
3385 4837 3403 4873 ,
3473 4788 3685 4871 confe-

836 4895 1105 4961 rendum
1148 4905 1509 4963 reservatur
1552 4898 1757 4962 simile
1803 4895 2167 4978 beneficium
2214 4900 2505 4980 spectans
2551 4894 2639 4959 ad
2682 4895 3151 4981 dispositionem
3195 4896 3564 4961 monasterii
3600 4893 3679 4958 de

923 5107 998 5172 F.
1067 5108 1405 5174 Bernardo
1465 5108 1543 5174 de
1605 5108 1857 5174 Celario
1921 5106 2000 5171 de
2058 5105 2378 5192 Loychem
2440 5106 2664 5171 clerico
2736 5104 2920 5190 Traj.
2969 5106 3197 5190 dioec.,
3251 5108 3557 5192 maqistro
3602 5106 3673 5169 in

832 5213 1079 5280 artibus
1096 5264 1115 5299 ,
1184 5223 1546 5281 reservatur
1615 5216 1820 5280 simile
1889 5211 2253 5296 beneficium
2314 5219 2605 5298 spectans
2665 5212 2753 5276 ad
2795 5213 3264 5299 dispositionem
3309 5211 3678 5277 monasterii

836 5321 903 5387 S.
949 5322 1159 5388 Pauli
1210 5321 1655 5405 Trajectensis.

923 5429 1004 5496 G.
1078 5429 1472 5495 Ghiselberto
1547 5428 1813 5494 Uustinc
1874 5429 2098 5494 clerico
2173 5425 2359 5512 Traj.
2408 5426 2630 5509 dioec.,
2685 5426 3000 5490 licentiato
3046 5427 3118 5490 in
3164 5424 3427 5509 leyibus,
3473 5442 3673 5487 reser-

833 5543 1023 5600 vatur
1084 5537 1289 5601 simile
1351 5535 1710 5619 beneficium
1764 5541 2053 5620 spectans
2100 5533 2188 5598 ad
2236 5532 2707 5618 dispositionem
2752 5531 2976 5596 decani
3018 5539 3078 5595 et
3122 5530 3396 5616 capituli
3438 5528 3508 5594 S.
3553 5527 3674 5592 Jo-

840 5641 1069 5707 hannis
1122 5641 1306 5728 Traj.
