4450 6684
782 579 911 644 116
2005 577 2469 646 Intoolln‘mfl
2513 578 2633 643 VI.

1001 799 1385 888 Apostolice
1432 800 1630 867 sedis.
1657 848 1674 866 .
1702 849 1718 865 .
1746 848 1763 865 .
1813 800 1967 867 Dat.
2015 796 2384 884 Avil'iione,
2431 801 2606 867 VIII
2650 801 2764 869 Kl.
2812 801 3150 884 Octobris,
3202 823 3375 869 anno
3423 822 3620 870 nono.

1197 934 1322 999 περ.
1363 935 1460 985 Aa.
1501 930 1563 985 T.
1596 932 1687 998 27,
1710 936 1771 1000 s.
1806 933 1945 986 την.

773 1356 965 1426 1675.
1697 1359 1907 1442 1361,
1961 1358 2343 1444 Septembris
2388 1363 2507 1442 25,
2555 1362 2919 1427 Avenionis.

1104 1507 1454 1574 G‘iselbcrto
1528 1508 1607 1574 de
1684 1508 1827 1574 Zile
1902 1516 2227 1597 tamquam
2303 1512 2536 1576 rectori
2600 1511 2932 1595 confertur
2990 1512 3392 1598 parochialis
3459 1515 3713 1579 ecclesia
3780 1516 3851 1578 in

1002 1615 1286 1681 Loesden
1310 1616 1363 1700 l)
1441 1614 1626 1700 Traj.
1695 1616 1926 1700 dioec.,
1999 1637 2232 1682 vacans
2288 1638 2416 1703 per
2476 1617 2713 1683 obitum
2780 1617 3056 1683 Swederi
3099 1619 3176 1684 de
3220 1618 3608 1704 Honseless),
3668 1621 3848 1706 apud

1000 1725 1248 1788 curiam
1291 1722 1596 1806 defuncti.
1648 1758 1733 1773 —
1780 1722 2196 1808 Deputantur
2241 1731 2610 1789 executores.

1001 1904 1397 1993 Multiplioia
1439 1905 1810 1992 probitatis.
1835 1951 1854 1969 .
1886 1953 1902 1971 .
1931 1954 1947 1971 .
1997 1905 2151 1972 Dat.
2198 1905 2565 1991 Avinione,
2609 1906 2747 1972 VH
2792 1908 2903 1973 Kl.
2953 1907 3287 1993 Octobris,
3334 1928 3509 1974 anno
3557 1928 3754 1975 nono.

1195 2041 1322 2106 Ray.
1357 2041 1458 2092 Δο.
1501 2043 1556 2091 Τ.
1592 2038 1685 2101 25,
1709 2042 1773 2106 s.
1806 2038 1945 2092 177⁹.

928 2187 986 2253 1)
1021 2187 1263 2240 Leusdsn
1301 2187 1358 2239 in
1393 2185 1669 2252 provincia
1702 2186 2022 2251 Trajectins..
2223 2186 2282 2251 2)
2317 2186 2491 2238 Codex
2527 2186 2713 2239 habet:
2748 2188 2814 2238 de
2850 2186 3122 2239 liuvanis.

772 2606 966 2677 1676.
1699 2608 1912 2689 1361,
1961 2605 2344 2692 Septembris
2389 2608 2508 2688 25,
2555 2608 2924 2675 Avenionis.

1099 2758 1560 2844 Infrascriptis
1606 2757 1977 2840 mandatur,
2025 2765 2099 2822 ut
2143 2756 2439 2823 Johanni
2498 2757 2673 2845 Wyk
2716 2760 2884 2824 alias
2929 2760 3096 2825 dicto
3133 2760 3211 2825 de
3240 2759 3514 2847 Eppia,
3560 2762 3852 2827 canonico

1000 2864 1405 2930 Stendalensi
1448 2863 1943 2930 Halberstaden.
1990 2862 2210 2946 dioec„
2263 2862 2595 2946 conferant
2630 2873 3011 2950 perpetuam
3052 2867 3357 2931 vicariam
3401 2865 3847 2952 semipraebcn·

1000 2971 1151 3036 dam
1196 2978 1663 3057 nuncupatam,
1711 2972 1783 3034 in
1826 2970 2082 3035 ecclesia
2134 2969 2319 3054 Traj.
2362 2978 2689 3035 vacantem
2709 2993 2836 3058 per
2866 2971 3101 3037 obitum
3132 2971 3400 3038 Smderi
3427 2971 3506 3037 de
3536 2972 3841 3056 Honsele,

999 3077 1180 3163 apud
1224 3079 1469 3142 curiam
1514 3077 1820 3161 defuncti.

1001 3260 1284 3328 Dilectis
1341 3260 1496 3327 filiis
1562 3306 1581 3328 .
1610 3309 1626 3325 .
1688 3260 1901 3325 sancti
1944 3259 2246 3345 Agr-iculi
2289 3257 2760 3325 Avinionensis
2808 3263 2880 3324 et
2924 3258 3135 3324 sancti
3182 3258 3544 3326 salvatoris
3589 3260 3852 3347 Traiec-

778 3368 987 3436 tensis
1033 3389 1111 3435 ao
1156 3367 1554 3455 Reyssensis
1602 3365 2019 3433 coloniensis
2066 3364 2348 3432 diocesis
2394 3365 2820 3431 ecclesiarum
2866 3363 3134 3430 decanis
3182 3365 3465 3431 salutem
3510 3373 3623 3432 etc.

1001 3473 1398 3541 Laudabilia
1442 3473 1812 3563 probitatis.
1841 3519 1859 3538 .
1888 3520 1904 3538 .
1934 3520 1951 3538 .
2000 3472 2153 3538 Dat.
2201 3471 2539 3538 Avinione
2558 3519 2577 3555 ,
2623 3471 2761 3537 VH
2806 3472 2920 3538 Kl.
2973 3470 3278 3537 Octobris
3300 3521 3318 3556 ,
3366 3493 3539 3539 anno
3587 3494 3784 3539 nono.

1192 3610 1452 3674 Raso.
1497 3607 1768 3674 rums.
1804 3606 1917 3659 339.

2010 3822 2592 3830 ——-—-——--

782 4029 966 4099 1677.
1752 4030 1969 4111 1361,
2024 4026 2308 4093 octobris
2354 4029 2479 4111 11,
2528 4029 2889 4093 Avenionis.

1109 4182 1311 4248 Petro
1358 4181 1791 4247 Camerouwer
1835 4178 2036 4245 nobili
2078 4179 2404 4245 domicello
2458 4164 2640 4265 Traj.
2675 4180 2864 4245 dioec.
2894 4181 3254 4247 conceditur
3279 4183 3694 4269 privilegium
3712 4182 3853 4269 ple-

1011 4288 1238 4352 nariae
1269 4293 1675 4372 peccatorum
1718 4285 2102 4350 remissionis
2147 4286 2215 4348 in
2262 4285 2535 4349 articulo
2582 4287 2826 4350 mortis.

999 4467 1321 4534 Provenit
1365 4486 1473 4531 ex.
1499 4511 1518 4531 .
1544 4512 1562 4530 .
1592 4511 1608 4529 .
1657 4466 1812 4531 Dat.
1861 4464 2193 4531 Avinione
2214 4513 2232 4548 ,
2279 4462 2344 4528 V
2389 4461 2491 4528 Id.
2542 4461 2884 4548 Octobris,
2932 4484 3107 4530 anno
3155 4482 3350 4530 nono.

1195 4599 1305 4662 περ
1356 4600 1457 4650 Ao.
1500 4600 1555 4649 T.
1588 4597 1679 4664 26,
1704 4600 1767 4664 s.
1801 4597 1917 4651 540.

771 5017 963 5089 1678.
1747 5018 1925 5083 1361
1950 5066 1968 5103 ,
2018 5017 2302 5084 Octobris
2346 5021 2471 5102 18,
2518 5021 2883 5086 Avenionis.

1095 5175 1443 5260 Gumperto
1505 5172 1586 5253 de
1641 5171 1916 5238 Hereler
1961 5174 2256 5241 canonico
2317 5175 2603 5239 ecclesiae
2650 5174 2719 5240 S.
2765 5175 3025 5242 Mariae
3079 5174 3263 5261 Traj.
3310 5174 3668 5241 conceditur
3699 5176 3846 5261 pri-

999 5282 1300 5366 vileqium
1335 5280 1678 5366 plenariae
1711 5287 2115 5365 peccatorum
2162 5282 2546 5346 remissionis
2592 5284 2659 5347 in
2706 5283 2980 5348 articulo
3024 5285 3266 5349 mortis.

999 5465 1321 5532 Provenit
1367 5485 1475 5529 ex.
1504 5510 1522 5529 .
1548 5510 1567 5529 .
1594 5509 1612 5528 .
1660 5463 1815 5529 Dat.
1863 5462 2230 5545 Avinione‚
2278 5462 2411 5528 XV
2458 5463 2569 5529 Kl.
2617 5465 3046 5550 Novembris,
3092 5485 3267 5530 anno
3316 5484 3515 5529 nono.

1192 5602 1318 5665 περ.
1352 5601 1450 5651 Ao.
1495 5601 1550 5651 T.
1585 5597 1679 5663 26,
1704 5600 1767 5664 s.
1802 5597 1920 5650 542.
