4450 6684
1792 501 2012 564 Innnx
2058 499 2551 565 Pnaeomnum.
3574 503 3713 566 415

632 717 1050 796 Stephanus
1113 718 1172 776 8.
1237 718 1464 778 Mariae
1520 718 1584 776 in
1639 719 1874 797 Aquirc
1922 720 2075 781 diac.

711 827 889 889 Card.
934 829 1112 886 2013.

632 937 841 996 Stina
880 942 1025 997 nata
1065 936 1319 997 Arnoldi
1362 939 1435 997 de
1477 938 1740 1017 Keppel,
1771 957 1928 1000 uxor
1957 939 2076 1001 Ge-

709 1048 876 1107 rardi
918 1047 1068 1108 dicti
1111 1046 1337 1107 Gruter
1378 1048 1454 1108 de
1497 1048 1763 1108 Arnhem
1807 1050 1943 1110 959.

632 1157 954 1236 Suyevar
967 1161 1043 1216 ta
1075 1158 1293 1218 relicta
1314 1157 1595 1218 Bertonie
1625 1157 1770 1218 dicti
1790 1159 2078 1219 Adaema·

709 1285 888 1327 zoena
933 1268 1106 1326 1574.

633 1375 673 1435 S
686 1396 741 1435 w
754 1377 973 1436 ederu
987 1395 1015 1434 a
1046 1375 1401 1453 (Suederue,
1429 1375 1799 1453 Suedherus)
1821 1378 1895 1438 de
1916 1379 2080 1456 Ape-

712 1486 938 1545 lewode
982 1488 1117 1546 350.

632 1630 707 1640 -
767 1598 841 1655 de
891 1596 1096 1656 Vorne
1152 1615 1282 1656 can.
1342 1596 1535 1674 Traj.,
1590 1616 1753 1674 proc.
1803 1599 1867 1657 in
1908 1599 2080 1658 curia

712 1708 858 1783 552,
904 1709 1046 1783 787,
1092 1708 1235 1782 822,
1278 1707 1399 1765 Int.
1442 1707 1703 1767 LXXV.

632 1849 706 1861 —
765 1816 840 1876 de
892 1816 1245 1876 Boetzelaar
1298 1835 1429 1876 can.
1473 1824 1535 1877 et
1578 1817 1745 1878 schol
1809 1817 1867 1877 S.
1913 1817 2077 1878 Salv.

715 1927 878 2003 Traj.
921 1927 1067 2003 565,
1111 1927 1255 2002 696,
1300 1926 1436 1985 865.

634 2068 707 2079 —
766 2035 1014 2096 Uterloe
1072 2035 1334 2111 (Uterlo)
1375 2054 1561 2114 mag„
1606 2055 1735 2096 can.
1780 2037 2079 2097 Menante-

713 2146 956 2221 riensis,
981 2149 1126 2205 tunc
1148 2146 1330 2222 Dav.,
1353 2145 1569 2205 deinde
1593 2147 1755 2225 Traj.
1770 2193 1785 2222 ,
1808 2147 1992 2208 schol.
2017 2153 2079 2207 et

696 2251 916 2333 praep.
946 2256 1197 2331 ibidem,
1228 2274 1431 2334 praep.
1465 2254 1524 2315 S.
1550 2257 1716 2315 Petri
1728 2257 1839 2333 (Ρ),
1862 2259 2079 2336 capell.

711 2365 946 2443 papalis
992 2365 1178 2440 1196,
1226 2366 1398 2441 1197,
1448 2368 1631 2443 1331,
1678 2368 1862 2442 1395,
1898 2369 2080 2445 1871,

716 2475 896 2550 1889,
958 2474 1139 2550 1994,
1198 2475 1382 2540 2013,
1428 2476 1616 2551 2052,
1662 2477 1847 2553 2093,
1891 2478 2080 2554 2111,

712 2585 897 2660 2115,
941 2585 1128 2660 2241,
1170 2586 1356 2660 2243,
1398 2585 1521 2644 Int.
1566 2586 1857 2662 XXXII,
1900 2588 2080 2664 XLI,

714 2694 993 2753 XLVIII
1036 2712 1189 2771 seq„
1231 2694 1446 2753 LXIX
1488 2713 1641 2773 seq„
1686 2695 2051 2757 LXXVIII.

631 2837 706 2848 -
751 2804 825 2862 de
867 2803 1211 2863 Manaforde
1253 2804 1601 2880 (Montfoort
1616 2806 1669 2880 Ρ)
1717 2807 1889 2866 1235.

632 2944 707 2956 —·
748 2912 1022 2972 Morekin
1064 2913 1281 2990 capell.
1321 2914 1379 2972 b.
1419 2914 1649 2973 Mariae
1683 2915 2080 2993 Magdalenae

703 3024 890 3100 juxta
944 3023 1090 3082 eccl.
1150 3022 1208 3082 S.
1267 3023 1439 3083 Petri
1497 3024 1695 3102 Traj.,
1752 3025 1967 3086 deinde
2016 3026 2075 3086 S.

711 3131 950 3192 Nicolai
992 3132 1056 3190 in
1097 3131 1349 3210 Nijkerk
1396 3134 1577 3210 1471,
1626 3136 1799 3196 1472.

631 3274 707 3285 -
752 3240 824 3299 de
865 3241 1131 3301 Hensele
1172 3248 1371 3301 rector
1413 3243 1558 3303 eccl.
1604 3244 1678 3302 de
1718 3244 1987 3303 Lienden
2017 3250 2079 3305 et

708 3351 780 3409 de
841 3351 1148 3427 Leueden,
1214 3353 1329 3413 vic.
1392 3353 1539 3413 eccl.
1606 3355 1853 3431 Majorie
1912 3355 2077 3433 Traj.

718 3462 895 3523 1538.
948 3462 1133 3539 1675,
1184 3464 1355 3522 1676.

628 3602 710 3613 —-
751 3570 823 3628 de
865 3569 1101 3630 Vianen
1144 3571 1354 3631 domic.
1404 3573 1587 3649 1525,
1632 3573 1809 3634 2160.

632 3713 705 3723 -
751 3680 825 3739 de
866 3679 1089 3740 Voerst
1131 3680 1373 3757 (Voret)
1420 3683 1602 3759 1690,
1649 3684 1832 3759 2075,
1878 3684 2055 3744 2231.

633 3822 704 3832 -
767 3789 840 3847 de
887 3790 1177 3849 Abcoude
1218 3789 1374 3851 dom.
1417 3791 1491 3850 de
1534 3791 1851 3852 Gaeabeke
1897 3795 2080 3870 1890,

710 3899 897 3975 2063,
959 3899 1147 3974 2064,
1211 3900 1399 3976 2066,
1465 3901 1651 3978 2068,
1715 3901 1838 3961 Int.
1899 3902 2077 3978 XLI,

709 4007 974 4068 XLVII.

632 4151 705 4162 —
758 4119 1163 4195 burggraviue
1207 4119 1279 4177 de
1319 4119 1646 4179 Montfoort
1690 4121 1875 4197 2220,
1919 4122 2078 4198 App.

715 4227 897 4286 VIII.

631 4337 990 4416 Sybertus
1045 4338 1209 4414 prior
1252 4336 1645 4415 provincialis
1686 4341 1813 4399 ord.
1857 4340 1912 4398 b.
1955 4341 2081 4400 Ma·

711 4446 840 4506 riae
895 4447 968 4505 de
1017 4447 1224 4506 Monte
1265 4447 1544 4509 carmelo
1587 4448 1650 4506 in
1692 4449 2080 4527 Alemannia,

710 4574 871 4633 proc.
915 4556 979 4614 in
1021 4555 1190 4616 curia
1233 4558 1377 4633 781,
1419 4556 1540 4616 Int.
1586 4556 1844 4618 LXXV.

632 4663 1059 4741 Sybrandue
1118 4671 1317 4726 rector
1370 4667 1518 4726 eccl.
1576 4666 1640 4725 in
1696 4667 2080 4743 Alkmaarff)

715 4774 888 4833 1698.

632 4881 890 4960 Symon
931 4902 988 4942 v.
1034 4882 1256 4943 Simon.

630 5098 699 5162 Τ.
744 5100 972 5160 archid.
1020 5102 1421 5162 Tornaceneis
1463 5103 1560 5162 48.

632 5242 703 5252 —
748 5210 892 5270 cler.
933 5218 1113 5270 natus
1156 5211 1226 5271 O.
1271 5213 1701 5273 Brancaleonis
1742 5232 1873 5274 can.
1916 5216 2078 5292 Traj.

714 5320 857 5396 126,
902 5320 1090 5395 (126).

630 5460 703 5472 -
749 5428 922 5487 miles
969 5430 1103 5488 128.

631 5537 880 5596 Tanna
922 5538 995 5596 de
1035 5538 1201 5598 More
1243 5540 1419 5599 2182.

631 5646 987 5706 Tetricus
1029 5666 1084 5707 v.
1133 5647 1460 5708 Tierricue.

2261 721 2734 783 Thecbaldua
2767 722 2841 781 de
2870 721 3027 781 Bare
3054 740 3148 799 ep.
3180 720 3362 781 Leod.
3394 722 3542 795 460,
3571 722 3714 780 483.

2257 866 2340 878 -
2395 833 2471 894 de
2529 833 2768 893 Patella
2819 850 2951 893 can.
2998 833 3194 910 Traj.,
3238 829 3452 892 deinde
3492 830 3712 910 capell.

2341 942 2416 1004 de
2455 943 2671 1003 Mierlo
2716 945 2852 1003 748.

2263 1087 2336 1097 -
2377 1053 2452 1112 de
2472 1051 2733 1113 Herwen
2764 1053 2994 1131 presb„
3021 1057 3221 1113 rector
3248 1052 3395 1112 eccl.
3426 1051 3499 1111 de
3518 1051 3711 1129 Hien,

2342 1181 2472 1223 can.
2516 1162 2712 1240 Traj.,
2758 1181 3013 1241 persona
3042 1163 3105 1220 in
3136 1161 3493 1221 Ouderkerk
3526 1162 3714 1238 1662,

2343 1273 2527 1350 1808,
2570 1273 2756 1348 2186,
2799 1273 2975 1331 2232.

2262 1382 2313 1440 Τ
2325 1383 2370 1441 h
2382 1402 2416 1442 e
2429 1402 2463 1442 o
2474 1382 2512 1441 d
2523 1401 2557 1442 e
2569 1401 2601 1440 r
2612 1382 2633 1440 i
2645 1401 2676 1442 c
2689 1402 2730 1441 u
2742 1400 2771 1440 a
2812 1381 3276 1459 (Theodericus,
3309 1380 3714 1455 Thecdricus)

2341 1492 2530 1552 abbae
2574 1491 2632 1550 S.
2679 1491 2998 1552 Trudonue
3044 1492 3136 1550 12.

2262 1635 2336 1645 -
2392 1601 2556 1661 Holl.
2621 1620 2819 1661 comes
2881 1601 2974 1660 VI
3035 1603 3136 1676 17,
3192 1602 3297 1675 30,
3361 1602 3501 1675 163,
3560 1601 3712 1673 5023

2339 1729 2537 1772 comes
2578 1711 2705 1770 VII
2748 1713 2857 1787 43,
2902 1712 3006 1786 44,
3051 1712 3156 1772 83.
3203 1712 3325 1770 Int.
3368 1709 3543 1769 XIV.

2260 1853 2335 1863 —
2397 1819 2471 1878 de
2524 1821 2649 1878 Are
2703 1838 2797 1896 ep.
2860 1819 3022 1895 Traj.
3081 1820 3186 1895 44,
3245 1819 3351 1894 45,
3409 1820 3516 1893 66,
3564 1819 3707 1893 104,

2339 1929 2461 1989 Int.
2504 1929 2661 1988 XIV
2703 1947 2853 2007 seq„
2895 1929 3110 2005 XLII,
3152 1927 3516 1988 LXXVIII.

2264 2073 2337 2083 —
2382 2039 2650 2118 archiep.
2680 2039 2747 2097 II
2779 2038 3162 2099 Trevireneis
3192 2038 3297 2113 75,
3328 2039 3434 2113 76,
3466 2039 3569 2112 78,
3600 2038 3715 2113 80,

2342 2151 2449 2225 81,
2484 2150 2590 2224 94,
2627 2150 2767 2226 145,
2800 2149 2921 2208 Int.
2949 2147 3101 2223 XV3
3143 2147 3407 2225 archiep.
3437 2148 3540 2206 111
3569 2148 3707 2206 474.

2263 2292 2337 2303 -
2383 2278 2478 2337 ep.
2522 2259 3012 2319 Monaeterieneis
3059 2259 3393 2317 106-108.

2265 2403 2338 2413 -
2383 2368 2459 2427 de
2481 2368 2672 2428 Voird
2701 2369 2976 2447 provisor
3005 2373 3067 2427 et
3099 2369 3226 2427 dec.
3255 2367 3519 2446 partium
3548 2366 3714 2426 Ken-

2340 2498 2546 2539 nemer
2591 2480 2722 2538 163.

2264 2623 2339 2634 -
2397 2588 2472 2647 de
2532 2588 2854 2648 Wikerode
2909 2594 3118 2648 cantor
3162 2588 3324 2665 Traj.
3377 2588 3519 2664 169,
3567 2590 3717 2663 171,

2347 2699 2478 2758 183.

2264 2842 2338 2852 -
2383 2826 2580 2868 comes
2620 2808 2923 2869 clivensis
2965 2809 3111 2884 276,
3154 2808 3300 2884 496,
3344 2808 3482 2867 671.

2261 2952 2336 2962 -
2382 2918 2581 2978 dictus
2605 2919 2680 2978 de
2709 2919 2903 2977 Butae
2931 2936 3061 2977 can.
3086 2917 3540 2998 Oldenzalensis
3572 2917 3714 2976 296.

2262 3061 2336 3072 -
2382 3028 2664 3087 Erneldis
2707 3029 2842 3087 346.

2257 3171 2339 3182 —
2381 3138 2455 3197 de
2500 3137 2888 3215 Theylingen
2929 3138 3064 3196 347.

2261 3281 2334 3291 ·-
2380 3247 2455 3306 de
2495 3247 2875 3307 Wassewaar
2917 3247 3055 3305 347.

2263 3390 2335 3400 -
2393 3356 2559 3435 prior
2615 3356 2675 3415 S.
2739 3355 3014 3415 Andreae
3067 3354 3522 3431 Urbevetanae,
3572 3355 3712 3415 coll.

2341 3467 2609 3527 decimae
2650 3468 2796 3542 357,
2839 3467 2987 3541 360,
3030 3465 3151 3525 Int.
3194 3465 3386 3525 LXV.

2260 3609 2335 3619 —
2394 3576 2469 3635 de
2510 3576 2736 3635 Altena
2776 3594 2907 3636 can.
2953 3575 3329 3657 Susacieneia
3369 3594 3556 3655 praep
3589 3619 3605 3653 ,
3651 3574 3716 3635 S.

2343 3684 2535 3763 Salv„
2564 3703 2693 3744 can.
2721 3686 2887 3762 Traj.
2919 3690 2982 3745 et
3003 3685 3214 3761 Leod.,
3237 3686 3453 3763 capell.
3476 3684 3720 3764 papalis

2343 3796 2489 3871 372,
2534 3797 2679 3870 378,
2723 3796 2869 3870 379,
2914 3795 3061 3871 393,
3104 3795 3224 3854 Int.
3268 3794 3635 3855 LXXVIII.

2266 3937 2337 3947 —
2381 3923 2571 3982 magu,
2613 3904 2845 3963 electus
2887 3904 3172 3980 Pisanus,
3209 3904 3578 3963 camerarius
3606 3923 3714 3981 pa·

2341 4013 2500 4090 palis
2541 4013 2677 4072 420.

2265 4155 2338 4165 -
2383 4122 2458 4182 de
2498 4123 2706 4183 Horne
2747 4141 2954 4202 praep.
2999 4123 3059 4183 8.
3103 4122 3265 4183 Salv.
3310 4123 3473 4199 Traj.
3516 4123 3654 4182 461.

2258 4264 2341 4276 -
2381 4232 2456 4291 de
2498 4233 2838 4293 Brederode
2881 4235 3017 4293 527.

2265 4375 2337 4385 -
2396 4341 2636 4403 Nicolai
2700 4344 2774 4402 de
2834 4344 3059 4401 Arnem
3114 4350 3314 4404 rector
3371 4362 3499 4421 par.
3556 4343 3708 4402 eccl.

2271 4462 2282 4473 ·
2342 4451 2805 4527 Arnhemensie,
2848 4470 2977 4512 can.
3024 4451 3085 4511 S.
3129 4451 3271 4513 Joh.
3316 4452 3481 4529 Traj.
3516 4453 3663 4511 656.

2263 4594 2338 4604 -
2381 4565 2562 4621 natue
2593 4561 2949 4621 Theoderici
2978 4561 3052 4620 de
3081 4562 3266 4639 Bare,
3297 4580 3427 4621 can.
3453 4561 3512 4622 S.
3537 4562 3708 4621 Petri

2344 4670 2509 4748 Traj.
2552 4672 2689 4731 684.

2264 4813 2337 4824 —
2396 4781 2596 4841 dictus
2638 4781 2885 4840 Blawen
2926 4781 3152 4859 presb„
3196 4800 3322 4842 can.
3372 4781 3521 4840 Dav.
3568 4783 3704 4841 688.

2263 4922 2338 4932 —
2382 4889 2457 4948 de
2497 4891 2738 4949 Lobede
2778 4909 2907 4950 can.
2955 4890 3116 4967 Traj.
3164 4893 3306 4968 702,
3348 4893 3485 4951 867.

2262 5031 2337 5041 -
2382 4998 2581 5059 dictus
2623 4999 2911 5059 Brinkint
2953 4999 3292 5075 (Brinkinc)
3329 5019 3460 5060 can.
3493 5000 3552 5060 S.
3580 5001 3710 5060 Ma·

2343 5108 2471 5167 riae
2513 5108 2675 5185 Traj.
2723 5111 2858 5168 722.

2263 5250 2335 5260 --
2395 5217 2432 5275 J
2440 5216 2690 5276 ohannis
2746 5217 2820 5276 de
2875 5218 3261 5296 Longadcmo
3310 5219 3454 5279 cler.
3497 5219 3707 5281 Gelon.

2341 5326 2526 5387 dioec.
2571 5327 2765 5387 benef.
2807 5346 2845 5386 a
2885 5346 3016 5407 cap.
3064 5329 3233 5406 Traj.
3275 5331 3409 5389 731.

2262 5471 2334 5482 —-
2397 5436 2597 5496 dictus
2640 5435 2991 5498 Grudbudel
3035 5439 3110 5499 de
3150 5438 3431 5500 Embrica
3471 5440 3704 5518 (Grast-

2341 5546 2546 5622 budel)
2610 5548 2751 5606 cler.
2818 5549 3010 5608 benef.
3072 5569 3110 5609 a
3172 5568 3303 5629 cap.
3366 5552 3424 5611 b.
3480 5552 3708 5611 Mariae

2339 5654 2534 5731 Traj.,
2573 5657 2697 5715 tab.
2744 5657 2888 5732 904,
2936 5659 3127 5735 1850,
3168 5660 3288 5719 Int.
3332 5660 3570 5721 XLIX.

3392 5785 3467 5842 63
