4450 6684
1752 445 2154 511 Gna-comus
2196 438 2323 505 XI.
3440 432 3571 495 209

721 677 999 745 Dilectis
1059 675 1211 740 filiis
1260 720 1276 736 .
1305 720 1320 737 .
1369 667 1834 753 Floridicampi
1882 670 1951 730 et
1999 661 2392 747 Olaricampi
2440 679 2515 724 ac
2561 660 2631 723 in
2680 705 2696 722 .
2725 704 2740 720 .
2792 656 3074 722 Betania
3119 653 3564 739 Trajectensis

504 787 781 854 diocesis
828 780 1373 849 monasteriorum
1421 774 1772 841 abbatibus
1819 772 2102 835 salutem
2149 776 2259 832 etc.

732 889 1048 958 Militanti
1094 886 1389 953 ecclesie.
1418 930 1434 947 .
1463 930 1478 946 .
1505 929 1522 945 .
1569 880 1724 945 Dat.
1772 877 2140 958 Avinione,
2188 873 2262 937 H
2306 873 2408 938 Id.
2456 871 2880 954 Decembris,
2927 889 3101 934 anno
3149 869 3379 955 primo.

923 1024 1052 1087 περ.
1083 1022 1183 1071 Αυ.
1226 1023 1280 1070 T.
1313 1019 1372 1083 1,
1394 1019 1454 1080 s.
1490 1015 1607 1066 248.

1743 1225 2326 1233 ——————---——

509 1445 709 1514 2034.
1440 1437 1651 1519 1371,
1701 1432 2056 1500 Decembris
2104 1434 2226 1514 12,
2275 1432 2642 1495 Avenionis.

840 1598 1191 1663 Wibrando
1253 1594 1469 1659 abbati
1528 1591 1896 1655 monasterii
1954 1587 2166 1652 Vallis
2230 1586 2298 1650 S.
2351 1586 2606 1650 Mariae
2650 1585 2738 1649 ad
2786 1588 3126 1650 triennium
3174 1585 3578 1671 indulqmcr,

736 1704 907 1791 quod
966 1703 1293 1767 canonicos
1355 1702 1424 1763 in
1483 1718 1596 1761 suo
1661 1703 1720 1761 et
1780 1697 1849 1759 in
1925 1693 2126 1757 Vinea
2189 1693 2453 1758 Domini
2515 1693 2912 1755 monasteriis
2931 1740 2948 1772 ,
3006 1695 3120 1776 qui
3165 1693 3233 1755 in
3271 1711 3584 1777 personas

738 1811 1183 1876 ecclesiasticas
1228 1826 1456 1870 manus
1504 1803 1865 1886 injecerint,
1913 1820 1955 1864 a
2002 1800 2284 1864 censuris
2335 1798 2649 1862 absolvere
2693 1800 2921 1862 valeat.

741 1989 1001 2054 Dilecto
1063 1986 1198 2050 filio
1259 1983 1628 2050 Wibrando
1691 1984 1913 2048 abbati
1975 1983 2358 2049 monasterii
2419 1983 2628 2047 Vallis
2692 1990 2917 2047 sancte
2979 1983 3185 2050 Maris
3250 1984 3320 2048 in
3367 1984 3584 2050 Frizia

518 2093 1148 2163 Premonstratensis
1211 2089 1493 2172 ordinis,
1559 2090 2002 2174 Trajectensis
2066 2089 2381 2170 diocesis,
2451 2089 2730 2153 salutem
2789 2095 2858 2153 et
2904 2091 3328 2176 apostolicam
3373 2092 3578 2157 bene·

521 2203 896 2268 dictionem.

741 2307 1101 2374 Personam
1172 2310 1353 2368 tuam
1423 2303 1614 2368 nobis
1685 2308 1753 2366 et
1815 2301 2174 2387 apostolice
2239 2301 2379 2365 sedi
2444 2300 2748 2365 devotam
2805 2309 3079 2387 paterna
3126 2304 3579 2370 benivolencia

520 2422 1030 2504 prosequentes,
1094 2411 1273 2475 illam
1337 2409 1458 2473 tibi
1521 2408 1804 2494 graciam
1866 2408 2151 2472 libenter
2210 2406 2685 2493 impendimus,
2749 2429 2867 2494 per
2928 2430 3122 2494 quam
3172 2410 3585 2475 subditorum

524 2521 646 2586 tibi
708 2519 1072 2584 animarum
1134 2517 1331 2581 saluti
1392 2515 1611 2580 valeas
1668 2514 2033 2599 providere.
2129 2512 2303 2578 Sane
2353 2533 2564 2599 nuper
2611 2514 3008 2600 accepimus,
3061 2515 3236 2600 quod
3286 2516 3587 2581 nonnulli

529 2627 626 2692 tui
671 2623 1314 2691 Vallissanctemarie
1360 2622 1430 2685 in
1477 2621 1693 2686 Frizia
1740 2625 1807 2684 et
1856 2621 2060 2684 eciam
2109 2620 2177 2683 in
2225 2620 2443 2685 Vinea
2489 2619 2755 2685 Domini
2802 2623 3344 2688 monasteriorum
3392 2644 3589 2688 cano-

524 2734 654 2798 nici
721 2729 1353 2798 Premonstratensis
1422 2727 1704 2808 ordiale,
1778 2727 2219 2811 Trajectensis
2292 2726 2606 2804 diocesia,
2680 2728 2854 2814 quod
2926 2729 3189 2814 quidem
3260 2735 3586 2795 monaste·

523 2839 692 2903 rium
752 2839 824 2902 in
883 2837 1101 2901 Vinea
1159 2834 1427 2899 Domini
1487 2853 1605 2920 per
1650 2832 2062 2920 prepositum
2112 2833 2522 2917 gubernatur
2571 2839 2638 2896 et
2684 2833 2979 2919 predicto
3027 2835 3422 2899 monasterio
3475 2839 3590 2899 tuo

530 2944 797 3010 subesse
846 2942 1235 3023 dinoscitur,
1284 2939 1439 3005 dum
1483 2940 1554 3004 in
1600 2960 1915 3025 personas
1969 2939 2448 3004 ecclesiasticas
2496 2960 2728 3004 manus
2775 2940 3082 3026 injiciunt
3128 2946 3197 3006 et
3241 2961 3358 3027 pro
3399 2943 3590 3007 abso-

528 3051 785 3116 lucione
834 3045 1193 3112 obtinenda
1239 3047 1321 3111 ab
1371 3045 2074 3110 excommunicacionis
2117 3045 2487 3128 sentencia,
2536 3066 2730 3131 quam
2762 3054 3110 3133 propterea
3139 3048 3590 3132 incurrerunt,

527 3157 610 3224 ad
674 3154 896 3222 sedem
956 3153 1380 3241 apostolicam
1426 3150 1876 3235 destinantur,
1948 3152 2147 3216 etiam
2196 3151 2592 3238 quandoque
2639 3153 3108 3239 apostatando,
3176 3155 3394 3239 sepius
3441 3174 3593 3219 eva·

528 3267 788 3349 gantur.
881 3260 1019 3325 Nos
1078 3260 1308 3345 igitur,
1374 3259 1672 3323 volentes
1733 3257 2114 3343 hujusmodi
2174 3258 2637 3322 canonicorum
2699 3259 3065 3324 animarum
3112 3261 3309 3325 saluti
3353 3261 3423 3325 in
3467 3260 3593 3326 hac

533 3374 722 3456 parte
786 3366 1135 3432 salubriter
1195 3362 1576 3451 providere,
1643 3365 1773 3428 tuis
1820 3365 1890 3428 in
1936 3364 2060 3428 hac
2107 3370 2293 3451 parte
2343 3364 2940 3451 supplicacionibus
2987 3367 3322 3443 inclinati,
3385 3368 3600 3433 absol-

527 3474 727 3540 vendi
786 3473 910 3538 hac
973 3474 1116 3538 vice
1175 3472 1566 3536 auctoritate
1614 3471 1975 3556 apostolica
2011 3471 2211 3555 juxta
2258 3471 2532 3536 formam
2581 3473 2855 3537 ecclesie
2904 3473 3198 3558 singulos
3245 3475 3596 3539 canonicos

532 3580 971 3667 predictorum
1018 3579 1560 3644 monasteriorum
1591 3578 1675 3642 ab
1710 3578 2416 3642 excommunicacionis
2450 3579 2817 3662 sentencia,
2868 3600 3060 3666 quam
3093 3587 3361 3666 propter
3389 3583 3594 3666 injec-

530 3688 782 3751 tionem
826 3706 1139 3751 manuum
1187 3685 1506 3750 violentas
1553 3684 1705 3767 (sie)
1750 3684 1819 3747 in
1868 3684 2137 3749 clericos
2185 3704 2301 3748 seu
2335 3684 2496 3748 alias
2527 3706 2841 3771 personas
2874 3686 3347 3751 ecclesiasticas
3376 3689 3593 3753 incur·

534 3798 763 3857 rerunt
808 3793 911 3857 vel
959 3813 1166 3879 usque
1215 3791 1296 3856 ad
1345 3798 1478 3856 tres
1525 3811 1732 3855 annos
1766 3813 1806 3855 a
1838 3790 1993 3854 data
2022 3791 2438 3875 presencium
2473 3791 2945 3878 computandos
2975 3793 3341 3877 incurrent,
3390 3797 3599 3860 eciam

534 3899 589 3962 si
636 3919 945 3964 excessus
991 3897 1366 3984 hujusmodi
1414 3899 1698 3963 enormis
1744 3896 1978 3979 fuerit,
2029 3895 2383 3962 dummodo
2433 3917 2520 3960 ex
2566 3917 2645 3961 eo
2692 3886 3114 3963 homicidium
3162 3905 3278 3963 aut
3323 3902 3600 3966 membri

533 4004 873 4069 mutilacio
920 4025 1054 4069 non
1101 4005 1345 4069 fuerint
1392 4005 1744 4070 subsecuta
1789 4026 1866 4069 ac
1913 4002 2185 4090 injectio
2235 4004 2348 4069 illa
2395 4006 2464 4068 in
2512 4003 2838 4090 prelatum
2883 4007 3218 4093 proprium
3258 4008 3362 4072 vel
3396 4008 3598 4072 alium

534 4111 939 4197 superiorem
985 4110 1159 4176 facta
1205 4132 1338 4176 non
1384 4109 1583 4175 fuerit
1629 4131 1703 4174 ac
1750 4111 1961 4196 passis
2011 4110 2320 4194 injuriam
2370 4111 2817 4176 satisfecerint
2856 4118 3308 4197 competenter
3341 4119 3408 4177 et
3440 4113 3602 4177 alias

534 4215 838 4301 injuncta
884 4217 977 4281 eis
1024 4237 1143 4303 pro
1191 4216 1385 4282 modo
1436 4217 1626 4302 culpe
1673 4216 2054 4302 penitencia
2100 4217 2409 4298 salutari,
2458 4237 2534 4280 ac
2581 4238 2730 4281 cum
2764 4216 3011 4281 eisdem
3044 4218 3372 4282 canonicis
3406 4239 3604 4304 super

536 4323 1052 4408 irregularitate,
1103 4343 1298 4409 quam
1334 4320 1713 4408 hujusmodi
1747 4323 2090 4388 sentencia
2121 4322 2310 4407 ligati
2343 4321 2594 4398 divina,
2631 4342 2765 4386 non
2801 4328 3020 4386 tamen
3050 4323 3121 4386 in
3153 4328 3605 4410 contemptum

540 4427 854 4511 clavium,
903 4427 1295 4492 celebrando
1343 4428 1450 4492 vel
1491 4427 1923 4491 immiscendo
1972 4446 2042 4490 se
2088 4426 2217 4490 illis
2265 4426 2717 4491 contraxerint
2765 4425 2872 4491 vel
2915 4425 3194 4491 durante
3225 4427 3602 4511 hujusmodi

541 4533 829 4598 triennio
892 4532 1319 4615 contrahent,
1385 4533 1545 4619 ipsis
1608 4537 1831 4597 tamen
1896 4531 1979 4596 ad
2045 4536 2341 4617 tempus,
2392 4530 2473 4596 de
2521 4552 2650 4617 quo
2702 4531 2821 4596 tibi
2866 4529 3233 4614 videbitur,
3283 4554 3322 4597 a
3369 4532 3611 4599 divinis

547 4640 915 4726 suspensis,
966 4637 1422 4726 dispensandi,
1471 4636 1857 4703 discrecioni
1892 4644 2005 4702 tue
2038 4636 2456 4702 concedimus
2491 4643 2720 4702 tenore
2752 4638 3165 4724 presencium
3196 4637 3600 4706 facultatem.

542 4743 694 4810 Dat.
745 4745 1114 4826 Avinione,
1159 4744 1231 4808 Π
1274 4742 1373 4808 Id.
1422 4743 1840 4827 Decembris,
1888 4743 2311 4830 pontificatus
2356 4744 2565 4808 nostri
2612 4764 2786 4809 anno
2834 4745 3066 4830 primo.

957 4876 1084 4939 Ray.
1122 4876 1220 4926 dv.
1263 4878 1317 4926 Τ.
1349 4875 1407 4938 1,
1434 4877 1496 4941 s.
1531 4875 1647 4926 571.

555 5295 753 5366 2035.
1486 5299 1698 5381 1371,
1747 5297 2103 5362 Decembris
2148 5298 2272 5380 12,
2319 5297 2695 5362 Avenionis.

867 5451 1092 5517 Eidem
1153 5451 1504 5518 Wibrando
1550 5451 1907 5517 conceditur
1952 5459 2274 5536 potestas,
2336 5453 2672 5518 canonicos
2718 5451 3031 5515 dictorum
3077 5453 3626 5534 monasteriorum,

782 5563 897 5642 qui
942 5564 1270 5642 apostatae
1313 5557 1703 5641 devenerint,
1751 5556 1839 5621 ad
1882 5557 2159 5622 reditum
2203 5557 2638 5642 compellendi.

775 5691 867 5750 Π.
3321 5691 3398 5749 27
