4450 6684
750 573 973 622 vam
2030 554 2521 620 Isi-nonnemo.

753 792 1064 859 expresse
1111 772 1472 839 declaravit
1516 772 1723 855 (num.
1775 773 1952 856 567).
2026 772 2260 859 Neque
2307 769 2896 858 praetermittenda
2923 770 3030 836 hic
3061 769 3326 835 videtur
3355 770 3523 835 ratio
3555 770 3808 858 accepti

753 883 822 942 et
883 878 1195 965 expensi,
1259 898 1455 964 quam
1517 876 1900 942 collectores
1960 876 2331 963 praedictos
2393 875 2733 962 reliquisse
2789 875 3113 939 novimus.
3207 874 3361 962 Ipse
3407 895 3601 961 porro
3647 875 3812 941 Ber·

753 979 999 1046 nardus
1068 980 1151 1047 de
1213 981 1441 1047 Monte
1505 981 1797 1046 Valrano
1859 980 1930 1044 in
1992 1001 2110 1046 suo
2172 980 2371 1065 hujus
2443 980 2757 1045 collectae
2826 977 3107 1064 registro
3177 978 3500 1062 declarat,
3567 999 3637 1044 se
3701 999 3812 1043 an.

757 1085 1201 1151 1317—1320
1265 1107 1304 1150 a
1365 1085 1948 1150 subcollectoribus
2004 1085 2138 1149 suis
2185 1084 2470 1149 civitatis
2517 1090 2585 1149 et
2635 1082 3010 1148 dioeceseos
3060 1083 3584 1168 TraJectensium
3631 1101 3812 1148 rece·

752 1190 928 1276 pisse
973 1210 1290 1255 summam
1348 1191 1519 1255 1145
1566 1189 1962 1254 florenorum
2010 1190 2150 1253 auri
2199 1192 2269 1254 et
2314 1188 2564 1274 aliquot
2610 1186 3047 1253 denariorum.
3077 1187 3129 1271 ι)

978 1293 1061 1358 In
1108 1292 1419 1358 diuturno
1467 1294 1642 1359 inter
1686 1291 2096 1357 Ludovicum
2145 1291 2228 1358 de
2274 1292 2556 1357 Bavaria
2594 1297 2662 1357 et
2695 1289 2934 1357 Sedem
2967 1290 3418 1376 Apostolicam
3451 1290 3813 1355 certamine

752 1397 1019 1484 papales
1085 1396 1317 1463 sectati
1381 1403 1535 1462 sunt
1598 1402 1820 1483 partes
1886 1395 2215 1462 Henricus
2281 1394 2364 1461 de
2417 1393 2832 1460 Virneburch
2881 1400 2949 1459 et
2993 1393 3371 1461 Walramus
3419 1392 3502 1459 de
3547 1393 3812 1460 Juliaco

754 1501 1120 1566 successive
1184 1500 1656 1589 archiepiscopi
1716 1500 2175 1584 Colonienses,
2240 1520 2404 1586 quos
2465 1499 2668 1584 igitur
2725 1498 3230 1564 necessitatibus
3279 1496 3648 1584 debitisque
3698 1517 3814 1583 op·

752 1625 1010 1693 pressos
1057 1605 1203 1693 plus
1238 1605 1439 1670 semel
1472 1603 1785 1690 adjuvare
1819 1609 2093 1669 conatus
2126 1609 2227 1669 est
2262 1604 2569 1669 Summus
2600 1602 2936 1668 Pontifex.
2990 1601 3161 1667 Nam
3194 1601 3276 1667 ad
3309 1599 3807 1666 diminuendum

753 1709 1070 1774 ecclesiae
1140 1731 1296 1774 suae
1366 1708 1618 1792 debita,
1691 1714 1766 1772 ut
1827 1709 1909 1773 ab
1966 1708 2287 1774 universis
2334 1708 2403 1771 in
2448 1706 2786 1794 provincia
2832 1705 3211 1771 Coloniensi
3255 1706 3553 1792 personis
3600 1703 3809 1770 eccle·

756 1813 1035 1877 siasticis
1101 1812 1463 1878 subsidium
1523 1811 1932 1877 moderatum
1981 1813 2247 1898 exigere
2295 1818 2364 1876 et
2409 1810 2701 1898 recipere
2747 1810 2999 1875 valeret
3043 1810 3496 1897 metropolita,
3546 1814 3808 1897 aposto·

753 1916 945 1980 licam
992 1917 1252 1982 veniam
1302 1923 1402 1982 ter
1449 1916 1771 1998 obtinuit,
1821 1916 2070 1982 scilicet
2115 1937 2220 1981 an.
2277 1917 2485 1999 1325,
2542 1917 2711 1980 1327
2762 1920 2831 1980 et
2881 1915 3056 1980 1332
3102 1916 3374 1998 (numm.
3425 1914 3591 1997 650,
3643 1914 3808 1996 ⁷23,

755 2021 933 2103 875).
994 2020 1277 2109 Insuper
1323 2042 1471 2086 cum
1519 2020 1592 2085 a0
1644 2023 1814 2085 1329
1863 2020 2114 2085 fructus
2160 2021 2351 2108 primi
2401 2020 2557 2085 anni
2604 2018 3071 2085 beneficiorum
3117 2019 3189 2084 in
3233 2019 3571 2106 provincia
3617 2018 3810 2085 Colo·

752 2124 967 2189 niensi
1034 2132 1491 2190 vacaturorum
1559 2145 1676 2211 per
1739 2125 2094 2190 triennium
2158 2125 2283 2189 sibi
2346 2130 2746 2189 reservasset
2802 2124 3144 2190 Johannes
3207 2145 3378 2210 papa
3437 2123 3673 2208 XXII,
3731 2130 3809 2189 ut

753 2234 1049 2315 quartam
1095 2229 1203 2294 vel
1248 2231 1511 2295 tertiam
1558 2229 1848 2316 ipsorum
1894 2228 2223 2294 fructuum
2272 2235 2526 2316 partem
2571 2228 3059 2316 archiepiscopo
3109 2227 3485 2293 Coloniensi
3531 2230 3810 2315 ejusque

751 2333 1179 2418 suffraganeis
1230 2335 1665 2418 assignarent,
1720 2334 1855 2397 suis
1904 2333 2362 2399 collectoribus
2408 2332 2779 2416 mandavit,
2829 2331 2943 2398 sed
2990 2333 3177 2399 brevi
3222 2339 3372 2419 post
3409 2331 3586 2397 idem
3625 2354 3807 2398 man-

751 2435 977 2501 datum
1027 2436 1465 2503 revocandum
1512 2438 1773 2523 putavit
1820 2440 2093 2519 (numm.
2142 2439 2546 2521 827—831).
2618 2436 3020 2503 Collectores
3066 2435 3367 2525 deputati
3415 2442 3572 2501 tunc
3619 2441 3811 2502 erant

750 2541 1080 2606 Henricus
1143 2542 1554 2628 praepositus
1603 2540 1669 2605 S.
1722 2541 2022 2607 Severini
2069 2541 2512 2625 Coloniensis,
2574 2540 3059 2607 Godeschalcus
3108 2539 3188 2606 de
3233 2540 3572 2626 Barbergb
3623 2541 3806 2606 scho-

752 2645 1057 2724 lasticus,
1117 2644 1458 2711 Johannes
1521 2643 1604 2710 de
1667 2646 1906 2710 Bunna
1954 2643 2240 2711 decanus
2288 2645 2602 2711 ecclesiae
2647 2645 3023 2711 Bunnensis
3070 2647 3277 2729 (num.
3328 2646 3507 2728 842).
3602 2644 3808 2712 Hisce

749 2749 1132 2834 injunxerat
1202 2747 1503 2813 dominus
1578 2749 1792 2835 Papa,
1867 2755 1941 2813 ut
2010 2749 2078 2814 in
2142 2750 2479 2836 provincia
2540 2748 2917 2814 Coloniensi
2978 2749 3364 2835 colligerent
3425 2754 3557 2813 tam
3605 2751 3812 2815 bene·

750 2852 1043 2917 ficiorum
1108 2852 1357 2917 fructus
1423 2874 1620 2941 supra
1681 2856 2073 2917 memoratos
2135 2874 2332 2939 quam
2396 2852 2714 2918 decimam
2777 2855 3067 2918 omnium
3114 2861 3551 2940 proventuum
3601 2854 3809 2921 eccle·

752 2957 1196 3037 siasticorum,
1257 2958 1501 3044 quippe
1567 2978 1763 3043 quam
1815 2958 1955 3042 jam
2013 2954 2260 3022 dudum
2307 2978 2424 3044 per
2470 2978 2590 3022 sex
2636 2977 2842 3022 annos
2889 2956 3194 3022 Clemens
3240 2957 3304 3022 V
3350 2958 3802 3044 imposuisset,

732 3059 867 3131 ,sed
927 3061 996 3125 in
1061 3061 1413 3127 Germania
1476 3062 1611 3126 fere
1678 3082 1870 3126 nemo
1937 3061 2190 3126 solvere
2253 3068 2545 3126 curasset
2607 3062 2813 3145 (num.
2880 3063 3059 3142 834).
3152 3061 3312 3127 Mox
3357 3082 3550 3144 vero,
3597 3068 3675 3126 ut
3719 3063 3810 3129 ab

749 3170 1032 3251 utroque
1082 3165 1326 3230 tributo
1375 3163 1706 3251 exigendo
1752 3166 2019 3252 penitus
2061 3164 2593 3252 supersederent,
2655 3163 2855 3230 iidem
2905 3166 3288 3231 collectores
3334 3186 3576 3231 novum
3622 3188 3806 3233 man·

751 3266 978 3332 datum
1066 3269 1299 3356 papale
1386 3276 1778 3356 receperunt
1866 3273 2136 3352 (numm.
2219 3271 2623 3353 847—848).
2726 3269 3051 3335 Gravibus
3130 3271 3304 3335 enim
3382 3271 3812 3356 querimoniis

752 3372 1093 3438 Summum
1158 3373 1549 3438 Pontificem
1595 3374 1718 3437 hac
1766 3372 1848 3438 de
1898 3370 2094 3437 causa
2140 3374 2462 3438 lacessere
2508 3394 2641 3438 non
2690 3372 3035 3439 destiterat
3081 3376 3291 3439 clerus
3339 3373 3803 3457 Germanicus,

751 3475 961 3540 donec
1021 3475 1267 3540 tributa
1333 3482 1467 3541 tam
1532 3497 1736 3542 exosa
1797 3477 2027 3541 saltem
2090 3477 2173 3541 ad
2240 3482 2496 3564 tempus
2561 3478 2839 3543 fuissent
2885 3479 3220 3565 abrogata.
3246 3479 3301 3562 2)
3391 3477 3612 3543 Hosce
3660 3498 3806 3565 pro·

748 3579 905 3643 inde
969 3579 1351 3645 collectores
1412 3601 1645 3645 revera
1699 3579 1873 3668 apud
1923 3602 2041 3645 nos
2090 3602 2363 3645 munere
2411 3601 2530 3645 suo
2577 3580 2836 3645 functos
2883 3582 3114 3666 fuisse,
3162 3583 3276 3646 vix
3323 3579 3501 3646 credi
3547 3587 3808 3667 potest,

763 3703 971 3769 eoque
1020 3684 1234 3748 minus
1282 3684 1456 3770 quod
1504 3684 1794 3771 ipsorum
1835 3685 2108 3749 actionis
2149 3691 2218 3750 et
2256 3683 2841 3750 administrationis
2884 3687 3065 3753 nulla
3107 3687 3369 3752 omnino
3412 3684 3806 3753 documenta

755 3786 1103 3873 supersint.

980 3890 1111 3957 Sed
1181 3891 1547 3957 collectoris
1612 3893 1896 3958 officium
1957 3895 2025 3956 in
2089 3893 2387 3979 partibus
2450 3894 2687 3958 nostris
2735 3895 3028 3980 profecto
3078 3896 3286 3961 obivit
3332 3895 3673 3963 Johannes
3720 3896 3812 3963 de

750 3993 1013 4060 Casleto
1079 3996 1431 4060 canonicus
1495 3997 1922 4079 Leodiensis,
1978 3997 2085 4061 cui
2132 3997 2205 4061 a0
2258 3998 2429 4061 1344
2477 3998 2845 4085 iterumque
2896 3998 3151 4064 duobus
3199 4000 3388 4065 annis
3434 4008 3583 4086 post
3629 4023 3803 4066 com-

750 4099 928 4163 misit
973 4099 1281 4165 Clemens
1327 4122 1497 4188 papa
1542 4101 1674 4185 VI,
1724 4107 1801 4167 ut
1845 4102 1914 4166 in
1963 4101 2300 4187 provincia
2343 4099 2722 4166 Coloniensi
2768 4109 3126 4189 proventus
3173 4105 3368 4169 unius
3410 4104 3566 4170 anni
3606 4106 3809 4172 bene·

751 4203 1045 4269 ficiorum
1109 4203 1483 4269 vacantium
1548 4211 1682 4269 tam
1742 4206 1883 4291 ipse
1931 4226 2126 4291 quam
2173 4225 2290 4291 per
2337 4205 2843 4270 subcollectores
2892 4228 3099 4293 usque
3145 4206 3228 4271 ad
3275 4208 3616 4273 biennium
3664 4211 3803 4275 exi·

749 4307 1000 4392 gendos
1048 4315 1305 4372 curaret
1354 4310 1628 4392 (numm.
1684 4310 1850 4373 1121
1904 4316 1973 4375 et
2027 4311 2248 4393 1170).
2322 4309 2402 4374 In
2450 4308 2859 4374 dioecesibus
2908 4310 3285 4377 Coloniensi
3333 4319 3402 4377 et
3447 4312 3803 4379 Leodiensi

745 4410 915 4476 hanc
963 4412 1304 4477 collectam
1350 4413 1491 4499 ipse
1539 4412 1583 4478 J
1587 4413 1880 4478 ohannes
1927 4412 2236 4501 perfecit,
2275 4413 2343 4477 in
2377 4413 2782 4499 Trajectensi
2815 4421 3036 4479 autem
3069 4415 3422 4502 Hugonem
3453 4416 3717 4484 Wstinc
3745 4417 3812 4500 3)

748 4515 1133 4580 canonicum
1183 4536 1372 4580 suum
1422 4515 1765 4604 deputavit
1805 4517 2366 4582 subcollectorem.
2437 4517 2608 4582 Tota
2645 4518 2811 4583 ratio
2853 4521 3104 4607 accepti
3145 4527 3215 4585 et
3258 4521 3563 4608 expensi,
3604 4542 3802 4608 quam

746 4618 1060 4684 Gamerae
1109 4618 1531 4705 Apostolicae
1578 4621 1867 4707 proferre
1917 4619 2289 4685 debuerunt
2336 4621 2750 4705 collectores,
2791 4643 3005 4709 nuper
3035 4625 3103 4688 in
3137 4624 3351 4690 lucem
3383 4623 3564 4690 edita
3596 4631 3718 4690 est.
3742 4625 3809 4709 4)

748 4721 852 4787 Ex
900 4743 1029 4808 quo
1077 4723 1357 4807 registro
1407 4724 1887 4808 concludimus,
1943 4745 2065 4811 per
2094 4731 2445 4811 utrumque
2476 4726 2848 4810 biennium,
2897 4726 3147 4792 scilicet
3179 4749 3283 4793 an.
3322 4730 3794 4814 1344—1348,

748 4846 915 4911 quae
964 4824 1046 4890 de
1093 4825 1412 4890 fructibus
1461 4827 1651 4913 primi
1699 4829 1855 4892 anni
1903 4827 2399 4912 beneficiorum,
2450 4834 2607 4893 tunc
2652 4830 2721 4893 in
2769 4831 3038 4896 civitate
3087 4837 3156 4895 et
3206 4831 3489 4898 dioecesi
3535 4833 3808 4918 Trajec-

747 4929 1044 5021 tensibus
1107 4930 1518 5012 vacantium,
1577 4936 1718 4994 tota
1764 4951 2017 4995 summa
2063 4938 2331 5019 recepta
2376 4932 2573 4997 fuerit
2619 4932 2991 4998 ascendisse
3041 4934 3124 4999 ad
3174 4939 3298 5001 481
3353 4934 3661 5021 scudata,
3712 4939 3808 5001 40

745 5031 1023 5116 solidos,
1094 5034 1169 5097 11
1238 5031 1540 5099 denarios
1603 5040 1906 5099 monetae
1970 5034 2412 5120 TraJectensis
2478 5047 2546 5101 et
2608 5040 2647 5101 2
2711 5058 2944 5123 parvos
2992 5039 3310 5125 florenos,
3367 5042 3474 5106 vel
3520 5042 3618 5105 uti
3667 5040 3798 5105 alio

743 5135 938 5201 modo
997 5137 1403 5222 computavit
1459 5138 1797 5204 Johannes
1845 5137 2193 5223 collector,
2243 5138 2325 5203 ad
2377 5141 2507 5204 760
2555 5141 2791 5225 libras,
2845 5144 2926 5206 15
2978 5142 3254 5229 solidos,
3306 5146 3344 5209 5
3395 5143 3715 5210 denarios.
3743 5146 3804 5228 ⁵)

911 5528 965 5593 1)
1003 5529 1198 5580 Kirsch
1233 5531 1305 5581 l.l.
1339 5529 1555 5582 49—50.
1890 5532 1947 5597 2)
1984 5532 2088 5584 Cfr.
2126 5533 2317 5586 Kirsch
2351 5535 2427 5587 l.l.
2461 5536 2728 5588 xxxvn.

906 5607 961 5671 3)
999 5609 1074 5659 De
1109 5625 1214 5675 quo
1247 5611 1439 5662 videsis
1478 5612 1669 5663 Muller
1703 5615 1813 5663 Het
1843 5614 2130 5664 rechteboelc
2162 5631 2263 5665 ran
2295 5617 2390 5664 cleu
2424 5617 2552 5666 Dom
2587 5617 2933 5669 vlu-xm.

906 5689 962 5754 4)
998 5689 1190 5740 Kirsch
1226 5691 1297 5742 l.l.
1332 5691 1644 5767 ‘zoa-295„
1953 5694 2010 5760 5)
2050 5695 2239 5746 Kirsch
2273 5696 2342 5746 l.l.
2381 5695 2479 5747 ⁴284
2515 5703 2567 5747 et
2600 5697 2715 5750 291.
