4450 6684
827 462 914 526 27
929 461 967 523 6
2095 452 2498 518 Gnnoomus
2543 450 2663 515 XI.

1047 677 1377 744 Nobilitas
1438 675 1720 762 generis.
1754 720 1770 737 .
1800 720 1817 738 .
1847 720 1864 738 .
1938 673 2094 738 Dat.
2162 671 2335 759 apud
2401 671 2886 737 Villamnovam
2932 675 3043 734 etc.
3063 717 3081 751 ,
3147 667 3251 733 111
3295 666 3393 732 Id.
3443 665 3488 732 J
3493 665 3668 747 unii,
3730 685 3904 730 anno

820 788 1077 878 quinto.

1245 873 1371 937 Ray.
1407 874 1508 923 Αυ.
1548 874 1601 921 r.
1638 870 1730 934 τι,
1757 873 1818 934 s.
1854 867 1970 921 167.

978 1017 1035 1082 1)
1070 1014 1391 1082 Hiddclwijk
1426 1016 1483 1066 in
1518 1016 1791 1080 provincia
1830 1013 2201 1078 Ultrsjectina.

826 1504 1029 1573 2230.
1700 1507 1917 1588 1375,
1966 1505 2161 1568 Junii
2204 1505 2332 1585 21,
2381 1524 2486 1587 ap.
2551 1501 3036 1565 Villamnovam.

1146 1660 1464 1745 Mayistro
1500 1660 1837 1724 Galhardo
1869 1659 1945 1724 de
1980 1659 2417 1722 Novaecclesia
2453 1657 2534 1739 l),
2575 1674 2917 1719 causarum
2948 1653 3195 1738 palatii
3224 1651 3559 1735 apostolici
3587 1649 3902 1745 auditori,

1052 1767 1430 1848 mandatur,
1496 1775 1567 1831 ut
1628 1767 1825 1831 Petro
1871 1767 1948 1829 dc
2010 1765 2201 1829 Velde
2248 1766 2543 1829 canonico
2598 1762 2819 1845 Traj.,
2866 1761 3256 1824 decretorum
3302 1756 3580 1836 doctori,
3628 1758 3906 1839 assiqnct

1036 1875 1560 1958 praeposituram
1607 1882 1667 1937 et
1712 1873 2298 1937 archidiaconatum
2345 1872 2630 1934 ecclesiae
2677 1868 2743 1932 S.
2792 1866 3116 1933 Johanm‘s
3172 1865 3390 1944 Traj.,
3436 1883 3629 1946 super
3674 1860 3901 1946 quibus

1057 1979 1364 2061 beneficiis
1386 2029 1403 2062 ,
1450 2001 1589 2043 cum
1624 2001 1749 2064 per
1794 1978 2029 2043 obitum
2073 1977 2346 2042 chrici
2389 1976 2466 2041 dc
2510 1976 2685 2040 Reno
2730 1981 3081 2054 vacassent,
3131 1974 3299 2035 inter
3346 1969 3583 2033 dictum
3630 1967 3900 2032 Petrum

1054 2093 1115 2149 ct
1178 2085 1627 2150 Hermannum
1671 2086 1936 2150 Ellinck
1981 2086 2058 2149 dc
2120 2085 2366 2148 Vrcden
2412 2084 2525 2146 diu
2573 2086 2640 2147 in
2687 2084 2868 2146 curia
2920 2083 2998 2146 lis
3044 2087 3135 2144 est
3180 2083 3460 2165 aqitata;
3485 2078 3541 2160 2)
3587 2075 3696 2141 scd
3739 2074 3901 2139 idem

1057 2191 1509 2275 Hermanmw,
1575 2197 1679 2258 cui
1734 2192 1809 2257 de
1855 2192 2202 2274 decanatu,
2260 2192 2636 2255 canonicatu
2682 2197 2742 2253 et
2774 2187 3142 2274 praebenda
3187 2188 3473 2251 ccclesiae
3518 2183 3902 2249 xanctensis

1062 2299 1242 2363 hodie
1276 2302 1609 2383 provisum
1656 2307 1782 2381 est,
1813 2320 1932 2382 jus
1978 2320 2163 2363 suum
2210 2304 2431 2382 sponte
2476 2317 2644 2360 nunc
2689 2296 3056 2379 resiynavit.

1060 2497 1464 2563 Litterarum
1523 2498 1815 2562 scientia.
1846 2544 1862 2561 .
1890 2544 1906 2561 .
1936 2544 1952 2561 .
2026 2497 2160 2562 Dat
2216 2496 2391 2583 apud
2439 2496 2922 2562 villamnovam
2968 2501 3118 2576 etc„
3167 2491 3271 2559 xl
3315 2491 3425 2557 Kl.
3473 2488 3676 2570 Julii,
3725 2507 3903 2552 anno

835 2604 1088 2690 quinto.

1258 2706 1381 2769 Ray.
1424 2708 1515 2756 Ao.
1559 2702 1617 2755 T.
1654 2706 1740 2767 27,
1769 2708 1831 2770 s.
1866 2703 2008 2757 5500.

987 2850 1044 2915 1)
1079 2851 1305 2917 Nijkcrk
1341 2853 1397 2902 in
1434 2851 1625 2902 Geli-ia.
1825 2851 1880 2916 2)
1917 2851 2023 2903 Cir,
2058 2866 2218 2916 supra
2255 2868 2405 2904 num.
2438 2851 2587 2904 2031.

830 3341 1032 3410 2231.
1712 3346 1924 3427 1375,
1973 3345 2168 3410 Junii
2213 3349 2335 3428 27,
2382 3369 2487 3432 ap.
2551 3347 3034 3410 Villamnovam.

1158 3494 1410 3558 Decano
1455 3496 1743 3559 ccclesiae
1790 3496 1856 3560 S.
1910 3497 2197 3582 Ludqeri
2244 3498 2762 3564 Monastericnsis
2807 3496 3176 3577 mandatur,
3226 3503 3299 3559 ut
3333 3493 3642 3580 procedat
3687 3497 3910 3556 contra

1070 3600 1440 3665 Arnoldum
1501 3601 1608 3682 (dc
1670 3601 1931 3686 Hoorn)
1992 3607 2348 3689 episcopum
2420 3604 2635 3686 Traj.,
2702 3606 2817 3689 qui
2876 3610 3082 3666 curtes
3146 3609 3204 3666 et
3251 3620 3501 3665 mansos
3545 3596 3914 3663 monasterii

1063 3706 1471 3771 Assindensis
1518 3705 1786 3772 indebite
1834 3717 1992 3773 tenet
2038 3718 2362 3795 occupata.

1064 3891 1421 3975 Gregorius
1468 3892 1843 3978 episcopus,
1892 3913 2117 3958 servus
2165 3914 2499 3959 servorum
2548 3894 2708 3975 Dei,
2757 3892 2998 3957 dilecto
3047 3891 3180 3956 filio
3231 3939 3245 3954 .
3277 3940 3292 3955 .
3343 3890 3591 3956 decano
3634 3889 3907 3956 ecclesie

842 4000 1058 4064 sancti
1103 3997 1394 4083 Ludgeri
1440 3998 1984 4064 Monasteriensis
2033 4001 2312 4065 salutem
2363 4006 2429 4064 et
2475 4000 2898 4087 apostolicam
2946 3999 3493 4064 benedictionem.

1074 4104 1461 4170 Exhibita
1522 4104 1712 4170 nobis
1758 4114 1867 4169 etc.
1917 4106 2279 4170 verbotenus
2323 4107 2490 4188 fere,
2549 4105 2658 4170 sed
2702 4107 2963 4170 mutatis
3011 4101 3333 4169 mutandis
3379 4111 3454 4168 ut
3496 4124 3698 4189 supra
3741 4123 3915 4167 num.

841 4214 1023 4277 2075
1086 4232 1282 4297 usque
1324 4233 1398 4296 p.
1465 4212 1593 4275 221
1615 4233 1637 4274 .-
1699 4212 1904 4276 eciam
1953 4211 2244 4277 diversas
2294 4211 3033 4294 excommunicacionis,
3105 4211 3552 4298 suspensionis
3599 4215 3667 4276 et
3711 4209 3912 4274 inter-

840 4318 1004 4384 dicti
1071 4318 1440 4384 sentencias
1504 4318 1953 4403 continentes3
2018 4319 2326 4406 quodque
2383 4320 2801 4406 postmodum
2849 4318 3142 4405 prefatus
3188 4319 3534 4404 episcopus
3581 4315 3913 4403 premissis

843 4426 1087 4511 ligatus
1150 4425 1532 4506 sententiis,
1597 4446 1759 4511 quas
1819 4447 1936 4513 per
1998 4427 2219 4512 plures
2279 4446 2487 4492 annos
2535 4426 2937 4490 sustinuerat
2982 4426 3201 4490 animo
3246 4423 3553 4489 indurato
3599 4429 3669 4489 et
3716 4423 3916 4488 etiam

840 4532 1451 4597 excommunicatus
1498 4531 1760 4617 publice
1808 4533 2187 4614 nunciatus,
2238 4533 2465 4597 extitit
2511 4532 2648 4598 vita
2693 4532 2957 4597 functus
3003 4537 3072 4597 et
3117 4532 3261 4616 ejus
3309 4551 3543 4616 corpus
3588 4551 3707 4616 per
3751 4549 3916 4594 non-

846 4640 1064 4703 nullos
1109 4639 1180 4701 in
1229 4638 1504 4702 ecclesia
1549 4638 1955 4723 TraJectensi
2004 4639 2318 4704 traditum
2370 4639 2496 4704 fuit
2535 4639 2974 4705 ecclesiastice
3020 4639 3388 4725 sepulture,
3436 4644 3704 4725 propter
3743 4636 3920 4722 quod

848 4746 995 4831 ipsa
1062 4744 1340 4808 ecclesia
1398 4745 1600 4828 juxta
1668 4746 2011 4810 canonicas
2081 4748 2455 4811 sanctiones
2527 4753 2629 4814 est
2690 4747 3129 4812 ecclesiastico
3189 4746 3528 4832 supposita
3570 4744 3922 4810 interdicto

848 4849 1159 4937 quodque
1222 4848 1558 4914 Arnoldus
1622 4851 1963 4937 episcopus
2028 4852 2502 4937 Trajectensis,
2570 4852 2651 4917 de
2707 4854 2895 4936 cujus
2941 4872 3224 4938 persona
3268 4858 3418 4938 post
3464 4851 3759 4936 ejusdem
3807 4850 3921 4917 Jo-

852 4955 1089 5021 hannis
1126 4956 1414 5041 episcopi
1447 4956 1698 5020 obitum
1732 4956 1943 5022 eidem
1977 4959 2251 5024 ecclesie
2283 4960 2688 5044 Trajectensi
2722 4980 2840 5046 per
2872 4958 3093 5024 sedem
3129 4959 3551 5045 apostolicam
3585 4960 3918 5047 provisum

848 5060 1150 5142 exstitit,
1201 5061 1415 5126 eidem
1461 5061 1753 5128 Johanni
1799 5065 2108 5151 episcopo
2157 5067 2442 5131 scienter
2491 5065 2849 5131 succedens
2894 5066 2963 5131 in
3013 5066 3283 5150 vicium,
3332 5085 3466 5130 non
3505 5066 3921 5130 obstantibus

849 5168 1184 5255 premissis
1233 5167 1597 5233 diffinitivis
1649 5170 2024 5254 sententiis,
2073 5177 2323 5254 curtes,
2372 5193 2661 5256 mansos,
2712 5173 3066 5258 mancipia,
3114 5193 3364 5255 servos,
3405 5174 3563 5256 jura
3610 5177 3678 5237 et
3724 5173 3924 5259 perti·

848 5274 1110 5338 nentias
1156 5274 1532 5359 supradicta
1579 5275 1957 5360 occupavit,
2006 5283 2275 5362 propter
2320 5277 2495 5364 quod
2546 5285 2774 5342 contra
2820 5278 3103 5343 eundem
3134 5278 3505 5343 Arnoldum
3538 5278 3919 5366 episcopum

852 5381 1248 5446 auctoritate
1315 5387 1539 5446 nostra
1601 5402 1977 5467 processum
2046 5383 2308 5468 extitit3
2359 5384 2696 5471 quodque,
2742 5385 2901 5450 licet
2943 5384 3119 5450 idem
3167 5385 3503 5450 Arnoldus
3551 5385 3926 5472 episcopus,

847 5486 965 5573 qui
1024 5492 1374 5574 propterea
1432 5487 1726 5572 legitime
1789 5490 2397 5554 excommunicatus
2456 5490 2716 5574 extitit,
2783 5491 2854 5555 in
2901 5492 3196 5578 partibus
3243 5490 3373 5555 illis
3419 5490 3618 5556 fuerit
3665 5511 3927 5555 excom-

856 5594 1227 5658 municatus
1289 5592 1551 5679 publice
1615 5595 1990 5677 nuntiatus,
2056 5601 2279 5661 tamen
2343 5597 2426 5662 ab
2489 5597 2918 5683 occupatione
2983 5598 3445 5685 premissorum
3491 5618 3626 5662 non
3671 5604 3887 5663 cessat
3907 5646 3925 5681 ,
