4450 6684
741 573 835 622 Lx
2021 549 2513 616 Iunonum-10.

747 769 1010 838 abunde
1068 769 1371 857 probant.
1467 767 1712 844 Quanti
1759 767 1934 833 enim
1981 765 2299 832 momenti
2344 765 2596 852 papalis
2642 765 2841 831 fuerit
2887 764 3245 831 auctoritas
3290 769 3432 829 tum
3476 763 3547 827 in
3590 782 3799 849 nego·

740 877 850 941 tiis
914 874 1215 940 civilibus
1283 894 1431 938 cum
1495 872 1883 959 praesertim
1930 872 2000 936 in
2046 870 2245 935 rebus
2292 870 2528 953 sacris,
2576 871 2715 956 ‚iam
2762 890 2960 956 supra
3005 867 3237 933 diffuse
3287 865 3711 933 ostendimus.
3738 866 3796 949 l)

330 985 522 1035 Literna
539 976 999 1050 papdeoldcirco
1047 981 1268 1041 tamen
1314 995 1509 1040 nemo
1556 979 1783 1060 putet,
1830 993 1901 1038 se
1946 972 2203 1056 fontes,
2253 973 2492 1060 quibus
2538 973 2957 1039 Summorum
3003 971 3402 1037 Pontificum
3447 969 3622 1057 apud
3669 990 3799 1034 nos

329 1052 730 1238 ”⁰⁰²2ffi⁸¹²”
743 1080 1102 1251 33¹5ssssssssss
1163 1082 1658 1267 ῗὲἓὲἲὲζῖἔῲ
1687 1075 2043 1246 Pifflnf
2046 1075 2674 1247 ¹¹:331?03211ffi?
2698 1074 3793 1267 ὲῗρῖξὲᾅῖθῖἠῖῗὲήῗέἕᾝίζὲἓ

739 1296 1039 1356 nostrum
1084 1287 1437 1369 exhibeat,
1488 1283 2018 1373 quandoquidem
2069 1282 2365 1350 dubitari
2408 1306 2543 1350 non
2587 1291 2838 1374 potest,
2884 1285 3044 1371 quin
3091 1284 3298 1350 multo
3335 1282 3556 1370 plures
3592 1304 3794 1369 quam

739 1394 901 1459 mihi
955 1392 1247 1479 undique
1292 1390 1724 1476 investiganti
1772 1389 2061 1476 reperire
2110 1391 2390 1475 contigit
2433 1389 2665 1455 literae
2709 1388 3086 1477 pontificiae
3133 1408 3363 1453 revera
3404 1386 3793 1474 prodierint.

738 1499 895 1586 Ipsa
963 1517 1157 1584 porro
1226 1495 1504 1561 Bullarii
1573 1494 1781 1560 nostri
1852 1491 2211 1579 diplomata
2274 1495 2636 1564 identidem
2698 1494 3102 1560 mentionem
3155 1493 3406 1559 faciunt
3449 1492 3792 1579 cujusdam

739 1602 992 1691 papalis
1056 1601 1404 1688 epistolae,
1452 1619 1622 1686 quae
1669 1598 1982 1685 temporis
2025 1599 2270 1683 injuria
2319 1601 2674 1688 deperiisse
2721 1597 3008 1665 videtur.
3097 1599 3333 1664 Bullae
3379 1597 3794 1682 hujusmodi,

741 1728 910 1793 quae
960 1704 1173 1770 adhuc
1220 1708 1810 1770 commemorantur
1854 1700 2154 1789 quidem,
2200 1707 2469 1772 minime
2515 1724 2670 1771 vero
2717 1708 3004 1769 aetatem
3049 1703 3375 1783 tulerunt,
3422 1708 3577 1767 ante
3618 1722 3791 1767 saec.

740 1811 911 1877 XIV
958 1809 1322 1875 ascendunt
1369 1807 1450 1873 ad
1500 1827 1843 1873 numerum
1892 1813 2067 1892 octo,
2099 1809 2155 1893 2)
2201 1808 2604 1895 eaedemque
2651 1807 2733 1873 ab
2782 1827 2888 1871 an.
2940 1806 3382 1871 1300-1378
3422 1804 3559 1871 fere
3602 1807 3796 1892 quin-

741 1914 1058 2001 quaginta
1104 1917 1583 1999 computantur.
1610 1910 1665 1993 3)
1736 1909 1868 1976 Sed
1914 1911 1984 1976 in
2018 1912 2164 1977 aliis
2195 1913 2399 1978 etiam
2428 1912 2613 1976 libris
2642 1909 2975 1996 impressis
3007 1906 3285 1974 subinde
3318 1907 3478 1972 mihi
3509 1911 3798 1974 occurrit

740 2018 883 2084 fieri
929 2017 1331 2082 mentionem
1378 2014 1840 2080 nonnullarum
1886 2014 2247 2100 bullarum,
2290 2036 2451 2103 quas
2481 2015 2724 2080 frustra
2752 2014 3049 2079 invenire
3081 2017 3357 2078 conatus
3387 2033 3620 2078 essem.
3679 2014 3794 2080 Sic

739 2123 924 2188 verbi
985 2122 1197 2206 gratia
1263 2140 1393 2207 quo
1442 2119 1884 2184 ecclesiastica
1928 2119 2182 2207 patriae
2230 2126 2494 2185 nostrae
2538 2118 2816 2183 historia
2859 2116 3211 2203 praecipue
3258 2121 3577 2181 tractatur
3619 2117 3798 2183 liber

738 2226 1019 2292 Batavia
1065 2225 1269 2289 Sacra
1291 2225 1348 2308 4)
1396 2228 1816 2309 nuncupatus
1867 2222 2314 2309 indulgentias
2357 2221 2587 2288 laudat
2632 2243 2672 2287 a
2703 2221 3044 2287 Clemente
3074 2220 3140 2284 V
3172 2224 3241 2285 et
3269 2219 3658 2285 Innocentio
3689 2221 3792 2286 VI

739 2351 1083 2397 concessas
1130 2328 1422 2395 ecclesiis
1467 2326 1953 2413 parochialibus
1998 2327 2069 2392 in
2101 2328 2419 2393 Haarlem
2462 2326 2631 2391 etin
2659 2324 3085 2409 IJsselsteyn.
3157 2323 3477 2389 Attamen
3508 2330 3794 2411 utraque

740 2455 909 2522 quae
971 2434 1142 2499 hanc
1205 2430 1287 2496 ad
1349 2453 1486 2497 rem
1549 2431 1839 2519 pertinet
1886 2430 2070 2496 bulla
2116 2452 2440 2518 nusquam
2486 2430 2758 2517 reperiri
2794 2431 2934 2515 jam
2980 2429 3218 2516 potuit.
3309 2427 3627 2516 Idemque
3674 2429 3790 2516 qui

738 2539 1051 2603 Bataviae
1081 2538 1317 2600 Sacrae
1347 2540 1577 2600 auctor
1607 2535 1807 2620 Hugo
1840 2556 1971 2599 van
2003 2535 2316 2600 Heussen
2345 2536 2414 2599 in
2445 2536 2654 2600 altero
2687 2555 2805 2599 suo
2839 2553 3037 2620 opere
3068 2533 3440 2620 principali:
3487 2532 3792 2599 Historia

738 2645 1207 2728 episcopatuum
1275 2638 1618 2704 Foederata·
1684 2637 1898 2723 Belqii
1920 2640 1975 2722 ⁵)
2045 2659 2518 2725 nonnunquam
2579 2637 2663 2704 de
2723 2636 3114 2723 quibusdam
3177 2637 3375 2702 bullis
3433 2637 3794 2725 pontificiis

739 2745 982 2811 diserte
1022 2743 1338 2829 loquitur,
1378 2762 1548 2828 quae
1593 2747 1811 2806 tamen
1852 2742 1924 2806 in
1960 2741 2255 2806 Bullario
2297 2741 2705 2826 Trajectensi
2747 2739 3221 2806 desiderantur.
3278 2741 3384 2806 Ex
3421 2743 3648 2827 paucis
3683 2742 3792 2807 his

738 2848 1059 2934 exemplis
1097 2848 1238 2931 jam
1287 2851 1432 2910 tuto
1481 2843 1962 2928 concludimus,
2009 2846 2326 2931 majorem
2368 2866 2526 2910 sane
2555 2851 2810 2932 partem
2843 2845 3182 2910 literarum
3213 2845 3546 2932 papalium
3577 2866 3794 2933 usque

739 2951 822 3017 ad
887 2972 992 3016 an.
1070 2951 1239 3015 1378
1303 2948 1627 3016 editarum
1692 2948 1881 3014 nobis
1941 2949 2083 3033 jam
2128 2954 2392 3036 praesto
2439 2969 2622 3032 esse,
2685 2949 2953 3014 minime
2999 2954 3222 3015 autem
3270 2969 3495 3014 omnes
3542 2955 3612 3015 et
3655 2950 3789 3014 sin-

737 3055 959 3142 gulas,
1028 3055 1125 3119 ita
1183 3060 1258 3118 ut
1305 3051 1806 3139 amplitudinem
1853 3052 2304 3134 auctoritatis,
2353 3073 2483 3138 qua
2527 3052 2780 3118 Summi
2827 3052 3191 3117 Pontifices
3239 3057 3395 3118 tunc
3442 3051 3616 3139 apud
3663 3074 3792 3120 nos

736 3159 1114 3248 pollebant,
1159 3156 1598 3245 peremptorie
1645 3155 1920 3222 definire
1965 3156 2081 3220 vix
2126 3155 2346 3220 liceat.

963 3261 1342 3348 Eademque
1414 3265 1638 3324 nostra
1706 3261 1926 3346 opinio
1999 3264 2186 3324 tanto
2256 3259 2465 3344 magis
2532 3260 2848 3347 patescit,
2919 3260 3122 3346 siquis
3191 3259 3597 3343 considerat,
3667 3283 3794 3348 per

739 3366 1099 3453 diplomata
1140 3365 1214 3429 in
1259 3368 1481 3429 nostro
1527 3362 1821 3428 Bullario
1868 3363 2168 3428 exhibita
2213 3363 2424 3427 solum
2470 3363 2873 3429 manifestari
2906 3365 3353 3430 Romanorum
3385 3364 3782 3431 Pontificum

737 3471 1235 3551 auctoritatem,
1306 3466 1567 3554 quoties
1636 3472 1712 3530 ut
1787 3465 2034 3531 directe
2103 3467 2534 3531 interveniret
2603 3466 2917 3532 accidisse
2979 3467 3372 3533 noverimus.
3464 3467 3786 3535 Attamen

737 3572 1080 3660 permultis
1148 3572 1218 3637 in
1287 3590 1456 3655 nego
1470 3571 1578 3634 tiis
1646 3569 2105 3635 auctoritatem
2177 3590 2360 3634 suam
2430 3590 2564 3635 non
2626 3569 2912 3653 directe,
2979 3570 3095 3637 sed
3157 3573 3378 3658 potius
3422 3571 3787 3656 indirecte,

735 3676 1160 3763 interponere
1228 3674 1486 3740 solebat
1553 3672 1941 3759 Apostolica
2010 3671 2257 3755 Sedes,
2326 3673 2575 3738 scilicet
2640 3695 2759 3760 per
2817 3675 3073 3761 legatos
3134 3695 3286 3740 suos
3346 3681 3417 3741 et
3471 3677 3785 3760 nuncios,

736 3780 964 3845 Crucis
1039 3776 1522 3866 praedicatores
1544 3825 1563 3861 ,
1634 3777 1925 3842 decimae
1995 3777 2412 3860 collectores,
2481 3777 2803 3844 bonorum
2849 3784 3372 3862 conservatores,
3438 3799 3779 3846 causarum

726 3881 1008 3968 judices.
1102 3881 1198 3947 Ut
1246 3882 1453 3966 igitur
1499 3901 1667 3967 quae
1710 3881 1782 3945 in
1828 3878 2114 3945 dioecesi
2159 3880 2569 3966 Trajectensi
2616 3883 2770 3947 olim
2814 3883 3027 3968 viguit
3072 3884 3482 3949 auctoritatis
3527 3884 3788 3971 papalis

735 3985 1100 4074 amplitudo
1145 3984 1406 4072 plenius
1450 3984 1897 4070 intelligatur,
1946 3981 2030 4048 de
2076 3983 2352 4069 singulis
2397 3986 2508 4070 qui
2554 3991 2811 4051 nostras
2856 3987 2927 4050 in
2972 3991 3193 4072 partes
3233 4008 3273 4052 a
3304 3986 3574 4052 Summo
3605 3987 3786 4052 Pon-

733 4090 910 4157 tifice
956 4090 1136 4155 missi
1182 4090 1528 4175 leguntur,
1577 4086 1893 4152 disserere
1941 4091 2220 4173 oportet.

335 4211 551 4279 Quinam
584 4217 716 4281 apua
958 4192 1042 4259 A.
1135 4191 1367 4277 Leyati
1409 4197 1469 4255 et
1512 4192 1733 4254 nuncii
1765 4190 2060 4275 papales.
2151 4188 2575 4276 Amplissimo
2620 4189 2746 4254 hoc
2791 4211 3063 4256 munere
3108 4190 3392 4277 primum
3439 4190 3614 4277 apud
3656 4212 3786 4257 nos

318 4297 470 4413 ,ἐπὶ
486 4284 948 4402 {ssssffissfiornssfi
1007 4293 1490 4383 quodammodo
1553 4293 1681 4358 dici
1727 4298 2032 4380 possunt:
2090 4293 2161 4358 a⁰
2212 4295 2385 4358 1124
2432 4292 2829 4359 wilhelmus
2874 4294 3221 4381 episcopus
3265 4294 3779 4379 Praenestinus,

416 4418 624 4483 papales.
729 4421 926 4488 quem
988 4401 1163 4466 clero
1224 4419 1343 4487 per
1400 4397 1680 4464 Galliam
1728 4401 1797 4461 et
1842 4397 2264 4462 Germaniam
2310 4396 2671 4461 constituto
2720 4396 3019 4463 Oalixtus
3066 4418 3239 4485 papa
3280 4396 3318 4463 I
3363 4420 3554 4464 suum
3599 4418 3781 4464 com·

729 4503 1066 4571 mondavit
1112 4502 1424 4567 nuncium
1470 4502 1676 4585 (num.
1720 4499 1953 4584 2271);
2000 4498 2072 4564 a0
2125 4501 2295 4565 1137
2342 4500 2589 4565 Albero
2629 4500 3155 4587 archiepiscopus
3186 4503 3622 4585 Trevirensis,
3661 4502 3778 4587 qui

732 4605 1153 4694 Apostolicae
1217 4603 1406 4671 Sedis
1452 4604 1710 4689 legatus
1753 4604 1823 4668 in
1872 4602 2334 4670 coloniensem
2380 4604 2671 4691 aliasque
2718 4605 3112 4670 Germaniae
3157 4606 3526 4693 provincias
3572 4604 3784 4692 depu-

889 5022 947 5087 1)
983 5021 1183 5072 Introd.
1220 5020 1351 5072 Pars
1385 5019 1455 5070 11.

889 5103 946 5167 2)
981 5101 1085 5153 cfr.
1131 5115 1336 5152 numm.
1381 5098 1521 5164 (32),
1568 5098 1661 5149 ubi
1706 5099 1954 5150 laudatur
2001 5099 2145 5151 bulla
2191 5099 2459 5150 Anastasii
2495 5114 2659 5165 papae
2692 5101 2758 5151 ad
2792 5100 3063 5152 abbatiam
3101 5098 3640 5168 Middclburgensem,
3676 5098 3775 5165 49,

723 5183 944 5247 78-80,
981 5180 1101 5247 167,
1143 5180 1271 5246 193,
1303 5180 1427 5245 230,
1463 5179 1584 5244 356,
1620 5178 1733 5231 368.

885 5264 943 5329 3)
979 5264 1085 5316 Cir.
1128 5276 1335 5314 numm.
1377 5260 1480 5312 440
1523 5260 1680 5325 (bis),
1726 5257 1848 5324 458,
1897 5257 2024 5323 509,
2068 5257 2168 5309 596
2213 5259 2374 5324 (bis),
2420 5259 2514 5312 661
2564 5260 2722 5325 (bis),
2770 5259 2896 5325 771,
2931 5259 3055 5325 782,
3093 5259 3216 5327 787,
3252 5261 3388 5313 1068
3419 5262 3578 5328 (bis),
3611 5260 3776 5326 1090,

717 5345 875 5410 1101,
910 5345 1067 5405 1114,
1104 5343 1263 5408 1204,
1296 5340 1447 5405 1207,
1480 5340 1639 5405 1239,
1677 5339 1831 5404 1241,
1867 5338 2027 5402 1361,
2061 5338 2219 5401 1449,
2258 5339 2415 5405 1573,
2450 5340 2617 5405 1630,
2652 5340 2798 5405 1687,
2836 5341 2994 5404 1691,
3031 5341 3190 5405 1784,
3226 5340 3384 5407 1785,
3417 5340 3576 5406 1811,
3609 5340 3776 5405 1842,

719 5424 876 5491 1872,
921 5424 1081 5491 2017,
1128 5424 1284 5488 2026,
1320 5422 1477 5486 2028,
1514 5421 1672 5486 2060,
1705 5418 1862 5485 2074,
1899 5418 2053 5483 2075,
2089 5418 2250 5485 2090,
2284 5419 2442 5484 2120,
2476 5420 2634 5487 2123,
2670 5420 2830 5486 2126,
2865 5421 2999 5473 2132
3032 5422 3189 5488 (bis),
3226 5421 3381 5487 2133,
3416 5421 3572 5489 2159,
3608 5421 3776 5488 2187,

720 5505 878 5571 2192,
915 5506 1064 5557 2197.

884 5587 942 5647 4)
975 5588 1146 5638 Editio
1179 5600 1265 5636 an.
1300 5583 1435 5635 1714
1468 5583 1599 5634 Pars
1632 5581 1703 5632 11.
1734 5580 1861 5646 155,
1897 5578 2021 5644 290,
2055 5579 2172 5632 424.

883 5668 939 5733 5)
975 5667 1066 5719 Ed.
1101 5681 1190 5718 an.
1223 5663 1356 5716 1719
1390 5662 1664 5726 Ultraject.
1696 5660 1798 5713 503
1831 5667 1886 5712 et
1920 5660 2161 5711 Middelb.
2199 5659 2259 5726 73
2298 5661 2503 5713 Kar-kal.
2537 5663 2773 5717 Histoi-ie
2805 5680 2866 5714 en
2905 5664 3166 5715 Outkden
3200 5663 3471 5729 (Zeeland)
3506 5661 3595 5715 IV.
3627 5660 3711 5714 13.
