4450 6684
846 602 973 649 vm
2125 583 2616 649 Ina-nonnemo.

845 806 998 873 tulit
1045 830 1253 894 usque
1301 806 1382 872 ad
1432 824 1600 871 saec.
1649 802 1919 886 XVIII,
1969 803 2210 890 quippe
2260 801 2433 888 quod
2474 802 2760 867 Miraeus
2793 805 2862 864 et
2891 819 3021 863 van
3052 798 3361 864 Heussen
3394 803 3464 864 et
3492 818 3620 862 van
3652 798 3805 882 Rijn
3837 796 3898 879 1)

842 933 961 997 pro
1026 911 1314 978 editione
1378 933 1497 976 sua
1557 917 1711 976 ante
1775 909 1996 973 oculos
2057 927 2127 971 se
2190 905 2497 972 habuisse
2561 905 2675 971 sed
2734 903 3133 989 corruptioni
3173 903 3473 988 jamtunc
3520 904 3890 988 proximum

845 1017 1046 1084 fuisse
1096 1018 1442 1083 affirmant.
1490 1017 1753 1082 Etenim
1788 1020 1856 1081 et
1891 1033 2066 1079 num.
2102 1014 2180 1077 21
2223 1016 2292 1077 et
2322 1031 2500 1076 num.
2535 1010 2620 1075 24
2654 1014 2836 1074 sunt:
2894 1007 3086 1087 „Dat.
3123 1005 3335 1071 Rome
3369 1005 3542 1091 apud
3577 1005 3894 1071 Sanctum

845 1122 1199 1205 Petrum,”
1265 1128 1423 1187 nota
1486 1121 1597 1186 illo
1660 1126 1955 1205 tempore
2019 1139 2175 1182 sane
2223 1116 2580 1198 rarissima,
2644 1134 2792 1178 cum
2843 1110 3200 1178 Pontifices
3249 1112 3582 1176 Romanos
3631 1109 3890 1175 saeculo

845 1227 979 1293 XV
1039 1227 1433 1308 anteriores,
1499 1224 1760 1311 quando
1822 1225 1890 1288 in
1951 1222 2133 1288 Urbe
2192 1220 2556 1305 degebant,
2620 1219 3004 1305 plerumque
3050 1217 3120 1281 in
3168 1216 3410 1303 palatio
3458 1216 3895 1282 Lateranensi

843 1332 951 1397 vel
1022 1330 1194 1419 apud
1265 1331 1459 1396 aliam
1530 1331 1749 1417 potius
1806 1349 1999 1415 quam
2059 1326 2125 1392 S.
2184 1325 2367 1391 Petri
2425 1323 2772 1388 Basilicam
2834 1321 3056 1388 sedem
3121 1321 3429 1386 habuisse
3492 1321 3577 1385 sit
3640 1328 3890 1388 notum.

846 1437 1030 1502 Sicut
1094 1442 1313 1501 autem
1372 1435 1675 1500 falsarius
1720 1434 1790 1497 in
1837 1430 2149 1517 fingenda
2194 1428 2398 1517 spurii
2446 1428 2546 1492 sui
2595 1426 2968 1514 diplomatis
3016 1426 3178 1510 regii
3226 1431 3386 1489 nota
3432 1425 3894 1512 chronologica

842 1541 1242 1605 verbotenus
1307 1540 1586 1604 alterum
1648 1536 1845 1624 idque
1908 1536 2268 1621 genuinum
2329 1530 2616 1598 Conradi
2679 1531 2783 1596 III
2846 1531 3018 1616 regis
3076 1529 3364 1616 diploma
3409 1529 3704 1595 imitatus
3751 1538 3890 1615 est,

844 1648 968 1712 hoc
1014 1647 1227 1731 ipsum
1273 1643 1342 1707 in
1392 1640 1702 1727 fingenda
1746 1640 1926 1705 bulla
1972 1637 2456 1703 confirmatoria
2501 1642 2774 1701 conatus
2821 1635 3021 1700 fuisse
3061 1633 3340 1699 videtur.
3412 1633 3562 1699 Jam
3603 1634 3892 1702 habebat

844 1749 1283 1815 verisimiliter
1329 1746 1576 1811 bullam
1624 1744 1904 1829 Eugenii
1950 1762 2160 1829 papae
2208 1741 2351 1824 III,
2402 1760 2569 1827 quae
2617 1744 2793 1805 erat:
2849 1739 3040 1821 „Dat.
3090 1739 3302 1804 Rome
3351 1737 3525 1824 apud
3573 1738 3888 1805 Sanctum

846 1856 1115 1919 Petrum
1136 1851 1198 1933 ‚'’
1250 1871 1524 1936 eamque
1573 1848 1656 1914 ad
1703 1848 2073 1913 Walterum
2122 1845 2429 1910 abbatem
2463 1843 3025 1909 Walachriensem
3072 1842 3465 1908 destinatam
3500 1845 3706 1926 (num.
3748 1846 3890 1926 14),

845 1957 959 2024 sed
1026 1956 1286 2021 falsario
1352 1960 1610 2035 nostro,
1675 1953 1784 2037 qui
1849 1956 2040 2016 vetus
2102 1949 2496 2014 tabularium
2559 1949 2984 2033 Trajectense
3041 1948 3302 2033 penitus
3350 1954 3661 2029 noverat,
3710 1950 3886 2015 haud

842 2062 1031 2127 facile
1093 2060 1404 2144 ignotam.
1498 2058 1670 2122 Nam
1733 2054 2054 2140 ejusmodi
2122 2053 2376 2135 bullae,
2444 2073 2611 2139 quae
2665 2052 2998 2116 licentiam
3048 2051 3129 2115 ab
3179 2051 3531 2116 Heriberto
3580 2054 3897 2141 episcopo-

843 2167 1018 2249 Traj.
1067 2162 1469 2249 impertitam
1519 2160 1960 2239 confirmavit,
2018 2158 2250 2222 saltem
2300 2157 2747 2244 apographum
2796 2156 3056 2242 aliquod
3107 2157 3174 2221 in
3226 2162 3448 2221 vetere
3498 2157 3892 2224 cathedralis

842 2269 1157 2336 ecclesiae
1229 2265 1550 2329 tabulario
1620 2284 1752 2328 non
1830 2262 2114 2328 defuisse
2186 2260 2496 2325 dicamus.
2591 2260 2879 2325 Proinde
2951 2261 3117 2326 hanc
3189 2261 3539 2345 genuinam
3608 2262 3894 2347 Eugenii

840 2393 1049 2459 papae
1119 2370 1225 2435 III
1295 2369 1539 2434 bullam
1610 2366 1928 2432 imitando
2001 2366 2299 2431 falsarius
2362 2365 2727 2452 scripserit:
2810 2365 2999 2446 „Dat.
3066 2365 3279 2430 Rome
3341 2366 3512 2451 apud
3577 2366 3890 2434 Sanctum

839 2474 1181 2541 Petrum.”
1277 2472 1529 2547 Quibus
1595 2471 1811 2537 verbis
1858 2477 2105 2536 temere
2154 2471 2431 2556 adjecit:
2506 2471 2678 2551 „XV
2722 2470 2832 2535 Kl.
2882 2470 3164 2556 Aprilis,
3215 2469 3634 2556 pontificatus
3682 2475 3896 2538 nostri

842 2600 1016 2644 anno
1063 2575 1339 2664 prim0.”
1412 2576 1575 2641 Cum
1626 2577 1800 2640 enim
1847 2575 1930 2640 ad
1965 2574 2246 2640 eundem
2282 2595 2556 2655 annum,
2592 2595 2720 2659 quo
2754 2574 3044 2660 spurium
3077 2573 3364 2639 Com-adi
3396 2575 3567 2659 regis
3601 2575 3890 2662 diploma

841 2681 1188 2749 oriundum
1236 2680 1556 2760 finxerat,
1606 2679 1845 2744 referre
1892 2679 2175 2744 voluerit
2213 2681 2421 2764 ipsam
2461 2679 2703 2743 bullam
2750 2677 3328 2759 confirmatoriam,
3363 2680 3649 2766 scripsit:
3692 2704 3890 2769 „pon-

842 2788 1131 2852 tificatus
1195 2785 1403 2849 nostri
1465 2805 1637 2848 anno
1700 2784 1907 2870 primo
1928 2782 1990 2865 ,”
2056 2782 2170 2848 sed
2226 2784 2320 2846 ita
2366 2783 2433 2847 in
2481 2784 2787 2869 laqueum
2837 2782 3086 2848 incidit.
3183 2783 3517 2868 Eugenius
3565 2807 3734 2871 papa
3781 2786 3888 2851 III

838 2890 1259 2978 pontificatus
1307 2889 1558 2974 apicem
1606 2908 1778 2952 anno
1832 2889 2001 2951 1145
2051 2887 2280 2972 utique
2313 2887 2562 2972 attigit3
2597 2893 3053 2952 verumtamen
3088 2887 3289 2973 (quod
3333 2887 3631 2953 falsarius
3665 2896 3890 2956 noster

836 2996 1172 3080 ignorasse
1220 2991 1507 3074 videtur)
1548 2993 1685 3075 jam
1735 3012 1960 3057 mense
2010 2990 2402 3071 Februari0,
2451 2992 2547 3055 ita
2593 2992 2940 3056 utinensis
2976 2991 3221 3077 Aprilis
3258 3013 3429 3056 anno
3463 2995 3888 3079 pontificatus

839 3100 1046 3185 primo
1119 3103 1370 3183 septem
1441 3095 1677 3160 abhinc
1750 3096 2079 3160 mensibus
2143 3096 2592 3182 praeterierit,
2658 3116 2804 3159 cum
2870 3095 3209 3160 Conradus
3274 3117 3392 3161 rex
3441 3098 3546 3164 die
3594 3100 3727 3164 XV
3774 3100 3887 3164 Kl.

837 3202 1229 3268 Novembris
1276 3200 1564 3286 diploma
1610 3219 1798 3263 suum
1848 3198 2131 3263 edidisse
2180 3198 2620 3263 contenditur.
2684 3199 2867 3263 Inter
2900 3205 3248 3285 utrumque
3282 3199 3571 3288 diploma
3603 3206 3886 3289 spatium

836 3308 1126 3394 quinque
1175 3305 1432 3370 circiter
1481 3304 1803 3368 mensium
1854 3304 2097 3390 optime
2146 3323 2506 3387 congruere
2555 3302 2851 3367 falsarius
2886 3309 3109 3367 noster
3141 3308 3575 3390 computavit3
3626 3309 3885 3394 scripsit

837 3410 1037 3494 igitur
1099 3408 1268 3471 sicut
1328 3408 1398 3469 in
1466 3404 1821 3491 diplomate
1886 3405 2094 3489 regio:
2159 3405 2293 3470 XV
2355 3406 2721 3491 Kalendas;
2772 3428 2905 3470 non
2954 3413 3211 3472 autem:
3263 3409 3681 3492 Novembris,
3733 3410 3882 3476 sed:

835 3513 1115 3598 Aprilis,
1167 3516 1239 3575 ut
1285 3509 1467 3573 bulla
1512 3508 1763 3596 papalis
1812 3508 2098 3594 diploma
2143 3510 2395 3595 regium
2444 3517 2592 3596 post
2644 3511 2931 3597 quinque
2979 3531 3237 3576 menses
3287 3512 3639 3577 subsecuta
3689 3514 3896 3579 fuisse

837 3615 1190 3679 videretur.
1286 3613 1379 3677 At
1449 3611 1844 3698 procedente
1918 3619 2211 3698 tempore
2284 3614 2643 3699 quamlibet
2705 3614 2999 3678 fraudem
3068 3616 3488 3703 semetipsam
3553 3616 3887 3684 denudare

836 3719 942 3784 hic
989 3719 1227 3783 iterum
1276 3723 1566 3803 apparet.

1064 3819 1538 3885 Firmissimum
1588 3820 1849 3885 interim
1899 3819 2071 3906 quod
2114 3841 2313 3906 supra
2342 3820 2626 3885 diximus
2658 3827 3027 3907 permanet:
3080 3823 3332 3887 nullum
3364 3825 3501 3908 jam
3538 3845 3878 3911 superesse

835 3925 1149 3990 indicium
1199 3929 1480 4005 certum,
1546 3945 1674 4010 quo
1723 3924 1934 3989 bullas
1982 3926 2251 4011 papales
2297 3931 2450 3989 ante
2499 3924 2697 3990 finem
2747 3947 2912 4009 saec.
2966 3925 3139 3991 XIII
3187 3928 3426 3991 nostris
3474 3928 3541 3991 in
3591 3929 3885 4014 partibus

838 4029 1240 4095 adulteratas
1294 4049 1439 4094 esse
1487 4028 1994 4093 demonstretur.
2089 4028 2441 4093 Habentur
2487 4029 2750 4115 quidem
2800 4030 2969 4094 duae
3015 4031 3251 4095 literae
3299 4033 3567 4118 papales
3616 4040 3689 4097 ut
3737 4054 3890 4118 spu-

834 4135 970 4200 riae
1017 4132 1494 4220 repudiandae,
1544 4153 1816 4218 quarum
1866 4139 2025 4197 nota
2071 4132 2532 4217 chronologica
2578 4132 2659 4196 ad
2709 4155 2875 4198 saec.
2926 4134 3065 4199 XII
3107 4135 3413 4218 refertur3
3464 4137 3630 4221 quin
3666 4143 3890 4202 tamen

836 4239 1114 4304 multum
1186 4243 1419 4324 postea
1490 4235 1826 4302 confectae
1891 4237 2053 4317 sint,
2127 4235 2413 4300 dubitari
2479 4257 2611 4301 non
2670 4243 2907 4323 potest.
3003 4238 3327 4302 Neutrum
3377 4239 3553 4303 enim
3603 4239 3886 4326 diploma

833 4344 1079 4429 legitur
1141 4343 1209 4406 in
1271 4341 1469 4405 Libro
1531 4340 1982 4421 donationum,
2047 4341 2234 4425 cujus
2297 4347 2546 4426 partem
2605 4342 2877 4428 primam
2939 4341 3054 4405 fini
3103 4343 3343 4406 saeculi
3392 4343 3564 4425 XII,
3616 4344 3886 4409 alteram

834 4468 990 4512 vero
1069 4466 1235 4511 saec.
1309 4443 1485 4509 XIII
1554 4442 1793 4507 eruditi
1858 4443 2263 4527 attribuunt;
2312 4465 2525 4530 neque
2573 4445 2770 4508 etiam
2818 4446 3151 4509 invenitur
3198 4446 3266 4508 in
3314 4447 3582 4532 reliquis
3630 4446 3890 4511 chartu-

834 4551 1013 4615 lariis
1084 4549 1323 4613 nostris
1388 4546 1900 4634 antiquioribus,
1967 4545 2048 4612 de
2115 4567 2390 4632 quorum
2439 4546 2569 4612 fide
2616 4549 2905 4633 ingenua
2953 4548 3254 4613 dubitare
3305 4570 3437 4613 non
3484 4551 3657 4615 licet.
3753 4550 3886 4616 Sed

837 4653 905 4717 in
979 4651 1235 4717 codices
1307 4672 1502 4737 supra
1560 4650 1900 4733 laudatos,
1962 4650 2523 4715 Hannoveranum
2572 4652 2821 4717 scilicet
2866 4653 3064 4736 (saec.
3113 4652 3308 4736 XIV)
3358 4660 3424 4718 et
3471 4653 3885 4740 Leydensem

837 4758 1027 4841 (saec.
1098 4756 1256 4838 XV)
1320 4756 1674 4819 ementitae
1739 4754 1863 4819 hae
1929 4754 2146 4819 bullae
2214 4753 2546 4820 derivatae
2595 4777 2737 4821 esse
2785 4757 3095 4821 videntur
3143 4779 3182 4821 a
3228 4759 3556 4822 communi
3604 4758 3886 4845 quodam

836 4863 1018 4925 fonte
1068 4858 1261 4923 hodie
1295 4858 1585 4922 nondum
1625 4857 1918 4940 residue,
1969 4878 2161 4944 quem
2195 4859 2275 4921 cl.
2310 4858 2549 4924 Muller
2572 4860 2626 4942 2)
2675 4861 2845 4925 circa
2878 4882 2980 4925 an.
3023 4862 3193 4926 1322
3229 4863 3484 4927 censuit
3518 4863 3885 4927 oriundum.

1063 4963 1185 5028 Cui
1251 4963 1541 5050 opinioni
1607 4964 1729 5027 hac
1790 4964 1858 5027 in
1925 4984 1996 5028 re
2058 4964 2235 5026 favet
2282 4982 2469 5046 sane,
2519 4963 2693 5048 quod
2742 4964 2854 5028 illo
2905 4970 3197 5051 tempore
3247 4986 3461 5031 acrem
3512 4966 3593 5031 de
3640 4967 3899 5031 mutuis.

825 5068 1089 5154 juribus
1155 5067 1659 5131 aemulationem
1707 5067 1880 5131 inter
1928 5067 2214 5153 quinque
2265 5066 2551 5152 capitula
2602 5068 3048 5153 Trajectensia
3093 5070 3658 5154 ingravescentem
3706 5071 3886 5135 novi-

836 5193 1000 5236 mus.
1071 5170 1275 5255 Cujus
1323 5169 1418 5234 rei
1455 5170 1863 5235 luculentum
1896 5169 2212 5234 habemus
2248 5168 2711 5234 documentum
2746 5172 2813 5234 in
2848 5171 3203 5258 diplomate
3239 5172 3369 5238 d.d.
3407 5177 3446 5238 2
3482 5174 3885 5261 Septembris

837 5296 941 5339 an.
1000 5274 1170 5338 1317
1200 5273 1284 5356 3):
1335 5279 1644 5359 quattuor
1692 5274 1865 5338 enim
1917 5273 2200 5359 capitula
2249 5273 2669 5338 ecclesiarum
2718 5275 2783 5340 S.
2836 5275 3223 5359 Salvatoris,
3277 5277 3342 5342 S.
3392 5278 3606 5361 Petri,
3657 5278 3722 5343 S.
3772 5276 3890 5342 Jo-

1001 5626 1059 5690 1)
1096 5625 1222 5676 Vide
1258 5627 1398 5676 locos
1432 5640 1593 5690 supra
1628 5626 1866 5676 laudatos
1902 5640 2051 5677 num.
2086 5625 2166 5676 24.
2504 5625 2560 5689 2)
2597 5626 2797 5676 Ibidem
2835 5627 2890 5676 L.
2926 5632 2977 5677 et
3015 5626 3250 5678 LXVIII.

1001 5704 1058 5770 3)
1094 5707 1154 5756 A.
1192 5707 1491 5757 Matthaeus
1531 5707 1608 5756 De
1640 5707 1902 5756 nobilitate
1935 5705 2059 5772 691,
2096 5706 2187 5757 ubi
2224 5706 2492 5773 integrum
2528 5707 2770 5770 diploma.
