<?xml version="1.0" encoding="UTF-8"?>
<!DOCTYPE html PUBLIC "-//W3C//DTD XHTML 1.0 Transitional//EN"
    "http://www.w3.org/TR/xhtml1/DTD/xhtml1-transitional.dtd">
<html xmlns="http://www.w3.org/1999/xhtml" xml:lang="en" lang="en">
 <head>
  <title>
</title>
<meta http-equiv="Content-Type" content="text/html;charset=utf-8" />
  <meta name='ocr-system' content='tesseract 3.04.00' />
  <meta name='ocr-capabilities' content='ocr_page ocr_carea ocr_par ocr_line ocrx_word'/>
</head>
<body>
  <div class='ocr_page' id='page_1' title='image "./bullariumtrajec00nethgoog_0105.png"; bbox 0 0 4450 6684; ppageno 0'>
   <div class='ocr_carea' id='block_1_1' title="bbox 1824 530 3602 608">
    <p class='ocr_par' dir='ltr' id='par_1_1' title="bbox 1824 530 3602 608">
     <span class='ocr_line' id='line_1_1' title="bbox 1824 530 3602 608; baseline 0.008 -14"><span class='ocrx_word' id='word_1_1' title='bbox 1824 530 2139 597; x_wconf 66' lang='lat' dir='ltr'><strong><em>omnus</em></strong></span> <span class='ocrx_word' id='word_1_2' title='bbox 2193 533 2314 600; x_wconf 86' lang='lat' dir='ltr'><strong><em>VI.</em></strong></span> <span class='ocrx_word' id='word_1_3' title='bbox 3523 544 3602 608; x_wconf 86' lang='lat'><strong><em>13</em></strong></span> 
     </span>
    </p>
   </div>
   <div class='ocr_carea' id='block_1_2' title="bbox 531 738 2640 837">
    <p class='ocr_par' dir='ltr' id='par_1_2' title="bbox 531 738 2640 837">
     <span class='ocr_line' id='line_1_2' title="bbox 531 738 2640 837; baseline 0.007 -31"><span class='ocrx_word' id='word_1_4' title='bbox 531 738 726 807; x_wconf 84' lang='grc'><strong>1256.</strong></span> <span class='ocrx_word' id='word_1_5' title='bbox 1512 749 1723 830; x_wconf 93' lang='grc'><em>1348,</em></span> <span class='ocrx_word' id='word_1_6' title='bbox 1775 748 2057 815; x_wconf 77' lang='lat' dir='ltr'><strong><em>Octobris</em></strong></span> <span class='ocrx_word' id='word_1_7' title='bbox 2101 753 2221 837; x_wconf 87' lang='grc'><strong><em>18,</em></strong></span> <span class='ocrx_word' id='word_1_8' title='bbox 2273 754 2640 821; x_wconf 82' lang='lat' dir='ltr'><strong><em>Avenionis.</em></strong></span> 
     </span>
    </p>
   </div>
   <div class='ocr_carea' id='block_1_3' title="bbox 765 895 3601 1094">
    <p class='ocr_par' dir='ltr' id='par_1_3' title="bbox 765 895 3601 1094">
     <span class='ocr_line' id='line_1_3' title="bbox 846 895 3601 991; baseline 0.007 -31"><span class='ocrx_word' id='word_1_9' title='bbox 846 895 1128 961; x_wconf 80' lang='lat' dir='ltr'><strong><em>Henrico</em></strong></span> <span class='ocrx_word' id='word_1_10' title='bbox 1173 898 1250 961; x_wconf 87' lang='lat' dir='ltr'><strong><em>de</em></strong></span> <span class='ocrx_word' id='word_1_11' title='bbox 1290 897 1501 965; x_wconf 89' lang='lat' dir='ltr'><strong><em>Haslo</em></strong></span> <span class='ocrx_word' id='word_1_12' title='bbox 1549 902 1771 966; x_wconf 87' lang='lat' dir='ltr'><strong><em>clerico</em></strong></span> <span class='ocrx_word' id='word_1_13' title='bbox 1817 923 1944 968; x_wconf 90' lang='lat' dir='ltr'><strong><em>non</em></strong></span> <span class='ocrx_word' id='word_1_14' title='bbox 1990 907 2324 991; x_wconf 73' lang='lat' dir='ltr'><strong><em>conjuqato</em></strong></span> <span class='ocrx_word' id='word_1_15' title='bbox 2372 929 2480 972; x_wconf 87' lang='lat' dir='ltr'><strong><em>nec</em></strong></span> <span class='ocrx_word' id='word_1_16' title='bbox 2525 910 2595 973; x_wconf 86' lang='lat' dir='ltr'><strong><em>in</em></strong></span> <span class='ocrx_word' id='word_1_17' title='bbox 2639 913 2842 975; x_wconf 89' lang='lat' dir='ltr'><strong><em>sacris</em></strong></span> <span class='ocrx_word' id='word_1_18' title='bbox 2889 912 3219 977; x_wconf 77' lang='lat' dir='ltr'><strong><em>ordinibus</em></strong></span> <span class='ocrx_word' id='word_1_19' title='bbox 3265 917 3601 982; x_wconf 84' lang='lat' dir='ltr'><strong><em>constituto</em></strong></span> 
     </span>
     <span class='ocr_line' id='line_1_4' title="bbox 765 1002 2414 1094; baseline 0.007 -28"><span class='ocrx_word' id='word_1_20' title='bbox 765 1002 947 1088; x_wconf 86' lang='lat' dir='ltr'><strong><em>Traj.</em></strong></span> <span class='ocrx_word' id='word_1_21' title='bbox 995 1003 1187 1070; x_wconf 86' lang='lat' dir='ltr'><strong><em>dioec.</em></strong></span> <span class='ocrx_word' id='word_1_22' title='bbox 1234 1006 1565 1087; x_wconf 78' lang='lat' dir='ltr'><strong><em>confertur</em></strong></span> <span class='ocrx_word' id='word_1_23' title='bbox 1614 1006 2060 1074; x_wconf 75' lang='lat' dir='ltr'><strong><em>tabellionatus</em></strong></span> <span class='ocrx_word' id='word_1_24' title='bbox 2107 1012 2414 1094; x_wconf 82' lang='lat' dir='ltr'><strong><em>officium.</em></strong></span> 
     </span>
    </p>
   </div>
   <div class='ocr_carea' id='block_1_4' title="bbox 526 1184 3600 1450">
    <p class='ocr_par' dir='ltr' id='par_1_4' title="bbox 526 1184 3600 1450">
     <span class='ocr_line' id='line_1_5' title="bbox 753 1184 3600 1284; baseline 0.006 -33"><span class='ocrx_word' id='word_1_25' title='bbox 753 1184 856 1253; x_wconf 84' lang='lat' dir='ltr'><strong><em>Ne</em></strong></span> <span class='ocrx_word' id='word_1_26' title='bbox 921 1194 1378 1255; x_wconf 79' lang='lat' dir='ltr'><strong><em>contractuum</em></strong></span> <span class='ocrx_word' id='word_1_27' title='bbox 1441 1186 1776 1255; x_wconf 79' lang='lat' dir='ltr'><strong><em>memoria.</em></strong></span> <span class='ocrx_word' id='word_1_28' title='bbox 1806 1239 1821 1254; x_wconf 89' lang='lat'><strong><em>.</em></strong></span> <span class='ocrx_word' id='word_1_29' title='bbox 1852 1238 1867 1257; x_wconf 97' lang='lat'><strong><em>.</em></strong></span> <span class='ocrx_word' id='word_1_30' title='bbox 1898 1238 1916 1257; x_wconf 94' lang='lat'><strong><em>.</em></strong></span> <span class='ocrx_word' id='word_1_31' title='bbox 1976 1193 2130 1258; x_wconf 83' lang='lat' dir='ltr'><strong><em>Dat.</em></strong></span> <span class='ocrx_word' id='word_1_32' title='bbox 2177 1194 2550 1279; x_wconf 82' lang='lat' dir='ltr'><strong><em>Avinionc‚</em></strong></span> <span class='ocrx_word' id='word_1_33' title='bbox 2609 1197 2742 1263; x_wconf 87' lang='lat' dir='ltr'><strong><em>XV</em></strong></span> <span class='ocrx_word' id='word_1_34' title='bbox 2788 1197 2899 1263; x_wconf 88' lang='lat' dir='ltr'><strong><em>Kl.</em></strong></span> <span class='ocrx_word' id='word_1_35' title='bbox 2948 1199 3377 1284; x_wconf 80' lang='lat' dir='ltr'><strong><em>Novembris,</em></strong></span> <span class='ocrx_word' id='word_1_36' title='bbox 3428 1223 3600 1269; x_wconf 80' lang='lat' dir='ltr'><strong><em>anno</em></strong></span> 
     </span>
     <span class='ocr_line' id='line_1_6' title="bbox 531 1294 3013 1380; baseline 0.006 -23"><span class='ocrx_word' id='word_1_37' title='bbox 531 1294 830 1380; x_wconf 80' lang='lat' dir='ltr'><strong><em>septimo.</em></strong></span> <span class='ocrx_word' id='word_1_38' title='bbox 1628 1364 1633 1367; x_wconf 85' lang='grc'><em>,</em></span> <span class='ocrx_word' id='word_1_39' title='bbox 3009 1324 3013 1329; x_wconf 81' lang='grc'><em>·</em></span> 
     </span>
     <span class='ocr_line' id='line_1_7' title="bbox 526 1382 1694 1450; baseline 0.006 -21"><span class='ocrx_word' id='word_1_40' title='bbox 526 1428 533 1435; x_wconf 71' lang='grc'><em>,</em></span> <span class='ocrx_word' id='word_1_41' title='bbox 947 1382 1075 1447; x_wconf 71' lang='lat' dir='ltr'><strong><em>ch.</em></strong></span> <span class='ocrx_word' id='word_1_42' title='bbox 1108 1385 1207 1434; x_wconf 67' lang='lat' dir='ltr'><strong><em>dv.</em></strong></span> <span class='ocrx_word' id='word_1_43' title='bbox 1251 1387 1305 1436; x_wconf 90' lang='lat' dir='ltr'><strong><em>T.</em></strong></span> <span class='ocrx_word' id='word_1_44' title='bbox 1339 1384 1431 1450; x_wconf 79' lang='lat'><strong><em>45,</em></strong></span> <span class='ocrx_word' id='word_1_45' title='bbox 1456 1386 1518 1449; x_wconf 83' lang='lat' dir='ltr'><strong><em>f.</em></strong></span> <span class='ocrx_word' id='word_1_46' title='bbox 1554 1383 1694 1436; x_wconf 79' lang='lat' dir='ltr'><strong><em>100v.</em></strong></span> 
     </span>
    </p>
   </div>
   <div class='ocr_carea' id='block_1_5' title="bbox 1764 1602 2353 1612">
    <p class='ocr_par' dir='ltr' id='par_1_5' title="bbox 1764 1602 2353 1612">
     <span class='ocr_line' id='line_1_8' title="bbox 1764 1602 2353 1612; baseline 0.003 -2"><span class='ocrx_word' id='word_1_47' title='bbox 1764 1602 2353 1612; x_wconf 42' lang='lat' dir='ltr'><strong><em>——ss—-a</em></strong></span> 
     </span>
    </p>
   </div>
   <div class='ocr_carea' id='block_1_6' title="bbox 527 1799 2622 1893">
    <p class='ocr_par' dir='ltr' id='par_1_6' title="bbox 527 1799 2622 1893">
     <span class='ocr_line' id='line_1_9' title="bbox 527 1799 2622 1893; baseline 0.004 -25"><span class='ocrx_word' id='word_1_48' title='bbox 527 1799 718 1869; x_wconf 78' lang='grc'><strong>1257.</strong></span> <span class='ocrx_word' id='word_1_49' title='bbox 1500 1809 1707 1891; x_wconf 88' lang='grc'><em>1348,</em></span> <span class='ocrx_word' id='word_1_50' title='bbox 1762 1808 2043 1874; x_wconf 78' lang='lat' dir='ltr'><strong><em>Octobris</em></strong></span> <span class='ocrx_word' id='word_1_51' title='bbox 2088 1812 2206 1893; x_wconf 90' lang='grc'><strong><em>18,</em></strong></span> <span class='ocrx_word' id='word_1_52' title='bbox 2255 1813 2622 1877; x_wconf 86' lang='lat' dir='ltr'><strong><em>Avenionis.</em></strong></span> 
     </span>
    </p>
   </div>
   <div class='ocr_carea' id='block_1_7' title="bbox 747 1960 3593 2262">
    <p class='ocr_par' dir='ltr' id='par_1_7' title="bbox 747 1960 3593 2262">
     <span class='ocr_line' id='line_1_10' title="bbox 846 1960 3591 2049; baseline 0.003 -25"><span class='ocrx_word' id='word_1_53' title='bbox 846 1960 1041 2025; x_wconf 88' lang='lat' dir='ltr'><strong><em>Petro</em></strong></span> <span class='ocrx_word' id='word_1_54' title='bbox 1088 1960 1165 2024; x_wconf 88' lang='lat' dir='ltr'><strong><em>de</em></strong></span> <span class='ocrx_word' id='word_1_55' title='bbox 1213 1961 1502 2046; x_wconf 73' lang='lat' dir='ltr'><strong><em>Carqaco</em></strong></span> <span class='ocrx_word' id='word_1_56' title='bbox 1548 1964 1619 2026; x_wconf 82' lang='lat' dir='ltr'><strong><em>in</em></strong></span> <span class='ocrx_word' id='word_1_57' title='bbox 1664 1963 1911 2027; x_wconf 89' lang='lat' dir='ltr'><strong><em>artibus</em></strong></span> <span class='ocrx_word' id='word_1_58' title='bbox 1959 1972 2017 2029; x_wconf 89' lang='lat' dir='ltr'><strong><em>et</em></strong></span> <span class='ocrx_word' id='word_1_59' title='bbox 2063 1964 2372 2028; x_wconf 85' lang='lat' dir='ltr'><strong><em>medicina</em></strong></span> <span class='ocrx_word' id='word_1_60' title='bbox 2402 1967 2706 2049; x_wconf 72' lang='lat' dir='ltr'><strong><em>mayistro</em></strong></span> <span class='ocrx_word' id='word_1_61' title='bbox 2738 1965 3157 2047; x_wconf 89' lang='lat' dir='ltr'><strong><em>conferuntur</em></strong></span> <span class='ocrx_word' id='word_1_62' title='bbox 3187 1969 3591 2033; x_wconf 83' lang='lat' dir='ltr'><strong><em>canonicatus</em></strong></span> 
     </span>
     <span class='ocr_line' id='line_1_11' title="bbox 756 2066 3593 2156; baseline 0.004 -27"><span class='ocrx_word' id='word_1_63' title='bbox 756 2073 814 2129; x_wconf 89' lang='lat' dir='ltr'><strong><em>et</em></strong></span> <span class='ocrx_word' id='word_1_64' title='bbox 863 2066 1231 2151; x_wconf 87' lang='lat' dir='ltr'><strong><em>praebenda</em></strong></span> <span class='ocrx_word' id='word_1_65' title='bbox 1279 2071 1348 2131; x_wconf 87' lang='lat' dir='ltr'><strong><em>in</em></strong></span> <span class='ocrx_word' id='word_1_66' title='bbox 1394 2070 1648 2132; x_wconf 86' lang='lat' dir='ltr'><strong><em>ecclesia</em></strong></span> <span class='ocrx_word' id='word_1_67' title='bbox 1693 2068 1763 2132; x_wconf 80' lang='lat' dir='ltr'><strong><em>S.</em></strong></span> <span class='ocrx_word' id='word_1_68' title='bbox 1810 2069 2134 2135; x_wconf 80' lang='lat' dir='ltr'><strong><em>Johannis</em></strong></span> <span class='ocrx_word' id='word_1_69' title='bbox 2188 2069 2370 2154; x_wconf 82' lang='lat' dir='ltr'><strong><em>Traj.</em></strong></span> <span class='ocrx_word' id='word_1_70' title='bbox 2392 2119 2409 2154; x_wconf 88' lang='lat'>‚</span> <span class='ocrx_word' id='word_1_71' title='bbox 2468 2078 2760 2135; x_wconf 82' lang='lat' dir='ltr'><strong><em>vacantes</em></strong></span> <span class='ocrx_word' id='word_1_72' title='bbox 2793 2092 2918 2156; x_wconf 90' lang='lat' dir='ltr'><strong><em>per</em></strong></span> <span class='ocrx_word' id='word_1_73' title='bbox 2966 2072 3200 2137; x_wconf 84' lang='lat' dir='ltr'><strong><em>obitum</em></strong></span> <span class='ocrx_word' id='word_1_74' title='bbox 3250 2072 3593 2139; x_wconf 78' lang='lat' dir='ltr'><strong><em>Guillermi</em></strong></span> 
     </span>
     <span class='ocr_line' id='line_1_12' title="bbox 747 2172 3524 2262; baseline 0.003 -25"><span class='ocrx_word' id='word_1_75' title='bbox 747 2172 824 2237; x_wconf 90' lang='lat' dir='ltr'><strong><em>de</em></strong></span> <span class='ocrx_word' id='word_1_76' title='bbox 868 2172 1197 2238; x_wconf 88' lang='lat' dir='ltr'><strong><em>Pluderen</em></strong></span> <span class='ocrx_word' id='word_1_77' title='bbox 1217 2222 1234 2257; x_wconf 92' lang='lat'>,</span> <span class='ocrx_word' id='word_1_78' title='bbox 1283 2174 1462 2259; x_wconf 90' lang='lat' dir='ltr'><strong><em>apud</em></strong></span> <span class='ocrx_word' id='word_1_79' title='bbox 1505 2175 1705 2239; x_wconf 86' lang='lat' dir='ltr'><strong><em>sedem</em></strong></span> <span class='ocrx_word' id='word_1_80' title='bbox 1750 2177 2162 2260; x_wconf 88' lang='lat' dir='ltr'><strong><em>apostolicam</em></strong></span> <span class='ocrx_word' id='word_1_81' title='bbox 2206 2177 2510 2259; x_wconf 85' lang='lat' dir='ltr'><strong><em>defuncti.</em></strong></span> <span class='ocrx_word' id='word_1_82' title='bbox 2563 2214 2645 2225; x_wconf 92' lang='lat'><strong>—</strong></span> <span class='ocrx_word' id='word_1_83' title='bbox 2700 2177 3109 2262; x_wconf 89' lang='lat' dir='ltr'><strong><em>Deputantur</em></strong></span> <span class='ocrx_word' id='word_1_84' title='bbox 3154 2186 3524 2245; x_wconf 77' lang='lat' dir='ltr'><strong><em>executores.</em></strong></span> 
     </span>
    </p>
   </div>
   <div class='ocr_carea' id='block_1_8' title="bbox 744 2353 3580 2538">
    <p class='ocr_par' dir='ltr' id='par_1_8' title="bbox 744 2353 3580 2538">
     <span class='ocr_line' id='line_1_13' title="bbox 744 2353 3580 2445; baseline 0.002 -27"><span class='ocrx_word' id='word_1_85' title='bbox 744 2353 1149 2419; x_wconf 78' lang='lat' dir='ltr'><strong><em>Litterarum</em></strong></span> <span class='ocrx_word' id='word_1_86' title='bbox 1195 2354 1493 2420; x_wconf 82' lang='lat' dir='ltr'><strong><em>scientia.</em></strong></span> <span class='ocrx_word' id='word_1_87' title='bbox 1523 2403 1540 2421; x_wconf 96' lang='lat'><strong><em>.</em></strong></span> <span class='ocrx_word' id='word_1_88' title='bbox 1568 2402 1583 2418; x_wconf 94' lang='lat'><strong><em>.</em></strong></span> <span class='ocrx_word' id='word_1_89' title='bbox 1613 2403 1629 2419; x_wconf 95' lang='lat'><strong><em>.</em></strong></span> <span class='ocrx_word' id='word_1_90' title='bbox 1680 2356 1834 2422; x_wconf 82' lang='lat' dir='ltr'><strong><em>Dat.</em></strong></span> <span class='ocrx_word' id='word_1_91' title='bbox 1884 2356 2248 2440; x_wconf 79' lang='lat' dir='ltr'><strong><em>Avinionc,</em></strong></span> <span class='ocrx_word' id='word_1_92' title='bbox 2295 2357 2429 2423; x_wconf 91' lang='lat' dir='ltr'><strong><em>XV</em></strong></span> <span class='ocrx_word' id='word_1_93' title='bbox 2458 2357 2570 2421; x_wconf 90' lang='lat' dir='ltr'><strong><em>Kl.</em></strong></span> <span class='ocrx_word' id='word_1_94' title='bbox 2604 2358 3024 2441; x_wconf 78' lang='lat' dir='ltr'><strong><em>Novembris,</em></strong></span> <span class='ocrx_word' id='word_1_95' title='bbox 3072 2378 3247 2423; x_wconf 80' lang='lat' dir='ltr'><strong><em>anno</em></strong></span> <span class='ocrx_word' id='word_1_96' title='bbox 3280 2358 3580 2445; x_wconf 80' lang='lat' dir='ltr'><strong><em>septimo.</em></strong></span> 
     </span>
     <span class='ocr_line' id='line_1_14' title="bbox 939 2472 1659 2538; baseline 0.004 -17"><span class='ocrx_word' id='word_1_97' title='bbox 939 2472 1066 2536; x_wconf 57' lang='grc' dir='ltr'><strong><em>περ.</em></strong></span> <span class='ocrx_word' id='word_1_98' title='bbox 1099 2475 1201 2523; x_wconf 56' lang='grc' dir='ltr'><strong><em>Α..</em></strong></span> <span class='ocrx_word' id='word_1_99' title='bbox 1245 2476 1299 2524; x_wconf 84' lang='lat' dir='ltr'><strong><em>T.</em></strong></span> <span class='ocrx_word' id='word_1_100' title='bbox 1332 2473 1422 2537; x_wconf 77' lang='lat'><strong><em>48,</em></strong></span> <span class='ocrx_word' id='word_1_101' title='bbox 1447 2475 1511 2538; x_wconf 81' lang='lat' dir='ltr'><strong><em>s.</em></strong></span> <span class='ocrx_word' id='word_1_102' title='bbox 1544 2473 1659 2525; x_wconf 80' lang='lat'><strong><em>276.</em></strong></span> 
     </span>
    </p>
   </div>
   <div class='ocr_carea' id='block_1_9' title="bbox 522 2890 2638 2992">
    <p class='ocr_par' dir='ltr' id='par_1_9' title="bbox 522 2890 2638 2992">
     <span class='ocr_line' id='line_1_15' title="bbox 522 2890 2638 2992; baseline 0 -31"><span class='ocrx_word' id='word_1_103' title='bbox 522 2890 719 2961; x_wconf 87' lang='grc'><strong><em>1258.</em></strong></span> <span class='ocrx_word' id='word_1_104' title='bbox 1058 2985 1066 2992; x_wconf 32' lang='grc'><em>.</em></span> <span class='ocrx_word' id='word_1_105' title='bbox 1470 2899 1686 2981; x_wconf 88' lang='grc'><em>1348,</em></span> <span class='ocrx_word' id='word_1_106' title='bbox 1735 2896 2106 2962; x_wconf 83' lang='lat' dir='ltr'><strong><em>Novembris</em></strong></span> <span class='ocrx_word' id='word_1_107' title='bbox 2152 2899 2225 2980; x_wconf 92' lang='grc'><strong><em>8,</em></strong></span> <span class='ocrx_word' id='word_1_108' title='bbox 2272 2897 2638 2962; x_wconf 83' lang='lat' dir='ltr'><strong><em>Avenionis.</em></strong></span> 
     </span>
    </p>
   </div>
   <div class='ocr_carea' id='block_1_10' title="bbox 747 3049 3648 3541">
    <p class='ocr_par' dir='ltr' id='par_1_10' title="bbox 747 3049 3648 3541">
     <span class='ocr_line' id='line_1_16' title="bbox 840 3049 3600 3138; baseline -0 -23"><span class='ocrx_word' id='word_1_109' title='bbox 840 3051 1160 3117; x_wconf 83' lang='lat' dir='ltr'><strong><em>Ludovico</em></strong></span> <span class='ocrx_word' id='word_1_110' title='bbox 1233 3052 1353 3133; x_wconf 83' lang='lat' dir='ltr'><strong><em>„dc</em></strong></span> <span class='ocrx_word' id='word_1_111' title='bbox 1415 3050 2028 3138; x_wconf 79' lang='lat' dir='ltr'><strong><em>Renghersuliece”</em></strong></span> <span class='ocrx_word' id='word_1_112' title='bbox 2093 3050 2516 3133; x_wconf 87' lang='lat' dir='ltr'><strong><em>conferuntur</em></strong></span> <span class='ocrx_word' id='word_1_113' title='bbox 2561 3051 3000 3133; x_wconf 88' lang='lat' dir='ltr'><strong><em>canonicatus,</em></strong></span> <span class='ocrx_word' id='word_1_114' title='bbox 3046 3049 3414 3135; x_wconf 85' lang='lat' dir='ltr'><strong><em>praebenda</em></strong></span> <span class='ocrx_word' id='word_1_115' title='bbox 3459 3070 3600 3114; x_wconf 86' lang='lat' dir='ltr'><strong><em>cum</em></strong></span> 
     </span>
     <span class='ocr_line' id='line_1_17' title="bbox 747 3155 3648 3244; baseline 0 -24"><span class='ocrx_word' id='word_1_116' title='bbox 747 3158 1180 3242; x_wconf 83' lang='lat' dir='ltr'><strong><em>supplemento</em></strong></span> <span class='ocrx_word' id='word_1_117' title='bbox 1226 3165 1286 3222; x_wconf 91' lang='lat' dir='ltr'><strong><em>et</em></strong></span> <span class='ocrx_word' id='word_1_118' title='bbox 1331 3158 1904 3244; x_wconf 78' lang='lat' dir='ltr'><strong><em>choriepiscopatus</em></strong></span> <span class='ocrx_word' id='word_1_119' title='bbox 1950 3159 2239 3222; x_wconf 87' lang='lat' dir='ltr'><strong><em>ecclesiae</em></strong></span> <span class='ocrx_word' id='word_1_120' title='bbox 2294 3156 2748 3239; x_wconf 85' lang='lat' dir='ltr'><strong><em>Trajectensis,</em></strong></span> <span class='ocrx_word' id='word_1_121' title='bbox 2809 3177 2972 3242; x_wconf 80' lang='lat' dir='ltr'><strong><em>quae</em></strong></span> <span class='ocrx_word' id='word_1_122' title='bbox 3017 3174 3158 3220; x_wconf 89' lang='lat' dir='ltr'><strong><em>cum</em></strong></span> <span class='ocrx_word' id='word_1_123' title='bbox 3204 3155 3476 3221; x_wconf 84' lang='lat' dir='ltr'><strong><em>Roberto</em></strong></span> <span class='ocrx_word' id='word_1_124' title='bbox 3521 3157 3598 3221; x_wconf 89' lang='lat' dir='ltr'><strong><em>de</em></strong></span> <span class='ocrx_word' id='word_1_125' title='bbox 3641 3234 3648 3239; x_wconf 15' lang='grc' dir='ltr'><strong>ἢ</strong></span> 
     </span>
     <span class='ocr_line' id='line_1_18' title="bbox 753 3262 3595 3349; baseline 0 -24"><span class='ocrx_word' id='word_1_126' title='bbox 753 3262 1083 3328; x_wconf 86' lang='lat' dir='ltr'><strong><em>Scorriaco</em></strong></span> <span class='ocrx_word' id='word_1_127' title='bbox 1131 3284 1262 3349; x_wconf 85' lang='lat' dir='ltr'><strong><em>pro</em></strong></span> <span class='ocrx_word' id='word_1_128' title='bbox 1322 3267 1778 3349; x_wconf 80' lang='lat' dir='ltr'><strong><em>praepositura</em></strong></span> <span class='ocrx_word' id='word_1_129' title='bbox 1840 3265 2126 3328; x_wconf 88' lang='lat' dir='ltr'><strong><em>ecclesiae</em></strong></span> <span class='ocrx_word' id='word_1_130' title='bbox 2174 3262 2242 3327; x_wconf 87' lang='lat' dir='ltr'><strong><em>S.</em></strong></span> <span class='ocrx_word' id='word_1_131' title='bbox 2292 3262 2484 3327; x_wconf 87' lang='lat' dir='ltr'><strong><em>Petri</em></strong></span> <span class='ocrx_word' id='word_1_132' title='bbox 2527 3262 2984 3328; x_wconf 82' lang='lat' dir='ltr'><strong><em>Rothnacensis</em></strong></span> <span class='ocrx_word' id='word_1_133' title='bbox 3030 3269 3089 3327; x_wconf 89' lang='lat' dir='ltr'><strong><em>et</em></strong></span> <span class='ocrx_word' id='word_1_134' title='bbox 3133 3263 3495 3348; x_wconf 77' lang='lat' dir='ltr'><strong><em>capellania</em></strong></span> <span class='ocrx_word' id='word_1_135' title='bbox 3541 3262 3595 3326; x_wconf 88' lang='lat' dir='ltr'><strong><em>b.</em></strong></span> 
     </span>
     <span class='ocr_line' id='line_1_19' title="bbox 754 3369 3598 3455; baseline 0.001 -22"><span class='ocrx_word' id='word_1_136' title='bbox 754 3369 1144 3434; x_wconf 80' lang='lat' dir='ltr'><strong><em>Catharinae</em></strong></span> <span class='ocrx_word' id='word_1_137' title='bbox 1188 3371 1265 3434; x_wconf 92' lang='lat' dir='ltr'><strong><em>de</em></strong></span> <span class='ocrx_word' id='word_1_138' title='bbox 1308 3370 1537 3436; x_wconf 86' lang='lat' dir='ltr'><strong><em>Malda</em></strong></span> <span class='ocrx_word' id='word_1_139' title='bbox 1572 3371 2037 3435; x_wconf 82' lang='lat' dir='ltr'><strong><em>Cameracensis</em></strong></span> <span class='ocrx_word' id='word_1_140' title='bbox 2068 3370 2260 3434; x_wconf 84' lang='lat' dir='ltr'><strong><em>dioec.</em></strong></span> <span class='ocrx_word' id='word_1_141' title='bbox 2287 3372 2551 3454; x_wconf 83' lang='lat' dir='ltr'><strong><em>putavit</em></strong></span> <span class='ocrx_word' id='word_1_142' title='bbox 2572 3369 3027 3455; x_wconf 85' lang='lat' dir='ltr'><strong><em>permutanda.</em></strong></span> <span class='ocrx_word' id='word_1_143' title='bbox 3065 3406 3147 3418; x_wconf 91' lang='lat'><strong><em>—-</em></strong></span> <span class='ocrx_word' id='word_1_144' title='bbox 3181 3369 3598 3455; x_wconf 87' lang='lat' dir='ltr'><strong><em>Deputantur</em></strong></span> 
     </span>
     <span class='ocr_line' id='line_1_20' title="bbox 750 3483 1116 3541; baseline 0.003 -1"><span class='ocrx_word' id='word_1_145' title='bbox 750 3483 1116 3541; x_wconf 73' lang='lat' dir='ltr'><strong><em>executores.</em></strong></span> 
     </span>
    </p>
   </div>
   <div class='ocr_carea' id='block_1_11' title="bbox 751 3654 3485 3837">
    <p class='ocr_par' dir='ltr' id='par_1_11' title="bbox 751 3654 3485 3837">
     <span class='ocr_line' id='line_1_21' title="bbox 751 3654 3485 3743; baseline 0 -23"><span class='ocrx_word' id='word_1_146' title='bbox 751 3655 1138 3741; x_wconf 80' lang='lat' dir='ltr'><strong><em>Apostolicc</em></strong></span> <span class='ocrx_word' id='word_1_147' title='bbox 1187 3655 1383 3722; x_wconf 77' lang='lat' dir='ltr'><strong><em>sedis.</em></strong></span> <span class='ocrx_word' id='word_1_148' title='bbox 1412 3704 1429 3721; x_wconf 94' lang='lat'><strong><em>.</em></strong></span> <span class='ocrx_word' id='word_1_149' title='bbox 1458 3702 1474 3720; x_wconf 92' lang='lat'><strong><em>.</em></strong></span> <span class='ocrx_word' id='word_1_150' title='bbox 1502 3703 1519 3721; x_wconf 96' lang='lat'><strong><em>.</em></strong></span> <span class='ocrx_word' id='word_1_151' title='bbox 1567 3656 1720 3721; x_wconf 82' lang='lat' dir='ltr'><strong><em>Dat.</em></strong></span> <span class='ocrx_word' id='word_1_152' title='bbox 1768 3655 2140 3740; x_wconf 80' lang='lat' dir='ltr'><strong><em>Avinionc,</em></strong></span> <span class='ocrx_word' id='word_1_153' title='bbox 2187 3656 2289 3723; x_wconf 84' lang='lat' dir='ltr'><strong><em>VI</em></strong></span> <span class='ocrx_word' id='word_1_154' title='bbox 2333 3654 2434 3721; x_wconf 86' lang='lat' dir='ltr'><strong><em>Id.</em></strong></span> <span class='ocrx_word' id='word_1_155' title='bbox 2484 3655 2915 3739; x_wconf 72' lang='lat' dir='ltr'><strong><em>NovembriS,</em></strong></span> <span class='ocrx_word' id='word_1_156' title='bbox 2963 3676 3136 3721; x_wconf 82' lang='lat' dir='ltr'><strong><em>auno</em></strong></span> <span class='ocrx_word' id='word_1_157' title='bbox 3185 3656 3485 3743; x_wconf 79' lang='lat' dir='ltr'><strong><em>septimo.</em></strong></span> 
     </span>
     <span class='ocr_line' id='line_1_22' title="bbox 948 3770 1695 3837; baseline 0.003 -15"><span class='ocrx_word' id='word_1_158' title='bbox 948 3772 1075 3836; x_wconf 54' lang='grc' dir='ltr'><strong><em>περ.</em></strong></span> <span class='ocrx_word' id='word_1_159' title='bbox 1107 3773 1207 3823; x_wconf 60' lang='lat' dir='ltr'><strong><em>av.</em></strong></span> <span class='ocrx_word' id='word_1_160' title='bbox 1251 3774 1305 3823; x_wconf 80' lang='lat' dir='ltr'><strong><em>r.</em></strong></span> <span class='ocrx_word' id='word_1_161' title='bbox 1339 3771 1432 3836; x_wconf 74' lang='lat'><strong><em>49,</em></strong></span> <span class='ocrx_word' id='word_1_162' title='bbox 1458 3774 1518 3837; x_wconf 78' lang='lat' dir='ltr'><strong><em>s.</em></strong></span> <span class='ocrx_word' id='word_1_163' title='bbox 1554 3770 1695 3824; x_wconf 69' lang='lat'><strong><em>394².</em></strong></span> 
     </span>
    </p>
   </div>
   <div class='ocr_carea' id='block_1_12' title="bbox 542 4190 2640 4279">
    <p class='ocr_par' dir='ltr' id='par_1_12' title="bbox 542 4190 2640 4279">
     <span class='ocr_line' id='line_1_23' title="bbox 542 4190 2640 4279; baseline -0 -19"><span class='ocrx_word' id='word_1_164' title='bbox 542 4190 727 4261; x_wconf 78' lang='grc'><strong>1259.</strong></span> <span class='ocrx_word' id='word_1_165' title='bbox 1492 4197 1704 4279; x_wconf 90' lang='grc'><em>1348,</em></span> <span class='ocrx_word' id='word_1_166' title='bbox 1750 4194 2108 4261; x_wconf 81' lang='lat' dir='ltr'><strong><em>Decembris</em></strong></span> <span class='ocrx_word' id='word_1_167' title='bbox 2152 4197 2227 4277; x_wconf 93' lang='grc'><strong><em>8,</em></strong></span> <span class='ocrx_word' id='word_1_168' title='bbox 2275 4195 2640 4260; x_wconf 82' lang='lat' dir='ltr'><strong><em>Avenionis.</em></strong></span> 
     </span>
    </p>
   </div>
   <div class='ocr_carea' id='block_1_13' title="bbox 755 4349 3602 4648">
    <p class='ocr_par' dir='ltr' id='par_1_13' title="bbox 755 4349 3602 4648">
     <span class='ocr_line' id='line_1_24' title="bbox 847 4349 3599 4449; baseline 0 -36"><span class='ocrx_word' id='word_1_169' title='bbox 847 4349 1142 4415; x_wconf 83' lang='lat' dir='ltr'><strong><em>Jordano</em></strong></span> <span class='ocrx_word' id='word_1_170' title='bbox 1189 4351 1267 4415; x_wconf 85' lang='lat' dir='ltr'><strong><em>dc</em></strong></span> <span class='ocrx_word' id='word_1_171' title='bbox 1306 4350 1714 4416; x_wconf 78' lang='lat' dir='ltr'><strong><em>Noureberch</em></strong></span> <span class='ocrx_word' id='word_1_172' title='bbox 1763 4358 2088 4436; x_wconf 79' lang='lat' dir='ltr'><strong><em>tamquam</em></strong></span> <span class='ocrx_word' id='word_1_173' title='bbox 2135 4351 2367 4415; x_wconf 81' lang='lat' dir='ltr'><strong><em>rectori</em></strong></span> <span class='ocrx_word' id='word_1_174' title='bbox 2414 4350 2746 4432; x_wconf 84' lang='lat' dir='ltr'><strong><em>confertur</em></strong></span> <span class='ocrx_word' id='word_1_175' title='bbox 2779 4349 3182 4435; x_wconf 80' lang='lat' dir='ltr'><strong><em>parochialis</em></strong></span> <span class='ocrx_word' id='word_1_176' title='bbox 3229 4350 3497 4449; x_wconf 23' lang='lat' dir='ltr'><strong><em>ecclesia.</em></strong></span> <span class='ocrx_word' id='word_1_177' title='bbox 3523 4349 3599 4413; x_wconf 89' lang='lat' dir='ltr'><strong><em>de</em></strong></span> 
     </span>
     <span class='ocr_line' id='line_1_25' title="bbox 769 4454 3602 4541; baseline 0 -22"><span class='ocrx_word' id='word_1_178' title='bbox 769 4454 1023 4541; x_wconf 81' lang='lat' dir='ltr'><strong><em>Wesepe</em></strong></span> <span class='ocrx_word' id='word_1_179' title='bbox 1050 4457 1101 4539; x_wconf 86' lang='lat'><strong><em>1)</em></strong></span> <span class='ocrx_word' id='word_1_180' title='bbox 1155 4457 1338 4541; x_wconf 82' lang='lat' dir='ltr'><strong><em>Traj.</em></strong></span> <span class='ocrx_word' id='word_1_181' title='bbox 1388 4457 1610 4539; x_wconf 88' lang='lat' dir='ltr'><strong><em>dioec.,</em></strong></span> <span class='ocrx_word' id='word_1_182' title='bbox 1657 4477 1850 4541; x_wconf 81' lang='lat' dir='ltr'><strong><em>quam</em></strong></span> <span class='ocrx_word' id='word_1_183' title='bbox 1894 4476 2035 4520; x_wconf 85' lang='lat' dir='ltr'><strong><em>cum</em></strong></span> <span class='ocrx_word' id='word_1_184' title='bbox 2065 4455 2327 4521; x_wconf 85' lang='lat' dir='ltr'><strong><em>Hillino</em></strong></span> <span class='ocrx_word' id='word_1_185' title='bbox 2359 4457 2434 4520; x_wconf 91' lang='lat' dir='ltr'><strong><em>de</em></strong></span> <span class='ocrx_word' id='word_1_186' title='bbox 2463 4456 2787 4522; x_wconf 88' lang='lat' dir='ltr'><strong><em>Jamerloe</em></strong></span> <span class='ocrx_word' id='word_1_187' title='bbox 2804 4476 2935 4541; x_wconf 91' lang='lat' dir='ltr'><strong><em>pro</em></strong></span> <span class='ocrx_word' id='word_1_188' title='bbox 2954 4456 3326 4541; x_wconf 80' lang='lat' dir='ltr'><strong><em>parochiali</em></strong></span> <span class='ocrx_word' id='word_1_189' title='bbox 3355 4456 3602 4520; x_wconf 89' lang='lat' dir='ltr'><strong><em>ecclesia</em></strong></span> 
     </span>
     <span class='ocr_line' id='line_1_26' title="bbox 755 4562 3505 4648; baseline 0 -23"><span class='ocrx_word' id='word_1_190' title='bbox 755 4563 825 4625; x_wconf 84' lang='lat' dir='ltr'><strong><em>in</em></strong></span> <span class='ocrx_word' id='word_1_191' title='bbox 868 4562 1131 4647; x_wconf 79' lang='lat' dir='ltr'><strong><em>Alphen</em></strong></span> <span class='ocrx_word' id='word_1_192' title='bbox 1182 4563 1393 4629; x_wconf 84' lang='lat' dir='ltr'><strong><em>Colon.</em></strong></span> <span class='ocrx_word' id='word_1_193' title='bbox 1447 4562 1636 4628; x_wconf 88' lang='lat' dir='ltr'><strong><em>dioec.</em></strong></span> <span class='ocrx_word' id='word_1_194' title='bbox 1673 4565 1937 4648; x_wconf 84' lang='lat' dir='ltr'><strong><em>putavit</em></strong></span> <span class='ocrx_word' id='word_1_195' title='bbox 1970 4563 2492 4647; x_wconf 80' lang='lat' dir='ltr'><strong><em>permutandam.</em></strong></span> <span class='ocrx_word' id='word_1_196' title='bbox 2544 4599 2626 4609; x_wconf 90' lang='lat'>—</span> <span class='ocrx_word' id='word_1_197' title='bbox 2675 4562 3093 4648; x_wconf 85' lang='lat' dir='ltr'><strong><em>Deputantur</em></strong></span> <span class='ocrx_word' id='word_1_198' title='bbox 3138 4569 3505 4626; x_wconf 79' lang='lat' dir='ltr'><strong><em>executores.</em></strong></span> 
     </span>
    </p>
   </div>
   <div class='ocr_carea' id='block_1_14' title="bbox 757 4745 3485 4929">
    <p class='ocr_par' dir='ltr' id='par_1_14' title="bbox 757 4745 3485 4929">
     <span class='ocr_line' id='line_1_27' title="bbox 757 4745 3485 4834; baseline -0 -22"><span class='ocrx_word' id='word_1_199' title='bbox 757 4745 1143 4834; x_wconf 81' lang='lat' dir='ltr'><strong><em>Apostolicc</em></strong></span> <span class='ocrx_word' id='word_1_200' title='bbox 1192 4746 1388 4813; x_wconf 81' lang='lat' dir='ltr'><strong><em>sedis.</em></strong></span> <span class='ocrx_word' id='word_1_201' title='bbox 1417 4793 1435 4812; x_wconf 88' lang='lat'><strong><em>.</em></strong></span> <span class='ocrx_word' id='word_1_202' title='bbox 1467 4795 1483 4811; x_wconf 95' lang='lat'><strong><em>.</em></strong></span> <span class='ocrx_word' id='word_1_203' title='bbox 1512 4794 1529 4812; x_wconf 96' lang='lat'><strong><em>.</em></strong></span> <span class='ocrx_word' id='word_1_204' title='bbox 1577 4747 1731 4812; x_wconf 78' lang='lat' dir='ltr'><strong><em>Dat.</em></strong></span> <span class='ocrx_word' id='word_1_205' title='bbox 1779 4745 2147 4830; x_wconf 80' lang='lat' dir='ltr'><strong><em>Avinione,</em></strong></span> <span class='ocrx_word' id='word_1_206' title='bbox 2201 4746 2303 4811; x_wconf 87' lang='lat' dir='ltr'><strong><em>VI</em></strong></span> <span class='ocrx_word' id='word_1_207' title='bbox 2347 4746 2447 4812; x_wconf 89' lang='lat' dir='ltr'><strong><em>Id.</em></strong></span> <span class='ocrx_word' id='word_1_208' title='bbox 2494 4746 2916 4830; x_wconf 73' lang='lat' dir='ltr'><strong><em>DecembriS,</em></strong></span> <span class='ocrx_word' id='word_1_209' title='bbox 2964 4767 3137 4813; x_wconf 82' lang='lat' dir='ltr'><strong><em>anno</em></strong></span> <span class='ocrx_word' id='word_1_210' title='bbox 3184 4746 3485 4834; x_wconf 78' lang='lat' dir='ltr'><strong><em>septimo.</em></strong></span> 
     </span>
     <span class='ocr_line' id='line_1_28' title="bbox 950 4862 1698 4929; baseline 0.001 -16"><span class='ocrx_word' id='word_1_211' title='bbox 950 4863 1078 4926; x_wconf 69' lang='lat' dir='ltr'><strong><em>Ray.</em></strong></span> <span class='ocrx_word' id='word_1_212' title='bbox 1113 4864 1215 4913; x_wconf 78' lang='grc' dir='ltr'><strong><em>Δυ.</em></strong></span> <span class='ocrx_word' id='word_1_213' title='bbox 1259 4866 1312 4913; x_wconf 86' lang='lat' dir='ltr'><strong><em>T.</em></strong></span> <span class='ocrx_word' id='word_1_214' title='bbox 1346 4862 1438 4928; x_wconf 77' lang='lat'><strong><em>47,</em></strong></span> <span class='ocrx_word' id='word_1_215' title='bbox 1461 4866 1521 4929; x_wconf 79' lang='lat' dir='ltr'><strong><em>f.</em></strong></span> <span class='ocrx_word' id='word_1_216' title='bbox 1556 4862 1698 4914; x_wconf 69' lang='lat'><strong><em>190⁹.</em></strong></span> 
     </span>
    </p>
   </div>
   <div class='ocr_carea' id='block_1_15' title="bbox 687 4989 986 5054">
    <p class='ocr_par' dir='ltr' id='par_1_15' title="bbox 687 4989 986 5054">
     <span class='ocr_line' id='line_1_29' title="bbox 687 4989 986 5054; baseline 0 -14"><span class='ocrx_word' id='word_1_217' title='bbox 687 4989 743 5053; x_wconf 81' lang='lat'><strong><em>1)</em></strong></span> <span class='ocrx_word' id='word_1_218' title='bbox 774 4989 986 5054; x_wconf 79' lang='lat' dir='ltr'><strong><em>Weesp.</em></strong></span> 
     </span>
    </p>
   </div>
   <div class='ocr_carea' id='block_1_16' title="bbox 542 5256 2646 5379">
    <p class='ocr_par' dir='ltr' id='par_1_16' title="bbox 542 5256 2646 5379">
     <span class='ocr_line' id='line_1_30' title="bbox 542 5256 2646 5379; baseline 0 -21"><span class='ocrx_word' id='word_1_219' title='bbox 542 5291 735 5364; x_wconf 73' lang='lat'><strong><em>1260.</em></strong></span> <span class='ocrx_word' id='word_1_220' title='bbox 980 5256 985 5260; x_wconf 36' lang='lat'><strong>⁴</strong></span> <span class='ocrx_word' id='word_1_221' title='bbox 1492 5298 1704 5379; x_wconf 76' lang='lat'><em>1348,</em></span> <span class='ocrx_word' id='word_1_222' title='bbox 1753 5297 2113 5362; x_wconf 77' lang='lat' dir='ltr'><strong><em>Decembris</em></strong></span> <span class='ocrx_word' id='word_1_223' title='bbox 2158 5299 2233 5379; x_wconf 83' lang='lat' dir='ltr'><strong><em>s,</em></strong></span> <span class='ocrx_word' id='word_1_224' title='bbox 2280 5297 2646 5362; x_wconf 72' lang='lat' dir='ltr'><strong><em>Avenionis.</em></strong></span> 
     </span>
    </p>
   </div>
   <div class='ocr_carea' id='block_1_17' title="bbox 761 5446 3602 5750">
    <p class='ocr_par' dir='ltr' id='par_1_17' title="bbox 761 5446 3602 5750">
     <span class='ocr_line' id='line_1_31' title="bbox 859 5446 3602 5535; baseline -0.001 -22"><span class='ocrx_word' id='word_1_225' title='bbox 859 5449 1138 5515; x_wconf 81' lang='lat' dir='ltr'><strong><em>Thomae</em></strong></span> <span class='ocrx_word' id='word_1_226' title='bbox 1199 5450 1275 5514; x_wconf 86' lang='lat' dir='ltr'><strong><em>de</em></strong></span> <span class='ocrx_word' id='word_1_227' title='bbox 1334 5448 1628 5534; x_wconf 75' lang='lat' dir='ltr'><strong><em>Withiny</em></strong></span> <span class='ocrx_word' id='word_1_228' title='bbox 1693 5456 2017 5535; x_wconf 81' lang='lat' dir='ltr'><strong><em>tamquam</em></strong></span> <span class='ocrx_word' id='word_1_229' title='bbox 2080 5453 2313 5516; x_wconf 87' lang='lat' dir='ltr'><strong><em>rectori</em></strong></span> <span class='ocrx_word' id='word_1_230' title='bbox 2373 5451 2704 5533; x_wconf 88' lang='lat' dir='ltr'><strong><em>confertur</em></strong></span> <span class='ocrx_word' id='word_1_231' title='bbox 2753 5447 3154 5534; x_wconf 80' lang='lat' dir='ltr'><strong><em>parochialis</em></strong></span> <span class='ocrx_word' id='word_1_232' title='bbox 3214 5449 3467 5513; x_wconf 85' lang='lat' dir='ltr'><strong><em>ecclesia</em></strong></span> <span class='ocrx_word' id='word_1_233' title='bbox 3525 5446 3602 5510; x_wconf 87' lang='lat' dir='ltr'><strong><em>de</em></strong></span> 
     </span>
     <span class='ocr_line' id='line_1_32' title="bbox 761 5552 3601 5641; baseline -0.001 -23"><span class='ocrx_word' id='word_1_234' title='bbox 761 5552 1025 5620; x_wconf 84' lang='lat' dir='ltr'><strong><em>Risewic</em></strong></span> <span class='ocrx_word' id='word_1_235' title='bbox 1047 5555 1102 5640; x_wconf 88' lang='lat'><strong><em>1)</em></strong></span> <span class='ocrx_word' id='word_1_236' title='bbox 1155 5555 1343 5638; x_wconf 84' lang='lat' dir='ltr'><strong><em>Traj.</em></strong></span> <span class='ocrx_word' id='word_1_237' title='bbox 1393 5555 1614 5637; x_wconf 89' lang='lat' dir='ltr'><strong><em>dioec.,</em></strong></span> <span class='ocrx_word' id='word_1_238' title='bbox 1664 5576 1856 5641; x_wconf 79' lang='lat' dir='ltr'><strong><em>quam</em></strong></span> <span class='ocrx_word' id='word_1_239' title='bbox 1902 5577 2042 5621; x_wconf 87' lang='lat' dir='ltr'><strong><em>cum</em></strong></span> <span class='ocrx_word' id='word_1_240' title='bbox 2072 5557 2368 5621; x_wconf 83' lang='lat' dir='ltr'><strong><em>Arnoldo</em></strong></span> <span class='ocrx_word' id='word_1_241' title='bbox 2408 5556 2485 5619; x_wconf 87' lang='lat' dir='ltr'><strong><em>de</em></strong></span> <span class='ocrx_word' id='word_1_242' title='bbox 2515 5555 2774 5619; x_wconf 86' lang='lat' dir='ltr'><strong><em>Hudem</em></strong></span> <span class='ocrx_word' id='word_1_243' title='bbox 2792 5575 2921 5640; x_wconf 87' lang='lat' dir='ltr'><strong><em>pro</em></strong></span> <span class='ocrx_word' id='word_1_244' title='bbox 2942 5553 3316 5639; x_wconf 79' lang='lat' dir='ltr'><strong><em>parochiali</em></strong></span> <span class='ocrx_word' id='word_1_245' title='bbox 3347 5553 3601 5618; x_wconf 87' lang='lat' dir='ltr'><strong><em>ecclesia</em></strong></span> 
     </span>
     <span class='ocr_line' id='line_1_33' title="bbox 769 5660 3593 5750; baseline -0.001 -26"><span class='ocrx_word' id='word_1_246' title='bbox 769 5661 836 5724; x_wconf 86' lang='lat' dir='ltr'><strong><em>in</em></strong></span> <span class='ocrx_word' id='word_1_247' title='bbox 880 5661 1177 5726; x_wconf 86' lang='lat' dir='ltr'><strong><em>Droemel</em></strong></span> <span class='ocrx_word' id='word_1_248' title='bbox 1198 5662 1254 5746; x_wconf 66' lang='grc'><strong><em>2)</em></strong></span> <span class='ocrx_word' id='word_1_249' title='bbox 1305 5661 1518 5727; x_wconf 82' lang='lat' dir='ltr'><strong><em>Golon.</em></strong></span> <span class='ocrx_word' id='word_1_250' title='bbox 1568 5661 1756 5726; x_wconf 86' lang='lat' dir='ltr'><strong><em>dioec.</em></strong></span> <span class='ocrx_word' id='word_1_251' title='bbox 1792 5665 2056 5747; x_wconf 83' lang='lat' dir='ltr'><strong><em>putavit</em></strong></span> <span class='ocrx_word' id='word_1_252' title='bbox 2086 5663 2606 5750; x_wconf 83' lang='lat' dir='ltr'><strong><em>permutandam.</em></strong></span> <span class='ocrx_word' id='word_1_253' title='bbox 2655 5699 2732 5712; x_wconf 93' lang='lat'>—</span> <span class='ocrx_word' id='word_1_254' title='bbox 2772 5660 3187 5746; x_wconf 89' lang='lat' dir='ltr'><strong><em>Deputantur</em></strong></span> <span class='ocrx_word' id='word_1_255' title='bbox 3224 5666 3593 5726; x_wconf 75' lang='lat' dir='ltr'><strong><em>eccecutores.</em></strong></span> 
     </span>
    </p>
   </div>
  </div>
 </body>
</html>
