4450 6684
1923 538 2413 604 Inraonucrro.
3553 558 3682 604 xxr

624 754 906 835 (numm.
973 755 1141 836 986,
1207 755 1375 838 987,
1442 756 1608 837 988,
1676 755 1884 836 1054,
1956 755 2190 840 1131);
2250 753 2331 818 ad
2383 760 2587 818 terras
2636 755 2779 839 ejus
2827 754 3115 820 dominio
3163 754 3493 839 subjectas
3543 755 3684 842 qui·

634 856 908 921 busdam
974 858 1229 923 nunciis
1290 858 1665 945 apostolicis
1714 858 2097 924 extenditur
2141 857 2490 944 legationis
2541 857 2823 922 officium
2870 859 3075 941 (num.
3130 860 3360 943 1050);
3431 864 3684 925 aestate

635 959 851 1026 media
913 983 1018 1025 an.
1089 964 1259 1027 1343
1325 963 1468 1047 ejus
1530 964 1789 1045 nuncii,
1853 963 1965 1048 qui
2028 961 2350 1049 quaedam
2415 963 2748 1048 explicent
2805 963 3072 1048 negotia
3136 969 3204 1028 et
3259 962 3473 1050 „quod
3521 963 3685 1028 nihil

636 1063 908 1129 ecclesie
971 1066 1269 1130 Romane
1341 1065 1730 1153 displicibile
1793 1071 2218 1153 attemptaret
2282 1065 2637 1148 scienter”,
2702 1067 3079 1132 excusando
3126 1072 3541 1149 asseverent,
3601 1064 3685 1131 ad

632 1167 879 1231 curiam
943 1169 1243 1256 papalem
1305 1170 1407 1234 bis
1471 1169 1886 1234 destinantur
1947 1170 2220 1254 (numm.
2289 1172 2498 1251 1087,
2555 1171 2788 1254 1093);
2837 1171 3034 1235 immo
3083 1170 3282 1236 etiam
3330 1177 3405 1236 ut
3454 1170 3689 1257 Sepul-

630 1291 812 1334 crum
881 1270 1278 1338 dominicum
1339 1274 1599 1361 aliaque
1662 1274 1905 1339 Terrae
1974 1270 2255 1339 Sanctae
2319 1274 2603 1338 oratoria
2666 1274 2903 1339 devote
2966 1275 3233 1340 visitare
3282 1274 3402 1339 sibi
3451 1275 3684 1357 liceat,

637 1374 889 1439 Summi
950 1376 1288 1442 Pontificis
1353 1378 1612 1443 veniam
1676 1384 1743 1443 et
1807 1378 2140 1444 humiliter
2188 1378 2513 1465 supplicat
2560 1383 2661 1460 et,
2735 1380 3031 1464 quamvis
3075 1378 3451 1464 hujusmodi
3501 1399 3688 1465 pere-

632 1478 919 1563 grinatio
965 1486 1041 1544 ut
1089 1482 1354 1546 minime
1403 1487 1560 1546 tunc
1607 1488 1931 1568 oportuna
1978 1483 2201 1569 Papae
2246 1482 2618 1568 displiceat,
2667 1482 2839 1547 illico
2876 1482 3134 1547 obtinet
3165 1485 3436 1567 (numm.
3479 1484 3682 1565 1092,

642 1584 874 1668 1093),
922 1606 1145 1651 mense
1193 1586 1372 1652 Julio
1406 1608 1512 1651 an.
1553 1588 1723 1650 1344
1762 1586 1937 1651 idem
1972 1586 2369 1652 Wilhelmus
2403 1607 2651 1669 comes,
2687 1607 2833 1651 cum
2866 1588 3321 1674 presbyterum
3355 1586 3683 1674 quendam

636 1686 916 1752 interfici
978 1690 1319 1774 jussisset,
1393 1691 2085 1756 excommunicationis
2153 1697 2221 1755 et
2284 1690 2619 1755 homicidii
2683 1696 2937 1757 reatum
3001 1692 3313 1774 incurrit,
3365 1714 3402 1755 a
3449 1691 3686 1777 quibus

639 1790 1116 1858 absolutionem
1191 1794 1510 1860 submisse
1581 1794 1970 1881 deprecatus
2042 1801 2109 1860 et
2179 1795 2536 1860 secundum
2610 1794 2991 1860 mandatum
3054 1796 3286 1882 papale
3349 1800 3685 1860 assecutus

637 1900 776 1977 est,
849 1897 964 1961 sed
1038 1900 1299 1964 nonnisi
1346 1900 1793 1982 acerbissima,
1841 1920 2036 1985 quam
2084 1899 2386 1964 Canones
2434 1899 2859 1964 ecclesiastici
2908 1901 3222 1986 exigunt,
3273 1899 3686 1987 poenitentia

628 2021 847 2088 eaque
895 2004 1154 2090 publice
1202 2007 1380 2093 prius
1428 2012 1694 2092 peracta
1741 2006 1946 2088 (num.
2003 2004 2221 2088 1123).
2318 2005 2691 2090 Tantopere
2740 2003 2879 2069 sedi
2928 2004 3322 2091 apostolicae
3366 2002 3690 2069 ulteriori-

639 2105 762 2170 bus
823 2108 999 2173 vitae
1061 2109 1251 2174 annis
1315 2111 1668 2175 obsecutus
1731 2115 1832 2175 est
1878 2109 2275 2176 Wilhelmus
2323 2108 2423 2172 IV
2470 2129 2723 2193 comes,
2783 2109 2937 2174 dum
2989 2115 3210 2174 tamen
3258 2110 3400 2195 ejus
3449 2107 3686 2172 sororis

641 2210 912 2276 maritus
960 2213 1334 2280 Ludovicus
1383 2215 1462 2281 de
1509 2216 1791 2281 Bavaria
1822 2236 1970 2280 cum
2006 2214 2396 2279 auctoritate
2429 2214 2645 2300 papali
2680 2215 2992 2280 acerrime
3024 2213 3382 2279 dimicaret.
3446 2212 3687 2277 Mirum

640 2314 915 2399 proinde
980 2339 1113 2383 non
1175 2327 1483 2406 apparet,
1534 2326 1609 2385 ut
1654 2321 1736 2385 ab
1786 2318 2161 2385 auctoribus
2208 2317 2522 2400 traditur,
2573 2318 2908 2384 Electores
2955 2318 3250 2404 Imperii,
3301 2317 3413 2404 qui
3459 2320 3686 2380 contra

643 2419 1048 2487 Ludovicum
1098 2424 1425 2489 Bavarum
1474 2446 1512 2489 a
1558 2425 1858 2490 Romano
1900 2428 2151 2488 starent
2181 2424 2540 2505 Pontifice,
2590 2423 2872 2489 eundem
2906 2424 3334 2489 Wilhelmum
3369 2442 3472 2485 an.
3515 2419 3686 2484 1345

645 2525 928 2591 voluisse
982 2528 1315 2607 „exaltare
1360 2529 1430 2593 in
1478 2527 1991 2615 Imperatorem''
2018 2527 2092 2611 l).
2152 2527 2444 2614 Idipsum
2479 2528 2835 2593 Clementis
2869 2549 3080 2615 papae
3111 2526 3212 2593 VI
3243 2547 3375 2591 non
3411 2525 3683 2590 obscure

645 2627 939 2693 indicant
985 2631 1216 2698 literae
1265 2633 1786 2714 consolatoriae,‘
1818 2653 2015 2718 quae,
2064 2631 2424 2697 Wilhelmo
2472 2632 2706 2697 misere
2753 2634 2822 2696 in
2870 2653 3092 2718 pugna
3137 2630 3311 2718 apud
3361 2627 3688 2695 Stauriam

648 2740 1023 2821 perempto,
1070 2736 1153 2801 ad
1203 2738 1347 2822 ejus
1395 2744 1705 2819 matrem,
1755 2757 2060 2819 uxorem,
2109 2736 2443 2822 praesules
2491 2735 2917 2801 territoriales
2967 2735 3333 2800 destinatae
3378 2733 3692 2818 leguntur

647 2838 917 2919 (numm.
974 2843 1462 2927 1155—1157).
1535 2841 1788 2917 Quibus
1836 2841 2138 2906 dominus
2184 2841 2371 2927 Papa
2418 2847 2727 2924 testatur,
2779 2846 3055 2926 paterno
3087 2860 3266 2905 more
3306 2860 3375 2903 se
3409 2836 3690 2923 compati

652 2941 777 3022 „de
824 2945 1271 3010 subtractione
1321 2953 1452 3011 tam
1501 2947 1633 3010 cari
1681 2946 1999 3033 nobisque
2039 2944 2260 3010 dilecti
2303 2946 2455 3028 filii,
2505 2944 2586 3009 ad
2626 2945 2812 3030 cujus
2852 2949 3061 3008 status
3104 2948 3171 3009 et
3209 2942 3474 3008 honoris
3515 2940 3695 3006 exal·

649 3048 1003 3130 tationem,
1067 3049 1122 3112 si
1185 3071 1316 3114 non
1387 3050 1750 3115 obstitisset
1812 3049 2035 3114 divina
2098 3051 2390 3133 vocati0,
2440 3049 2887 3136 aspirabamus
2934 3047 3259 3114 intense.’'
3355 3047 3694 3112 Summum

652 3171 913 3237 quoque
970 3153 1361 3219 Pontificem
1419 3154 1609 3219 valde
1657 3155 1893 3219 favisse
1941 3156 2314 3240 proposito,
2363 3161 2438 3218 ut
2483 3153 2880 3244 Wilhelmus
2927 3154 3228 3240 princeps
3275 3150 3693 3230 ambitiosus,

648 3255 730 3319 ad
790 3256 967 3323 bella
1029 3258 1443 3345 suscipienda
1488 3259 1938 3342 alacerrimus,
1988 3258 2365 3323 auctoritati
2411 3257 2628 3344 papali
2667 3259 2807 3343 jam
2857 3255 3520 3344 obsequentissimus,
3569 3252 3698 3316 Im·

649 3362 811 3445 perii
859 3362 1191 3447 fastigium
1241 3363 1656 3445 ascenderet,
1705 3384 1792 3427 ex
1840 3362 2056 3428 verbis
2105 3383 2302 3449 supra
2345 3362 2630 3427 laudatis
2678 3363 2850 3427 clare
2897 3361 3306 3446 intelligitur.

872 3466 1089 3532 Etiam
1135 3467 1413 3533 Alberto
1463 3467 1544 3532 de
1592 3467 1870 3532 Bavaria
1910 3466 2259 3532 comitatus
2292 3467 2687 3532 Hannoniae
2721 3473 2790 3532 et
2828 3465 3222 3531 Hollandiae
3256 3463 3697 3549 gubernante,

649 3568 1006 3636 Pontifices
1054 3573 1339 3638 Romani
1385 3572 1667 3658 publicis
1714 3572 1945 3636 harum
1994 3572 2280 3657 partium
2329 3572 2610 3657 negotiis
2661 3578 3015 3657 utcumque
3064 3569 3261 3635 alieni
3308 3588 3439 3632 non
3489 3571 3697 3631 erant.

649 3672 958 3741 Urbanus
1019 3699 1192 3764 papa
1251 3680 1313 3744 V
1376 3698 1480 3742 an.
1551 3679 1721 3743 1364
1779 3678 2056 3743 Petrum
2105 3676 2484 3763 episcopum
2530 3675 3070 3741 cameracensem
3119 3694 3304 3738 suum
3358 3669 3701 3757 deputavit

650 3780 999 3863 nuncium,
1065 3783 1176 3867 qui
1243 3782 1386 3869 paci
1434 3782 1608 3847 inter
1654 3781 2100 3868 supradictum
2149 3780 2383 3845 ducem
2432 3786 2500 3845 et
2546 3778 2862 3865 quosdam
2911 3778 3163 3843 nobiles
3212 3772 3700 3862 componendae

651 3903 913 3969 operam
963 3884 1170 3951 daret.
1231 3886 1377 3962 Quo
1425 3891 1646 3951 autem
1696 3891 1941 3951 eventu
1987 3888 2112 3951 hoc
2160 3884 2405 3949 factum
2455 3883 2685 3966 fuerit,
2736 3883 3128 3948 documenta
3174 3887 3397 3945 nostra
3429 3877 3702 3942 dubium

650 3987 1030 4074 relinquunt
1093 3992 1366 4074 (numm.
1436 3992 1646 4074 1786,
1716 3992 1923 4075 1787,
1994 3993 2203 4073 1816,
2270 3991 2478 4072 1818,
2546 3989 3032 4069 1819-1821).
3129 3985 3294 4050 Cum
3340 3978 3514 4047 idem
3565 3982 3704 4046 dux

649 4091 719 4156 in
783 4096 1097 4160 comitatu
1160 4095 1559 4161 Hannoniae
1623 4101 1852 4161 contra
1906 4095 2280 4161 libertatem
2329 4093 2835 4158 ecclesiasticam
2883 4090 3163 4177 plurima
3208 4092 3587 4174 usurpasset
3636 4091 3704 4151 et

651 4203 1081 4283 attentasset,
1134 4205 1208 4264 ut
1253 4200 1509 4286 injuriis
1558 4202 1862 4287 episcopo
1911 4200 2355 4284 ecclesiaeque
2404 4195 2982 4263 Cameracensibus
3032 4191 3389 4258 inferendis
3439 4210 3703 4276 prorsus

653 4303 1051 4386 abstineret,
1125 4305 1479 4390 Gregorius
1549 4325 1721 4390 papa
1787 4304 1891 4368 XI
1959 4324 2062 4368 an.
2134 4303 2306 4366 1372
2372 4303 2540 4367 serio
2605 4322 2755 4366 eum
2819 4298 3158 4364 admonuit
3219 4298 3426 4379 (num.
3476 4296 3701 4376 2077).

654 4405 863 4480 Quam
911 4409 1340 4473 monitionem
1388 4429 1560 4474 anno
1603 4407 1936 4494 sequenti,
1967 4407 2202 4472 iisdem
2236 4405 2721 4492 gravaminibus
2753 4424 2887 4468 non
2919 4400 3357 4483 cessantibus,
3396 4399 3704 4465 Summus

651 4511 961 4577 Pontifex
1016 4513 1281 4577 iteravit
1328 4513 1536 4594 (num.
1587 4514 1811 4594 2157).

877 4615 1194 4680 Civilibus
1257 4616 1607 4680 comitatus
1670 4615 1930 4681 Gelriae
1993 4615 2277 4700 negotiis
2339 4613 2679 4681 Johannes
2741 4633 2913 4700 papa
2974 4609 3182 4677 XXII
3238 4607 3441 4672 semel
3497 4608 3702 4671 inter-

653 4720 871 4802 venit,
940 4720 1188 4786 scilicet
1250 4741 1396 4784 cum
1460 4719 1848 4807 Reynaldus
1909 4739 2126 4784 comes
2188 4718 2260 4783 H
2315 4740 2463 4783 cum
2520 4718 2813 4784 Henrico
2864 4715 2945 4782 de
2992 4712 3407 4779 Virneburch
3455 4712 3705 4776 archie-

653 4825 919 4910 piscopo
983 4824 1361 4890 Coloniensi
1424 4824 1848 4890 dissensionis
1910 4824 2185 4890 haberet
2250 4825 2612 4890 materiam.
2707 4821 2836 4887 Sed
2903 4840 2986 4885 ne
3045 4817 3383 4905 paululum
3433 4814 3698 4902 quidem

650 4928 802 5013 paci
850 4927 1244 4993 conduxisse
1291 4928 1600 4993 videntur
1643 4928 1903 5011 literae,
1953 4927 2190 5014 quibus
2237 4928 2511 4993 ineunte
2558 4948 2663 4991 an.
2704 4927 2873 4989 1326
2907 4921 3325 5008 Reynaldum
3367 4920 3701 4998 comitem,

658 5037 732 5096 ut
780 5053 820 5096 a
866 5032 1203 5119 quibusvis
1251 5032 1722 5098 offensionibus
1769 5031 2257 5118 archiepiscopo
2306 5037 2374 5096 et
2416 5030 2729 5095 ecclesiae
2769 5024 3193 5113 injungendis
3232 5024 3496 5111 penitus
3536 5022 3704 5086 desi-

657 5142 899 5220 steret,
964 5136 1350 5202 adhortatus
1414 5141 1516 5201 est
1577 5134 1878 5201 dominus
1940 5136 2124 5222 Papa
2186 5136 2392 5220 (num.
2455 5135 2633 5217 671).
2726 5132 2990 5197 Etenim
3036 5148 3262 5193 mense
3308 5127 3546 5192 Martio
3596 5146 3702 5191 an.

665 5242 831 5305 1328
905 5241 1239 5306 nonnullis
1308 5240 1619 5327 praelatis
1689 5240 2153 5320 committitur,
2231 5243 2307 5302 ut
2376 5236 2762 5302 concordiae
2832 5236 3005 5299 inter
3077 5231 3341 5297 eosdem
3412 5229 3702 5295 aemulos

657 5343 1116 5410 instaurandae
1182 5365 1339 5431 opes
1403 5365 1555 5409 suas
1618 5343 1967 5409 efficaciter
2030 5341 2423 5422 adhibeant3
2489 5339 2818 5406 Henricus
2864 5343 3086 5402 autem
3134 5334 3696 5420 archiepiscopus,

818 5681 874 5747 1,
909 5682 1012 5733 cfr.
1051 5682 1096 5734 J.
1130 5698 1161 5733 a
1196 5681 1381 5748 Leydis
1423 5680 1652 5732 chronio.
1687 5680 1877 5745 nagia.
1914 5678 2027 5730 Lib.
2063 5677 2313 5741 xxvm,
2352 5690 2398 5728 c.
2435 5674 2523 5739 11,
2561 5689 2612 5740 p.
2644 5673 2762 5725 255.
