4450 6684
1810 527 2270 592 quocnmos
2328 525 2449 592 VI.
3573 530 3661 594 85

600 756 669 818 et
711 749 1129 816 libertatibus
1147 797 1165 832 ‚
1212 749 1451 837 quibus
1497 747 1625 813 alia
1664 746 2062 813 monasteria
2091 745 2556 811 canonicarum
2586 745 2679 810 sic
2712 745 3082 813 vivencium
3115 768 3204 814 ex
3235 751 3656 817 concessione

604 855 963 943 apostolica
1023 854 1318 942 quolibet
1381 854 1767 941 pociuntur3
1838 858 1907 918 et
1970 852 2240 938 insuper
2300 850 2475 938 quod
2541 899 2557 915 .
2585 897 2604 916 .
2666 852 2844 938 prior
2907 853 3323 939 provincialis
3384 856 3660 923 flatrum

607 959 767 1027 dicti
812 960 1059 1026 ordinis
1104 958 1603 1026 Predicatorum
1648 957 2014 1046 provincie,
2059 956 2132 1020 in
2179 977 2312 1042 qua
2356 955 2683 1042 prefatum
2731 956 2998 1042 opidum
3039 959 3369 1044 consistit,
3415 961 3662 1029 eisdem

607 1066 936 1134 abbatisse
1001 1087 1119 1133 seu
1183 1065 1489 1153 priorisse
1552 1069 1622 1131 et
1685 1063 2124 1130 canonicabus
2184 1062 2392 1149 ipsius
2453 1062 2832 1128 monasterii
2892 1062 2976 1129 de
3051 1065 3532 1133 confessoribus
3594 1072 3664 1132 et

605 1172 900 1260 personis
967 1172 1064 1237 eis
1135 1170 1572 1238 servientibus
1643 1174 1952 1236 teneatur
2020 1173 2090 1236 et
2150 1167 2426 1250 debeat,
2493 1174 2568 1232 ut
2614 1167 2811 1233 moris
2857 1173 2996 1253 est,
3054 1171 3418 1256 providere.
3510 1173 3664 1238 Dat.

608 1277 939 1345 Avinione
958 1325 976 1360 ,
1024 1277 1096 1342 H
1138 1275 1313 1343 Non.
1360 1276 1609 1364 Aprilis
1627 1325 1645 1360 ,
1694 1296 1867 1342 anno
1916 1275 2168 1362 quinto.

1026 1410 1151 1474 Ray.
1186 1410 1286 1461 Ac.
1329 1411 1383 1461 T.
1418 1408 1510 1474 15,
1535 1411 1599 1474 s.
1632 1407 1775 1461 304⁹.

615 1920 795 1990 1577.
1590 1924 1803 2005 1357,
1853 1922 2110 2006 Aprilis
2155 1924 2281 2004 30,
2331 1922 2693 1986 Aveniomzff.

930 2077 1071 2142 Pro
1120 2075 1339 2141 abbate
1387 2083 1447 2140 et
1490 2082 1793 2140 conventu
1838 2077 2206 2139 monasterii
2249 2073 2707 2159 Eymondensis
2753 2075 3164 2160 infrascripti
3208 2076 3295 2139 ad
3341 2077 3683 2141 triennium

833 2182 1232 2267 deputantur
1278 2190 1760 2245 conservatores.

845 2361 1123 2428 Dilectis
1169 2361 1321 2427 filiis
1371 2410 1387 2427 .
1418 2411 1433 2426 .
1483 2361 1971 2428 Cameracensis
2017 2367 2086 2426 et
2135 2408 2151 2424 .
2180 2408 2195 2423 .
2248 2360 2457 2425 sancti
2497 2360 2767 2446 Georgii
2806 2361 3215 2427 Coloniensis
3261 2369 3331 2429 et
3373 2411 3388 2428 .
3416 2410 3432 2428 .
3474 2363 3685 2429 sancti

622 2465 669 2532 J
671 2467 946 2534 ohannis
993 2467 1380 2532 Leodiensis
1429 2468 1851 2533 ecclesiarum
1896 2465 2161 2531 decanis
2211 2466 2497 2530 salutem
2544 2472 2654 2530 etc.

840 2571 1155 2639 Militanti
1203 2573 1497 2639 ecclesie.
1524 2620 1540 2636 .
1571 2620 1587 2636 .
1615 2619 1631 2636 .
1671 2570 1832 2637 Dat.
1882 2571 2213 2637 Avinione
2237 2619 2255 2653 ,
2304 2570 2377 2635 II
2422 2570 2535 2636 Kl.
2583 2570 2782 2655 Maji,
2830 2592 3003 2636 anno
3052 2572 3302 2659 quinto.

1041 2705 1166 2770 περ.
1199 2707 1299 2755 Α..
1340 2707 1396 2755 r.
1431 2703 1527 2770 ιο,
1563 2707 1613 2764 r.
1646 2703 1764 2756 467.

627 3196 1065 3269 1878—1581.
1603 3201 1787 3266 1357
1800 3249 1817 3284 ‚
1864 3200 2123 3286 Aprilis
2168 3204 2289 3284 30,
2336 3201 2702 3266 Avenionis.

939 3352 1024 3418 A.
1095 3351 1298 3418 Petro
1344 3351 1420 3416 de
1465 3351 1908 3417 Redinchoven
1956 3354 2381 3436 conferuntur
2411 3354 2819 3417 canonicatus
2852 3361 2911 3418 et
2938 3354 3307 3439 praebenda
3337 3357 3409 3420 in
3438 3357 3693 3421 ecclesia

852 3457 1339 3540 Aldenzelensi‚
1384 3465 1677 3522 vacantes
1711 3480 1838 3544 per
1882 3461 2369 3544 resiynationem
2415 3456 2691 3523 Henrici
2734 3457 3013 3526 Moliart
3058 3460 3346 3544 Zeqheri.

936 3561 1015 3627 Β.
1085 3562 1400 3647 Enyberto
1460 3561 1536 3626 de
1596 3561 1756 3627 Elze
1816 3563 2235 3643 conferuntur
2300 3565 2708 3627 canonicatus
2770 3570 2830 3628 et
2890 3563 3253 3647 praebenda
3318 3566 3388 3629 in
3433 3566 3687 3630 ecclesia

850 3665 1242 3733 Embricensi
1258 3715 1276 3749 ,
1323 3674 1614 3732 vacantes
1648 3688 1773 3752 per
1818 3670 2304 3754 resiqnationem
2352 3667 2543 3732 Petri
2587 3668 2663 3731 de
2710 3668 3167 3733 Redinchoven.

946 3770 1026 3837 O.
1096 3771 1378 3836 Henrico
1423 3771 1703 3837 Moliart
1733 3773 2006 3858 Zeqheri
2039 3780 2366 3859 tamquam
2396 3774 2629 3838 rectori
2658 3771 2988 3855 confertur
3016 3773 3417 3858 parochialis
3446 3775 3701 3840 ecclesia

852 3877 925 3941 in
973 3876 1138 3941 Hier
1193 3876 1376 3961 Traj.
1424 3877 1616 3942 dioec.
1640 3925 1659 3961 ,
1704 3898 1937 3942 vacans
1971 3901 2098 3964 per
2142 3881 2629 3965 resiqnationem
2674 3877 3045 3963 Enyelberti
3087 3877 3163 3941 de
3204 3877 3382 3942 Elze.

936 3980 1023 4047 D.
1110 3981 1444 4048 Willermo
1506 3981 1883 4048 Vemaethen
1948 3985 2268 4050 licentiato
2315 3987 2386 4050 in
2436 3985 2672 4071 leyibus
2721 3992 3047 4069 tamquam
3092 3985 3323 4048 rectori
3366 3983 3697 4067 confertur

848 4086 1062 4152 altera
1119 4089 1331 4172 portio
1395 4089 1682 4153 ecclesiae
1734 4089 2138 4174 parochialis
2198 4089 2276 4154 de
2338 4089 2547 4155 Hulst
2614 4089 2799 4173 Traj.
2864 4088 3053 4153 dioec.
3102 4108 3230 4174 per
3273 4088 3431 4153 duos
3473 4091 3699 4154 solitae

843 4191 1196 4276 ,qubernari
1241 4201 1510 4258 rectores
1528 4242 1545 4277 ‚
1595 4214 1791 4279 quam
1836 4214 1977 4258 cum
2023 4194 2263 4260 Jacobo
2308 4194 2629 4261 Westlant
2654 4216 2785 4280 pro
2815 4215 2950 4260 una
2977 4195 3278 4280 portione
3295 4195 3696 4279 parochialis

849 4297 1136 4362 ecclesiae
1179 4297 1255 4362 de
1305 4298 1585 4384 Caprike
1637 4298 1986 4364 Tornacen.
2033 4298 2222 4364 dioec.
2259 4302 2523 4384 putavit
2554 4299 3079 4384 permutandam.
3118 4336 3200 4346 —
3237 4298 3378 4364 Pro
3416 4301 3691 4386 sinqulis

849 4405 1248 4492 deputantur
1292 4415 1661 4473 executores.

860 4586 1245 4674 Apostolice
1293 4585 1488 4653 sedis.
1518 4633 1534 4651 .
1563 4633 1579 4651 .
1607 4633 1624 4652 .
1673 4586 1830 4653 Dat.
1877 4587 2207 4655 Avinione
2227 4637 2246 4672 ,
2291 4588 2363 4653 H
2407 4587 2519 4654 Kl.
2564 4587 2762 4672 Maii,
2811 4607 2988 4653 anno
3036 4588 3290 4675 quinto.

1049 4718 3064 4786 1209..1v.T.1·1‚aea2·00t›.s.389;sf.390;cf.399;ns.4oo·.

627 5241 820 5311 1582.
1502 5246 1713 5328 1357,
1760 5244 1934 5329 Maji
1977 5247 2097 5328 24,
2145 5266 2251 5331 ap.
2315 5243 2799 5310 Villamnovam.

945 5397 1230 5463 Henrico
1292 5397 1507 5462 Bitter
1566 5398 1643 5462 de
1704 5396 2003 5462 Embrica
2062 5399 2284 5463 clerico
2354 5398 2537 5482 Traj.
2600 5397 2790 5462 dioec.
2840 5395 3260 5478 confirmatur
3300 5394 3693 5480 parochialis

855 5504 1111 5569 ecclesia
1172 5502 1241 5567 S.
1306 5502 1710 5589 Aldequndis
1763 5501 2185 5569 Embricensis
2204 5552 2223 5586 ,
2287 5522 2480 5589 quam
2525 5504 2677 5567 olim
2726 5509 2873 5566 tunc
2916 5505 3240 5565 vacantem
3272 5519 3400 5584 per
3444 5498 3681 5571 obitum

868 5606 1201 5673 Wilhelmi
1248 5606 1509 5674 Gruwel
1552 5629 1594 5673 a
1638 5608 1870 5673 decano
1914 5615 1974 5672 et
2017 5607 2300 5693 capitulo
2347 5606 2416 5671 S.
2463 5605 2746 5672 Martini
2787 5604 3208 5669 Embricensis
3253 5604 3510 5687 accepit.
