4450 6684
1791 527 2014 592 Innnx
2068 527 2558 595 Pnnsomntm.
3485 540 3494 549 ·
3583 533 3716 597 409

644 739 1035 800 Parentius
1092 741 1402 803 Caffarelli
1442 749 1741 803 mercator
1782 743 2090 804 Romanus
2271 745 2537 807 Petrus
2591 746 2668 807 de
2714 747 2898 808 Levis
2940 766 3033 826 ep.
3078 747 3527 809 Cameracensis
3568 749 3716 825 523,

724 850 861 909 439.
2351 855 2491 913 531.

645 959 1032 1018 Paschalis
1073 978 1231 1038 papa
1272 960 1340 1018 11
1387 962 1488 1037 12,
1531 962 1707 1021 2269.
2267 994 2350 1006 -
2390 961 2464 1021 de
2504 963 2839 1042 Dunendyc
2880 982 3011 1024 can.
3058 965 3223 1041 Traj.
3269 967 3407 1026 532.

642 1066 918 1128 Paulus
959 1068 1184 1128 Astalli
1226 1076 1523 1130 mercator
1565 1071 1871 1132 Romanus
1910 1074 2047 1132 438.
2272 1104 2344 1115 —
2389 1070 2463 1129 de
2503 1071 2804 1132 Vicosalis
2846 1092 2978 1133 can.
3022 1072 3083 1133 S.
3128 1074 3291 1135 Salv.
3337 1075 3500 1153 Traj.
3545 1075 3681 1135 582.

643 1209 719 1220 -
754 1175 829 1235 de
849 1175 1226 1237 Oharadosse
1253 1196 1458 1257 praep.
1483 1179 1918 1241 Gavallicensis
1942 1182 2085 1258 484,
2270 1211 2344 1222 -
2383 1179 2654 1238 Durandi
2683 1181 2898 1258 capell.
2914 1225 2930 1258 ,
2952 1182 3089 1241 coll.
3112 1187 3174 1242 et
3201 1184 3459 1243 nuncius
3479 1182 3716 1262 papalis

723 1286 859 1345 485.
2350 1288 2498 1364 535,
2554 1288 2704 1364 536,
2762 1289 2910 1367 540,
2968 1290 3113 1367 541,
3173 1291 3319 1369 572,
3368 1293 3721 1369 582-584,

644 1425 718 1438 -
761 1393 1030 1453 Moelner
1077 1396 1248 1455 1334.
2349 1396 2472 1456 Int.
2515 1397 2778 1457 LXVII.

644 1502 993 1580 Pelagius
1035 1502 1411 1565 Galvanus
1453 1524 1545 1585 ep.
1575 1507 1967 1584 Albanensis,
2000 1508 2087 1567 le·
2271 1538 2344 1549 —
2387 1511 2568 1565 natus
2610 1507 2898 1566 Balduini
2939 1507 3013 1567 de
3057 1507 3383 1587 Tolloysen
3424 1511 3560 1570 559.

722 1616 902 1689 gatus
944 1630 1040 1689 ap.
1088 1614 1191 1689 78,
1238 1615 1379 1690 110,
1423 1614 1544 1674 Int.
1586 1615 1755 1674 LXI.
2271 1648 2345 1659 —
2388 1633 2482 1692 ep.
2524 1615 2822 1693 Regensis
2864 1617 3001 1676 565.

646 1720 967 1798 Pepinus
1008 1739 1120 1781 rex
1163 1723 1535 1783 Francorum
1576 1724 1696 1784 Int.
1739 1726 1889 1786 XII.
2270 1756 2343 1768 —
2383 1723 2704 1784 Guillermi
2729 1726 2944 1803 capell.
2970 1727 3204 1806 papalis
3231 1732 3293 1787 et
3315 1726 3557 1787 auditor
3579 1727 3719 1788 596.

643 1830 1097 1908 Peregrinus
1144 1832 1553 1910 (Pelegrinus)
1593 1840 1794 1896 rector
1834 1837 1980 1897 eccl.
2024 1838 2089 1896 in
2302 1866 2344 1876 -
2404 1832 2478 1891 de
2533 1832 2800 1894 Scondee
2855 1835 3176 1912 (Scoudee)
3225 1837 3368 1896 cler.
3412 1837 3608 1897 benef.
3650 1837 3715 1897 in

725 1939 975 2014 Putten,
1019 1958 1148 1999 can.
1196 1940 1253 2000 S.
1285 1941 1454 2001 Petri
1487 1943 1649 2019 Traj.
1686 1945 1869 2022 1193,
1902 1947 2085 2023 1234,
2349 1942 2495 2002 eccl.
2538 1942 2692 2001 Dav.
2736 1944 2873 2003 606.

727 2049 908 2124 1996,
951 2049 1127 2109 2059.
2273 2085 2345 2094 -
2396 2050 2471 2109 de
2512 2050 2728 2129 Gogge
2770 2052 2915 2112 cler.
2958 2053 3169 2114 Golon.
3211 2054 3397 2114 dioec.
3441 2054 3639 2114 benef.
3683 2073 3722 2115 a

648 2190 721 2200 —-
765 2157 892 2217 dec.
936 2157 1344 2218 Embricensis
1389 2161 1566 2220 2113.
2351 2177 2557 2236 praep.
2602 2159 2659 2219 S.
2706 2160 2869 2221 Salv.
2912 2161 3079 2239 Traj.
3124 2162 3260 2222 695.

646 2265 978 2342 Pernybe
1020 2265 1094 2325 de
1137 2267 1480 2345 Aliquonde
1521 2271 1658 2329 481.
2273 2301 2344 2311 —
2384 2286 2478 2345 ep.
2502 2267 2966 2347 Praenestinus,
2995 2270 3237 2348 legatus
3264 2290 3361 2349 ap.
3394 2273 3537 2349 748,
3569 2273 3716 2351 749,

643 2374 1075 2434 Petronella
1114 2376 1499 2453 (Petronilla)
1534 2379 1867 2456 comitissa,
1896 2387 2090 2440 mater
2351 2376 2488 2453 917,
2518 2377 2663 2454 942,
2698 2379 2880 2455 1050,
2909 2381 3093 2456 1450,
3122 2380 3304 2456 1564,
3327 2379 3450 2440 Int.
3472 2381 3721 2459 LXIII,

728 2482 1084 2544 Theoderici
1126 2486 1364 2545 comitis
1406 2486 1570 2546 Holl.
1614 2489 1750 2547 502.
2352 2486 2666 2545 LXXVII.

644 2626 717 2636 —
762 2591 837 2651 de
878 2593 1232 2653 Rotterdam
1281 2595 1455 2655 1077.
2273 2628 2345 2639 -
2403 2595 2617 2655 Jacobi
2675 2595 2750 2655 de
2803 2596 3028 2656 Nussia
3060 2597 3104 2670 ¹)
3159 2616 3290 2658 can.
3337 2597 3718 2675 Zeflicensis‚

644 2700 905 2760 Petrus
948 2701 1022 2761 de
1066 2702 1254 2780 Supin
1299 2705 1557 2782 scriptor
1599 2710 1661 2764 et
1692 2709 1951 2769 nuncius
1988 2730 2085 2788 ap.
2348 2703 2533 2763 benef
2586 2723 2622 2762 a
2663 2722 2793 2783 cap.
2838 2700 3157 2765 Altenensi
3200 2708 3336 2765 841.

726 2810 867 2887 144,
911 2810 1030 2870 Int.
1074 2812 1244 2872 LXI.
2272 2846 2343 2856 —
2389 2811 2463 2871 de
2505 2812 2753 2872 Verulis
2795 2832 2998 2892 praep.
3046 2814 3405 2891 Titulensis,
3453 2816 3716 2894 scriptor

645 2952 719 2964 —
765 2938 858 2996 ep.
902 2920 1266 2981 Albanensis
1315 2924 1447 2981 162.
2354 2921 2589 3001 papalis
2632 2922 2769 2981 869.

644 3062 718 3072 -
764 3028 821 3087 S.
864 3030 1136 3089 Marcelli
1179 3031 1374 3107 presb.
1418 3031 1595 3092 Card.
1644 3034 1778 3093 162.
2263 3064 2347 3076 -
2372 3030 2447 3110 ,8.
2489 3032 2737 3091 Martini
2779 3032 2840 3089 in
2882 3031 3187 3092 Montibus
3223 3033 3422 3110 presb.
3452 3031 3632 3093 Oard.

642 3171 717 3182 —
763 3137 837 3198 de
878 3138 1137 3216 caputio
1184 3138 1243 3199 S.
1286 3139 1534 3218 Georgii
1577 3142 1654 3201 ad
1696 3142 1919 3202 Velum
1958 3145 2085 3204 Au·
2347 3139 2490 3216 893,
2535 3141 2669 3199 894.

722 3266 890 3307 reum
946 3249 1098 3308 diac.
1142 3249 1320 3309 Gard.
1372 3252 1512 3325 162,
1561 3253 1702 3328 189,
1748 3252 1891 3329 195,
1939 3255 2082 3329 197,
2269 3283 2340 3293 -
2384 3252 2566 3308 natus
2606 3249 2910 3326 Rhutgeri
2953 3248 3027 3308 de
3068 3248 3318 3327 Leyden
3358 3267 3493 3309 can.
3527 3249 3713 3326 Dav„

722 3359 866 3432 203,
923 3359 1068 3434 205,
1125 3361 1269 3435 206,
1329 3361 1478 3435 210,
1534 3361 1680 3436 216,
1737 3362 1884 3437 219,
1936 3364 2082 3440 263,
2347 3359 2518 3435 prius
2556 3357 2772 3435 capell.
2815 3357 3151 3437 Leydensis
3193 3359 3342 3434 894,
3388 3359 3526 3418 895.

722 3468 866 3542 277,
911 3467 1031 3526 Int.
1075 3467 1330 3544 XVIII,
1374 3469 1525 3527 LXI
1567 3487 1690 3547 seq.
2269 3500 2341 3511 —
2397 3466 2561 3526 filius
2613 3467 2893 3545 Hugonis
2948 3468 3148 3545 presb.
3207 3467 3281 3527 de
3339 3466 3716 3544 Eversvard,

644 3608 717 3618 —
776 3574 849 3634 de
906 3575 1253 3636 Domburch
1294 3577 1626 3654 gardianus
1668 3578 1742 3638 fr.
1783 3580 2085 3639 Minorum
2347 3576 2491 3635 cler.
2537 3577 2673 3636 916.

723 3684 849 3743 ord.
894 3683 951 3743 S.
996 3685 1305 3747 Francisci
1347 3686 1421 3746 de
1464 3687 1886 3749 Middelburch
1927 3690 2063 3749 238.
2269 3718 2342 3728 -
2388 3703 2483 3764 ep.
2525 3685 2947 3746 Noviomensis
2990 3686 3126 3745 980.

645 3825 716 3835 -
774 3793 1004 3853 archid.
1060 3794 1390 3855 Broliensis
1443 3796 1507 3854 in
1547 3796 1693 3857 eccl.
1735 3798 2085 3874 Agennensi
2269 3827 2342 3838 —
2387 3793 2717 3854 Senescalli
2761 3795 3109 3871 989—992,
3153 3795 3275 3852 Int.
3316 3792 3599 3852 LXXVI.

724 3901 870 3979 292,
912 3903 1059 3979 296,
1101 3905 1239 3963 300.
2269 3936 2342 3946 —-
2388 3902 2639 3963 Gosvini
2668 3902 2742 3963 de
2762 3903 3093 3964 Novaurbe
3123 3903 3275 3962 alias
3303 3901 3378 3961 de
3398 3901 3715 3961 Hassuede

640 4043 722 4054 —
775 4010 851 4069 de
906 4010 1126 4072 Sancto
1180 4012 1499 4073 Ambrosio
1556 4014 1701 4089 293,
1759 4016 1906 4093 343,
1963 4016 2084 4075 Int.
2348 4029 2507 4089 mag.
2548 4018 2692 4088 art.,
2736 4029 2867 4071 can.
2912 4010 2971 4071 S.
3016 4011 3190 4071 Petri
3232 4011 3396 4087 Trai.
3444 4011 3619 4069 1000.

722 4119 980 4180 LXXV.
2283 4155 2343 4166 -
2387 4121 2642 4181 Lelovat
2683 4138 2814 4181 can.
2859 4096 3219 4181 senonensis
3264 4120 3438 4179 1036.

647 4260 720 4272 -
763 4228 1002 4289 Nobilis
1045 4230 1191 4306 328,
1233 4230 1353 4289 Int.
1396 4231 1642 4291 LXXV.
2268 4264 2342 4275 —
2401 4230 2476 4291 de
2528 4230 2706 4308 Haye
2766 4235 2966 4290 rector
3023 4229 3168 4291 eccl.
3225 4230 3290 4288 in
3343 4226 3715 4306 Clavighen,

644 4369 727 4381 —
765 4336 840 4397 de
880 4338 1120 4398 Albana
1148 4344 1359 4400 cantor
1386 4340 1743 4401 Morinensis
1771 4342 1916 4418 349,
1950 4343 2085 4402 352.
2348 4340 2562 4418 capell.
2605 4345 2668 4399 et
2709 4358 2841 4400 can.
2884 4340 2939 4399 b.
2983 4338 3212 4399 Mariae
3250 4337 3442 4415 Traj„
3484 4354 3614 4395 can.
3651 4335 3716 4396 S.

648 4478 722 4490 —
765 4464 883 4505 van
925 4446 1032 4505 der
1072 4447 1290 4507 Praest
1329 4466 1517 4526 mag„
1559 4450 1817 4529 scriptor
1849 4451 2087 4529 papalis
2190 4456 2198 4465 ‘
2347 4449 2518 4508 Petri
2556 4447 3105 4525 Middelburgensis
3147 4452 3210 4506 et
3253 4445 3313 4506 S.
3352 4445 3514 4506 Salv.
3547 4445 3713 4522 Traj.

727 4556 872 4631 443,
917 4556 1038 4615 Int.
1082 4557 1400 4617 LXXVII.
2355 4556 2531 4616 1039.

647 4697 720 4707 -
763 4668 962 4725 rector
996 4665 1139 4725 eccl.
1177 4666 1234 4725 b.
1266 4664 1324 4723 N
1326 4666 1505 4725 icolai
1533 4667 1597 4725 in
1626 4667 1921 4727 Biervliet
1949 4670 2087 4729 472.
2271 4697 2344 4709 -
2380 4670 2563 4725 natus
2590 4665 2806 4726 Jacobi
2835 4665 2911 4726 de
2938 4663 3356 4724 Brederwaert
3383 4679 3515 4722 can.
3547 4660 3714 4738 Traj.

649 4805 722 4814 —
766 4772 1030 4851 archiep.
1070 4773 1556 4850 Moguntinensis
1599 4775 1744 4852 474,
1789 4776 1924 4835 541.
2357 4773 2527 4832 1041.
2785 4856 2790 4863 .

650 4913 721 4923 —
767 4880 841 4940 de
868 4880 1140 4941 Garleux
1169 4882 1383 4959 capell.
1416 4884 1652 4961 papalis
1680 4888 1743 4942 et
1770 4884 1906 4944 coll.
1937 4885 2084 4963 474,
2274 4915 2348 4926 -
2389 4882 2550 4942 Koet
2576 4881 2792 4958 (Koec)
2818 4881 3013 4941 benef.
3043 4898 3081 4940 a
3107 4899 3240 4959 cap.
3269 4879 3331 4940 S.
3362 4878 3526 4938 Salv.
3551 4878 3717 4956 Traj.

728 4989 1072 5066 488—490,
1115 4990 1237 5049 Int.
1283 4991 1541 5071 LXVII.
2360 4992 2533 5051 1068.

648 5130 723 5140 -
767 5097 970 5157 Johan
1009 5098 1284 5160 notarius
1326 5100 1465 5159 521.
2275 5132 2348 5143 -
2405 5099 2480 5159 de
2535 5098 2809 5161 Tollonio
2863 5101 3029 5160 bacc.
3086 5103 3230 5176 art„
3271 5115 3403 5158 can.
3450 5095 3509 5156 Β.
3556 5094 3722 5155 Salv.

649 5237 722 5249 —
768 5205 842 5264 de
882 5205 1109 5266 Nussia
1139 5206 1182 5284 ¹)
1226 5208 1376 5285 522,
1411 5209 1561 5286 526,
1592 5209 1938 5286 576-579,
1968 5210 2089 5269 Int.
2353 5209 2517 5286 Traj.
2565 5210 2741 5270 1096.

726 5315 954 5374 LXXV
997 5334 1122 5393 seq.
2275 5351 2348 5363 —
2394 5317 2646 5396 Rogerii
2687 5336 2892 5397 praep.
2936 5318 2998 5377 S.
3042 5316 3208 5377 Salv.
3252 5314 3415 5390 Traj.
3467 5311 3641 5371 1185.

746 5657 804 5722 1)
840 5657 1024 5709 mom?
