4450 6684
1935 555 2424 620 Iwrnonucrro.
3627 569 3698 617 LI

636 796 819 863 quae
882 774 965 842 de
1027 774 1411 858 collatione,
1476 773 1955 855 reservatione,
2014 770 2495 857 permutat-ione
2541 770 3008 835 beneficiorum
3057 771 3162 835 vel
3208 769 3291 835 de
3340 769 3534 834 simili
3581 790 3695 833 ne-

652 881 832 966 gotio
895 884 1138 965 agunt,
1201 877 1285 943 ad
1332 899 1675 943 numerum
1723 876 2199 963 quinquaginta
2245 874 2646 956 ascendunt,
2705 895 2913 960 eaque
2962 874 3044 939 ab
3096 896 3199 939 an.
3255 876 3695 939 1300-1378

653 988 989 1069 nongenta
1050 988 1119 1048 et
1180 988 1433 1069 septem
1478 986 1961 1068 computantur.
2055 980 2228 1063 Ergo
2274 980 2346 1043 in
2393 979 2769 1043 universum
2819 979 3179 1066 diplomata
3224 985 3299 1043 ut
3343 980 3438 1044 ita
3485 978 3695 1044 dicam

654 1086 1061 1152 beneficialia
1105 1086 1240 1152 fere
1288 1084 1451 1151 duas
1498 1086 1760 1173 quintas
1806 1088 2025 1171 partes
2072 1082 2347 1147 Bullarii
2394 1083 2835 1167 TraJectensis
2884 1088 3226 1168 occupant.

876 1190 985 1256 Ad
1049 1191 1260 1255 varios
1321 1189 1584 1273 modos,
1650 1189 1887 1275 quibus
1949 1187 2233 1253 Romani
2295 1186 2652 1251 Pontifices
2716 1185 2798 1251 de
2860 1186 3194 1251 beneficiis
3243 1186 3699 1252 ecclesiasticis

652 1294 828 1383 apud
876 1316 997 1359 nos
1044 1295 1440 1381 disposuisse
1485 1295 1830 1379 leguntur,
1878 1291 2196 1356 nonnulla
2240 1291 2558 1356 concinne
2605 1296 2921 1356 annotare
2969 1290 3258 1378 expedit.

878 1399 964 1463 A.
1061 1398 1331 1463 Collatio
1377 1405 1436 1462 et
1482 1399 1818 1462 reservatio
1866 1395 2301 1477 beneficiorum
2347 1396 2916 1459 ecclesiasticorum.
2989 1395 3032 1460 J
3036 1417 3112 1459 us
3151 1396 3528 1481 hujusmodi
3569 1397 3698 1461 col·
3715 1408 3803 1458 Jus
3831 1406 4114 1460 conferendi

656 1504 920 1568 lationis
967 1503 1307 1588 episcope,
1354 1503 1427 1566 in
1474 1500 2033 1587 cujusterritorio
2080 1499 2403 1564 beneficia
2447 1500 2850 1583 consistunt,
2899 1500 3192 1586 nullique
3241 1501 3352 1565 alii
3399 1502 3700 1568 Oanones
3794 1479 4044 1531 b⁰¹²⁰⁶⁰i⁸·

658 1606 1094 1693 antiquissimi
1153 1606 1542 1670 attribuunt.
1577 1607 1625 1689 ι)
1718 1602 2131 1670 Procedente
2197 1610 2419 1667 autem
2468 1609 2760 1690 tempore
2809 1604 3215 1669 consuetudo
3261 1606 3576 1689 invaluit,
3630 1613 3701 1672 ut

661 1711 742 1777 ad
805 1711 1013 1776 solum
1060 1711 1455 1796 capitulum,
1505 1711 1757 1775 secluso
1807 1709 2096 1795 episcopi
2144 1727 2504 1789 consensu,
2553 1708 3014 1772 nonnullorum
3063 1709 3529 1776 beneficiorum
3577 1714 3711 1777 col-

658 1817 816 1881 latio
878 1820 1224 1902 spectaret.
1251 1816 1305 1898 2)
1396 1816 1503 1880 Ita
1565 1835 1825 1901 quoque
1889 1814 1958 1876 in
2032 1812 2308 1876 ecclesia
2369 1811 2603 1896 Majori
2660 1813 3065 1897 Trajectensi
3115 1817 3395 1900 provisio
3445 1820 3713 1882 canoni-

662 1926 925 1987 catuum
998 1926 1066 1984 et
1132 1919 1652 2006 praebendarum
1723 1917 2117 2005 pertinuisse
2182 1916 2427 2000 legitur
2479 1916 2600 1997 „ad
2649 1916 2967 1981 decanum
3017 1924 3084 1983 et
3131 1921 3491 2005 capitulum
3539 1944 3712 1988 com-

662 2024 991 2090 muniter”
1018 2024 1101 2107 3),
1176 2023 1535 2110 eademque
1606 2024 1718 2088 lex
1788 2022 1960 2108 apud
2026 2021 2310 2105 reliquas
2366 2021 2671 2086 ecclesias
2720 2022 3097 2107 collegiatae
3144 2025 3430 2109 viguisse
3478 2029 3711 2093 merito

664 2129 1053 2216 supponitur
1115 2127 1254 2210 (cfr.
1321 2148 1565 2192 numm.
1632 2129 1801 2210 401,
1868 2128 2033 2207 528,
2101 2126 2282 2207 532).
2376 2123 2580 2189 Porro
2629 2125 2890 2189 collatio
2941 2126 3241 2192 beneficii
3290 2130 3714 2196 ecclesiastici

667 2240 768 2298 est
827 2233 935 2297 vel
1004 2231 1322 2314 „libera,”
1387 2232 1635 2296 scilicet
1698 2229 1960 2318 quando
2010 2230 2352 2315 episcopus
2401 2236 2515 2292 aut
2561 2230 2920 2315 capitulum
2968 2252 3084 2296 suo
3133 2233 3520 2317 provisionis
3559 2236 3711 2319 jure

668 2336 748 2403 ad
818 2336 1079 2401 libitum
1150 2337 1248 2400 uti
1312 2337 1448 2401 sive
1495 2355 1971 2423 quemcumque
2020 2333 2143 2398 sibi
2192 2338 2533 2420 acceptum
2577 2334 2648 2396 in
2695 2333 3014 2398 beneficio
3062 2337 3407 2402 instituere
3452 2344 3712 2424 potest3

670 2442 773 2507 vel
817 2447 920 2506 est
974 2440 1411 2524 „necessaria,
1461 2460 1593 2504 non
1639 2438 1921 2521 libera,’'
1971 2436 2231 2525 quando
2281 2438 2552 2501 collator
2600 2437 2681 2501 de
2729 2437 3048 2503 beneficio
3097 2440 3439 2525 providere
3483 2445 3714 2529 nequit

670 2547 793 2610 nisi
857 2544 1051 2610 alicui
1105 2565 1461 2631 personae,
1524 2566 1641 2630 per
1687 2545 1957 2609 tertium
2006 2543 2131 2607 sibi
2175 2547 2655 2627 praesentatae.
2750 2541 2896 2606 Hoc
2943 2543 3208 2629 quidem
3247 2546 3358 2629 jus
3407 2567 3714 2631 praesen·

674 2648 853 2715 tandi
902 2649 1100 2714 etiam
1144 2648 1355 2731 laicis,
1405 2649 1789 2713 nominatim
1837 2647 2139 2713 beneficii
2183 2653 2490 2731 patrono,
2540 2653 2911 2732 competere
2958 2653 3177 2732 potest
3224 2669 3299 2713 ac
3349 2652 3551 2735 solet,
3597 2652 3711 2717 sed

674 2753 939 2817 minime
1004 2753 1257 2835 obstat,
1322 2753 1668 2839 quominus
1722 2754 1834 2837 jus
1898 2750 2265 2816 collationis
2328 2750 2585 2835 proprie
2635 2750 2882 2814 dictum
2930 2752 3066 2816 sive
3121 2753 3487 2833 „institutio
3538 2757 3715 2823 tituli

674 2853 1017 2919 collativa”
1051 2855 1204 2917 solis
1238 2854 1681 2941 superioribus
1714 2853 2169 2919 ecclesiasticis
2203 2861 2592 2919 reservetur.
2617 2855 2673 2938 4⁶)
2719 2855 3024 2940 Denique
3057 2859 3578 2941 praenotandum
3611 2863 3718 2927 hic

675 2957 934 3023 videtur
996 2958 1329 3023 decretum
1391 2959 1762 3023 Innocentii
1810 2979 2017 3045 papae
2065 2958 2205 3040 III,
2257 2959 2366 3043 qui
2416 2957 2786 3042 generalem
2835 2958 3135 3024 adhibuit
3173 2962 3343 3045 juris
3390 2965 3717 3050 regulam,

676 3062 875 3127 etiam
921 3062 992 3126 in
1040 3062 1450 3126 conferendis
1496 3062 1832 3127 beneficiis
1879 3063 2200 3127 inferioris
2247 3062 2718 3146 negligentiam
2767 3063 3053 3149 suppleri
3103 3086 3142 3129 a
3189 3067 3543 3151 superiore.
3578 3071 3633 3153 5)

900 3166 1103 3232 Hisce
1150 3166 1662 3252 praesuppositis
1708 3166 1898 3230 facile
1947 3167 2310 3251 colligitur,
2363 3166 2701 3231 Summum
2749 3166 3138 3232 Pontificem
3174 3174 3248 3232 ut
3289 3169 3721 3257 „Episcopum

664 3268 1173 3356 -episcoporum''
1245 3291 1331 3333 ex
1400 3270 1812 3355 plenitudine
1879 3271 2303 3355 Apostolicae
2375 3273 2720 3357 potestatis
2787 3271 3030 3337 habere
3070 3275 3182 3358 jus
3229 3276 3606 3341 conferendi
3651 3278 3723 3341 in

682 3371 988 3437 universa
1032 3371 1324 3437 Ecclesia
1371 3374 1703 3459 quaelibet
1750 3374 2068 3439 beneficia
2100 3395 2380 3461 eumque
2414 3376 2818 3461 saepissime,
2869 3378 3127 3463 quoties
3159 3378 3282 3443 sibi
3318 3387 3723 3467 opportunae

680 3477 966 3541 rationes
1037 3475 1423 3560 suaderent,
1499 3478 1874 3563 hujusmodi
1945 3499 2062 3542 suo
2125 3480 2278 3563 jure
2348 3480 2546 3545 fuisse
2617 3501 2826 3545 usum.
2930 3480 3238 3546 Jamvero
3311 3505 3477 3549 saec.
3549 3486 3724 3550 XIII

684 3581 1065 3667 Apostolica
1126 3581 1330 3647 Sedes
1391 3588 1541 3669 post
1600 3584 1979 3647 acerrimam
2042 3589 2109 3648 et
2173 3583 2548 3648 diuturnam
2613 3604 2759 3648 cum
2817 3584 3166 3651 Frederico
3215 3586 3285 3651 H
3330 3588 3723 3674 imperatore

684 3685 1169 3751 dimicationem
1217 3707 1368 3751 aere
1417 3687 1630 3752 alieno
1677 3708 2074 3773 magnopere
2123 3695 2262 3752 erat
2309 3695 2596 3773 gravata.
2662 3688 2979 3772 Proinde,
3030 3697 3104 3753 ut
3144 3693 3462 3775 angustiis
3495 3693 3728 3757 aerarii

686 3792 926 3879 proprii
959 3789 1435 3877 quodammodo
1470 3799 1864 3872 occurreret,
1900 3813 2275 3877 supremum
2293 3793 2405 3877 jus
2437 3813 2625 3856 suum
2660 3793 2834 3878 quod
2870 3792 2951 3857 ad
2984 3795 3304 3859 beneficia
3335 3797 3730 3862 conferenda

684 3895 807 3960 sibi
868 3893 1200 3960 vindicare
1256 3895 1492 3981 coepit.
1526 3897 1579 3978 6)
1675 3895 1862 3970 Quod
1914 3900 2134 3960 tamen
2181 3896 2369 3960 initio
2417 3898 2678 3961 nonnisi
2724 3918 2842 3982 per
2889 3898 3154 3962 modum
3205 3901 3612 3986 exceptionis
3662 3907 3731 3966 et

685 3999 756 4064 in
800 3999 1058 4063 casibus
1106 3998 1606 4084 particularibus
1653 3999 1885 4064 fecisse
1932 3999 2210 4064 videtur.
2293 4000 2538 4082 Immo,
2587 4008 2661 4065 ut
2709 4001 2933 4066 stricte
2979 4003 3354 4087 loquamur,
3406 4024 3536 4068 non
3594 4010 3728 4069 tam
3749 4021 3939 4071 Summi
3976 4020 4144 4069 Ponti-

691 4124 878 4168 suum
925 4103 1289 4168 collationis
1327 4104 1439 4187 jus
1487 4103 1849 4188 applicare,
1899 4123 2093 4188 quam
2138 4105 2359 4189 potius
2406 4105 2668 4192 aliquod
2718 4106 3108 4170 beneficium
3157 4113 3536 4173 vacaturum
3572 4130 3727 4174 suae
3748 4087 4088 4139 fi⁰⁰⁸⁸⁸⁰ffiX¹

680 4208 1020 4273 -collationi
1068 4228 1434 4290 reservare,
1487 4207 1568 4271 de
1617 4207 1847 4271 eodem
1899 4206 2152 4271 cuidam
2202 4229 2520 4293 personae
2550 4208 2927 4295 praebendo
2961 4209 3342 4275 mandatum
3376 4212 3458 4275 ad
3495 4233 3732 4277 execu-
3750 4155 4143 4275 bexggogznaeftgud

694 4319 866 4377 tores
911 4312 1017 4376 vel
1064 4311 1146 4375 ad
1196 4312 1538 4376 collatores
1572 4311 1932 4375 ordinarios
1963 4312 2262 4394 mittere,
2320 4313 2600 4397 „gratias
2633 4313 3160 4399 exspectativas”
3194 4314 3415 4399 largiri
3448 4317 3732 4380 Romani
3868 4298 4045 4341 rentes.

694 4416 1047 4481 Pontifices
1096 4423 1251 4480 tunc
1298 4415 1616 4481 solebant.
1692 4416 1799 4480 Sic
1846 4417 1916 4480 in
1963 4415 2254 4480 Bullario
2302 4422 2524 4480 nostro
2558 4415 2891 4480 Honorius
2932 4438 3104 4504 papa
3133 4417 3241 4482 ΙΙΙ
3272 4420 3734 4484 executoribus

698 4520 1036 4585 mandasse
1083 4520 1355 4605 legitur,
1410 4525 1486 4583 ut
1533 4520 1611 4584 G.
1661 4520 1934 4606 pauperi
1981 4519 2379 4584 subdiacono
2428 4519 2509 4584 de
2555 4519 2931 4604 praebenda
2976 4522 3039 4584 in
3080 4522 3356 4585 ecclesia
3389 4522 3454 4587 S.
3488 4523 3734 4588 Mariae

698 4625 1102 4709 Trajectensi
1171 4623 1497 4710 provideri
1566 4623 1857 4688 facerent
1925 4626 2130 4707 (num.
2187 4625 2320 4707 79).
2416 4623 2619 4707 Cujus
2690 4624 2917 4709 utique
2988 4624 3402 4709 praebendae
3473 4626 3735 4691 collatio

700 4728 918 4815 Papae
963 4729 1087 4792 hac
1134 4728 1276 4792 vice
1324 4728 1682 4813 competiit.
1776 4727 1880 4791 Ex
1929 4733 2176 4791 statuto
2224 4728 2435 4808 enim,
2494 4726 2666 4812 quod
2715 4726 2785 4791 a0
2839 4730 3007 4792 1179
3059 4727 3422 4793 Concilium
3471 4730 3743 4794 Latera-

688 4852 901 4896 -nense
962 4832 1068 4897 III
1128 4831 1452 4913 condidit,
1524 4836 1668 4894 tuto
1735 4829 2146 4895 concluditur
2208 4831 2629 4914 donationem
2695 4830 2994 4896 beneficii
3060 4831 3233 4896 ultra
3297 4854 3541 4897 annum
3602 4835 3742 4919 jam

701 4936 991 5000 vacantis
1038 4934 1121 4999 ad
1167 4936 1533 5000 Romanam
1565 4933 1786 4999 sedem
1822 4933 2098 4999 devolvi.
2124 4934 2178 5017 ⁷)
2240 4935 2594 5018 Gregorius
2625 4955 2796 5021 papa
2825 4935 2928 5000 IX
2961 4935 3403 5000 Willibrando
3436 4938 3740 5024 episcopo

868 5286 926 5350 1)
963 5286 1112 5337 Decr.
1146 5285 1377 5337 secunda
1416 5285 1545 5343 Rars
1581 5282 1637 5335 C.
1671 5284 1811 5334 xvl.
1849 5284 1908 5345 Q.
1946 5283 2060 5335 VII.
2096 5300 2245 5348 capp.
2279 5283 2505 5348 10—113
2555 5284 2760 5336 Decret.
2796 5284 2951 5351 Greg.
2985 5284 3099 5337 Lib.
3136 5284 3231 5336 111.
3266 5284 3366 5336 Tit.
3401 5284 3516 5337 VII.
3552 5301 3664 5351 cap.
3698 5284 3748 5338 3.

872 5367 927 5432 2)
962 5368 1165 5417 Decret.
1204 5366 1354 5431 Greg.
1389 5366 1500 5416 Lib.
1539 5365 1580 5416 Ι.
1613 5364 1714 5415 Tit.
1751 5364 1839 5415 VI.
1874 5380 1987 5430 cap.
2020 5364 2111 5429 31;
2148 5365 2260 5416 Lib.
2299 5366 2395 5415 III.
2429 5365 2533 5416 Tit.
2568 5365 2711 5415 VIII.
2746 5381 2858 5430 cap.
2893 5365 2942 5417 2.

872 5448 928 5513 3)
964 5449 1015 5500 S.
1053 5448 1243 5498 Muller
1278 5449 1388 5497 Bet
1421 5445 1727 5497 Becklsboek
1759 5463 1857 5496 van
1890 5448 1984 5496 den
2017 5448 2145 5496 Dom
2178 5462 2278 5495 van
2324 5447 2530 5496 Utrecht
2565 5447 2633 5497 ΙΙ.
2669 5446 2733 5495 11⁰
2765 5446 2846 5496 21.

873 5529 929 5593 4)
965 5528 1068 5580 Cfr.
1106 5527 1527 5579 Kirchenkoeikon
1560 5527 1592 5577 i.
1630 5543 1678 5576 v.
1720 5527 1972 5577 Collatinas
2006 5532 2060 5578 et
2100 5527 2530 5578 Collationerecht.

874 5610 930 5675 5)
968 5611 1171 5660 Decret.
1210 5609 1360 5675 Greg.
1395 5607 1507 5659 Lib.
1543 5608 1585 5658 Ι.
1619 5607 1720 5659 Tit.
1755 5608 1820 5658 X.
1857 5623 1966 5673 cap.
2003 5607 2052 5658 3.
2384 5608 2441 5669 6)
2477 5608 2580 5657 Csr.
2617 5606 2788 5672 Konig
2823 5606 2919 5657 Die
2943 5606 3235 5673 pdpstliche
3269 5606 3506 5657 Kammer
3540 5606 3588 5658 1.

876 5689 931 5755 7)
967 5690 1071 5741 Csr.
1109 5688 1570 5753 Hercle-Knopsser
1610 5688 2136 5753 Concilienyeschichte
2170 5687 2231 5739 V.
2267 5686 2391 5751 7133
2427 5686 2629 5738 Decret.
2666 5686 2819 5753 Greg.
2854 5687 2965 5739 Lib.
3001 5688 3095 5738 111.
3131 5687 3231 5738 Tit.
3269 5686 3414 5738 VIII.
3448 5702 3561 5751 cap.
3594 5686 3643 5738 2.
