4450 6684
898 513 1030 577 244
2143 507 2548 574 Gnnoonms
2591 506 2716 573 XI.

844 809 851 815 ,
895 730 1304 816 singulorum
1363 734 1832 816 perpetuorum
1893 727 2385 815 capellanorum
2448 725 3005 792 instituendorum
3065 726 3137 790 in
3182 726 3342 813 ipsis
3388 713 3654 791 realiter
3700 725 3964 809 dotent,

912 841 984 902 et
1029 835 1159 900 alia
1201 835 1379 900 bona
1421 835 1796 922 penitencia
1840 834 2110 899 salutari
2157 854 2234 898 ac
2274 834 2449 915 aliis,
2496 853 2625 920 que
2656 832 2740 899 de
2763 834 2917 918 jure
2948 831 3194 897 fuerint
3222 831 3662 918 injungenda,
3710 832 3966 898 demum

903 962 1052 1008 cum
1115 940 1365 1007 eisdem
1420 941 1711 1007 Henrico
1757 946 1828 1006 et
1871 939 2194 1025 Helwigi‚
2241 946 2317 1003 ut
2361 937 2833 1026 impedimento
2851 987 2870 1021 ,
2917 936 3093 1025 quod
3140 958 3228 1003 ex
3273 937 3651 1024 hujusmodi
3695 959 3964 1004 consan-

907 1050 1236 1136 guinitate
1298 1049 1603 1137 provenit
1621 1097 1638 1131 ,
1702 1068 1836 1113 non
1898 1048 2205 1113 obstante
2267 1044 2534 1110 insimul
2587 1046 3076 1110 matrimonium
3120 1043 3206 1110 de
3252 1065 3423 1110 novo
3470 1046 3859 1111 contrahere
3901 1051 3967 1110 et

902 1155 974 1220 in
1041 1175 1156 1237 eo,
1218 1160 1567 1242 postquam
1612 1159 2021 1219 contractum
2068 1152 2298 1234 fuerit,
2343 1150 2524 1216 licite
2568 1171 2908 1216 remanere
2954 1150 3221 1215 valeant
3236 1199 3255 1233 ,
3299 1149 3532 1215 eadem
3578 1151 3964 1215 auctoritate

904 1259 1275 1348 dispenses,
1322 1261 1575 1347 prolem
1622 1265 1992 1345 susceptam
2023 1263 2094 1324 et
2124 1255 2608 1344 suscipiendam
2638 1277 2726 1322 ex
2757 1254 3134 1342 hujusmodi
3163 1255 3580 1320 matrimonio
3611 1254 3965 1340 legitimam

904 1365 1343 1432 decernendo.
1393 1366 1549 1432 Dat.
1596 1365 1966 1448 Avinione,
2014 1364 2084 1430 11
2131 1363 2233 1429 Id.
2280 1363 2481 1445 Julii,
2529 1383 2702 1428 anno
2748 1364 2972 1428 tercio.

1323 1500 1450 1562 1205.
1484 1500 1582 1548 Ac.
1625 1500 1681 1549 T.
1716 1499 1807 1562 19,
1831 1501 1891 1563 s.
1927 1498 2044 1548 21⁴.

1056 1624 1117 1690 1)
1152 1623 1321 1688 Cujus
1355 1625 1506 1676 sedes
1540 1629 1673 1676 tunc
1708 1625 1943 1676 vacabat.
2142 1623 2201 1686 2)
2235 1622 2343 1675 Cfr.
2377 1636 2541 1687 supra
2575 1636 2726 1674 num.
2761 1620 2910 1673 m.

904 2092 1094 2161 2147.
1786 2091 2002 2173 1373,
2047 2090 2226 2156 Julii
2272 2093 2392 2173 26,
2439 2111 2546 2176 ap.
2608 2090 3096 2156 Villamnooam.

1226 2247 1509 2313 Henrico
1573 2244 1874 2330 (Braem)
1937 2244 2151 2310 abbati
2210 2245 2579 2309 monasterii
2630 2242 3205 2328 Middelburqensis
3249 2240 3690 2306 Praemonstr.
3735 2239 3973 2306 ordinis

1135 2357 1547 2441 indulyetur,
1619 2354 1789 2439 quod
1856 2374 1898 2417 a
1968 2372 2357 2438 quocumque
2424 2351 2725 2415 maluerit
2788 2349 3116 2414 Catholico
3177 2349 3527 2429 antististe,
3584 2348 3870 2433 qratiam
3920 2354 3976 2411 et

1139 2464 1626 2528 communionem
1670 2460 1835 2524 sedis
1881 2459 2263 2544 apostolicae
2309 2456 2601 2539 habente,
2647 2476 2879 2520 munus
2924 2454 3359 2520 benedictionis
3403 2455 3679 2539 recipere
3720 2454 3947 2518 valeat.

1134 2646 1300 2712 Cum
1347 2666 1467 2710 nos
1514 2643 1794 2733 pridem.
1818 2689 1836 2707 .
1869 2692 1885 2708 .
1914 2691 1930 2707 .
1978 2642 2132 2707 Dat.
2182 2641 2360 2729 apud
2403 2640 2891 2731 Villamnoyam
2929 2645 3073 2719 etc„
3120 2635 3257 2701 VII
3291 2635 3402 2702 Kl.
3444 2635 3765 2720 Augusti,
3812 2655 3978 2700 anno

913 2752 1131 2819 tertio.

1338 2840 1464 2901 Rey.
1499 2839 1598 2888 Ao.
1643 2839 1698 2886 T.
1731 2835 1822 2895 16.
1849 2839 1911 2901 s.
1945 2834 2061 2886 323.

914 3307 1111 3376 2148.
1774 3306 1999 3389 1373,
2046 3305 2333 3389 Anqusti
2376 3305 2420 3368 3
2442 3352 2459 3386 ,
2503 3323 2611 3388 ap.
2673 3301 3161 3366 Villamnovani.

1245 3459 1383 3524 Pro
1430 3458 1650 3523 abbate
1694 3466 1753 3523 et
1798 3464 2101 3522 conventu
2145 3451 2526 3521 monasterii
2559 3453 3015 3540 Eqmondensis
3060 3451 3473 3537 infrascripti
3516 3449 3605 3515 ad
3652 3450 3988 3515 triennium

1154 3567 1549 3651 deputantur
1593 3570 2071 3629 conservatores.

1167 3744 1445 3810 Dilectis
1506 3743 1657 3809 filiis
1717 3741 2291 3808 Vliederbacensis
2352 3746 2423 3805 et
2483 3788 2499 3804 .
2528 3787 2543 3803 .
2609 3739 2817 3804 sancti
2875 3735 3217 3803 Michaelis
3270 3734 3792 3822 Antwerpiensis
3835 3734 3999 3799 Leo·

949 3851 1194 3917 diensis
1231 3857 1302 3916 et
1334 3849 1825 3917 Cameracensis
1865 3848 2220 3914 diocesium
2259 3846 2802 3912 monasteriorum
2843 3843 3191 3909 abbatibus
3230 3863 3306 3907 ac
3346 3889 3363 3907 .
3382 3886 3402 3907 .
3441 3840 3691 3906 decano
3728 3839 3999 3906 ecclesie

940 3959 1150 4024 sancti
1199 3951 1467 4023 Martini
1513 3954 1901 4021 Leodiensis
1947 3954 2224 4018 salutem
2272 3960 2382 4017 etc.

1162 4061 1478 4127 Militanti
1550 4059 1844 4125 ecclesie.
1872 4106 1888 4123 .
1916 4107 1934 4122 .
1962 4107 1977 4122 .
2051 4057 2199 4125 Dat.
2266 4056 2441 4144 apud
2500 4056 2985 4122 Villamnovam
3027 4053 3495 4121 Avinionensis
3541 4051 3819 4118 diocesis
3838 4100 3857 4134 ,
3902 4049 4006 4115 ΠΙ

944 4167 1120 4236 Non.
1170 4166 1497 4253 Augusti,
1544 4165 1964 4253 pontificatus
2011 4164 2218 4228 nostri
2265 4183 2440 4229 anno
2487 4162 2704 4228 tertio.

1353 4301 1474 4364 Ray.
1508 4302 1603 4351 Ao.
1649 4302 1705 4350 T.
1738 4298 1829 4363 16,
1855 4300 1918 4363 s.
1952 4297 2091 4350 249⁶.

930 4718 1130 4787 2149.
1788 4719 2006 4800 1373,
2052 4718 2341 4803 Anqusti
2383 4718 2464 4797 4,
2511 4736 2618 4800 ap.
2680 4713 3166 4779 Villamnovam.

1265 4869 1504 4935 Jacobo
1575 4868 1811 4934 Braem
1881 4870 2214 4952 confertur
2269 4867 2673 4953 parochialis
2719 4867 2971 4931 ecclesia
3015 4864 3092 4928 de
3135 4864 3474 4929 Akersloet
3499 4864 3587 4947 1),
3636 4883 3829 4948 quani
3872 4881 4010 4927 cum

1171 4975 1462 5040 Gerardo
1525 4975 1603 5040 de
1661 4974 1922 5040 Vischer
1970 4995 2100 5060 pro
2149 4972 2523 5059 parochiali
2576 4973 2832 5037 ecclesia
2885 4971 2962 5035 de
3006 4969 3420 5055 Bodeyraven
3450 4967 3714 5054 putavit
3758 4987 4010 5053 permu-

1112 5117 1117 5124 ·
1171 5082 1453 5146 tundam.
1502 5117 1585 5130 —
1631 5078 2048 5167 Deputantur
2093 5086 2463 5144 executores.

1173 5262 1559 5349 Apostolice
1609 5262 1804 5328 sedis.
1832 5308 1849 5327 .
1874 5308 1893 5327 .
1919 5309 1937 5327 .
1991 5261 2147 5339 Dat.
2196 5258 2372 5346 apud
2417 5257 2902 5324 villamnovam
2947 5262 3090 5339 etc„
3136 5255 3208 5321 Π
3250 5254 3423 5321 Non.
3470 5253 3795 5340 Augusti,
3842 5272 4012 5318 anno

938 5369 1159 5435 tertio.

1360 5458 1489 5520 περ.
1523 5457 1620 5506 Α».
1667 5456 1722 5507 r.
1754 5455 1847 5518 18,
1872 5456 1935 5519 s.
1969 5453 2110 5504 259⁰.

1093 5567 1154 5631 1)
1186 5568 1488 5634 Akersloot,
1525 5569 1674 5619 vicus
1705 5568 1763 5618 in
1800 5566 2084 5618 Hellandia
2117 5562 2558 5628 septemtrionali.
