4450 6684
722 541 767 590 1.
2004 521 2494 588 Inraonucrro.

723 759 893 825 quae
954 736 1230 825 proinde
1291 757 1529 803 novam
1592 743 1661 803 et
1722 758 2097 824 expressam
2160 735 2447 803 intendit
2507 736 2804 816 veniam,
2866 735 3041 800 bona
3102 735 3241 799 sive
3304 732 3574 798 mobilia
3638 733 3792 798 sive·

721 842 1118 925 immobilia,
1181 841 1378 906 etiam
1439 861 1559 927 per
1621 841 1963 907 ecclesiam
2025 841 2378 928 acquisita,
2445 840 2717 904 cuilibet
2777 837 3047 904 haeredi
3111 839 3180 903 in
3245 837 3388 924 pios
3447 845 3516 902 et
3560 836 3777 901 licitos

725 967 883 1011 usus
929 946 1216 1031 legandi.
1284 943 1630 1020 Quoddam
1679 952 1901 1010 tamen
1948 946 2182 1010 veniae
2230 943 2649 1009 moderamen
2697 942 2941 1008 addere
2988 942 3290 1008 solebant
3335 941 3778 1005 instrumenta

726 1050 1094 1136 pontificia:
1159 1049 1409 1114 scilicet
1455 1054 1530 1114 ut
1577 1049 1690 1135 qui
1738 1054 2207 1114 testamentum
2255 1049 2499 1112 faceret
2545 1047 2876 1134 praelatus
2923 1046 3260 1111 liberalem
3309 1065 3379 1109 se
3428 1044 3780 1109 exhiberet

727 1175 883 1239 erga
930 1154 1273 1235 ecclesias,
1323 1175 1363 1218 a
1409 1153 1646 1239 quibus
1694 1153 1851 1218 talia
1897 1153 2071 1221 bona
2118 1151 2539 1239 percepisset.

403 1258 637 1338 Yisitatio
952 1258 1041 1324 K.
1148 1257 1426 1322 Visitare
1486 1261 1826 1342 quotannis
1888 1277 2073 1320 suam
2136 1256 2486 1320 dioecesim
2551 1275 2906 1341 omnesque
2973 1260 3043 1320 et
3088 1254 3379 1340 singulos
3426 1252 3494 1317 in
3543 1249 3774 1316 eadem

366 1326 669 1393 ⁰P¹⁸001>⁸1¹⁸·
725 1361 904 1425 locos
973 1381 1189 1426 sacros
1259 1381 1392 1426 non
1456 1365 1834 1446 exemptos,
1898 1366 2001 1424 est
2063 1359 2346 1424 officium
2409 1359 2714 1446 episcopo
2766 1361 2919 1443 jure
2980 1356 3324 1424 Oanonum
3370 1356 3776 1442 impositum.

726 1464 850 1530 Cui
919 1471 1139 1530 tamen
1210 1463 1531 1551 quaedam
1601 1464 2049 1529 moderamina
2116 1469 2273 1528 sunt
2334 1461 2668 1542 addenda,
2733 1462 3013 1527 scilicet:
3078 1483 3138 1525 α.
3188 1459 3421 1547 quodsi
3485 1458 3776 1523 visitatio

727 1569 1001 1654 singulis
1049 1569 1238 1634 annis
1284 1568 1427 1633 fieri
1476 1575 1790 1654 nequeat,
1844 1573 2001 1632 tunc
2049 1567 2345 1654 quolibet
2392 1567 2623 1631 saltem
2673 1566 2938 1629 biennio
2985 1566 3400 1647 instituatur3
3450 1562 3505 1627 b.
3542 1561 3776 1648 quodsi

727 1674 1104 1759 episcopuS,
1170 1692 1253 1737 ne
1313 1672 1454 1757 ipse
1517 1671 1768 1755 visitet,
1837 1672 2131 1757 legitime
2176 1672 2374 1736 fuerit
2418 1670 2808 1756 impeditus,
2856 1668 3132 1734 idoneus
3180 1669 3477 1733 visitator
3523 1665 3606 1731 ad
3653 1665 3782 1729 hoc

731 1776 1012 1841 officium
1078 1774 1450 1862 deputetur.
1492 1776 1551 1860 1)’
1632 1775 1958 1862 Episcopo
2023 1782 2246 1840 autem
2302 1776 2593 1840 visitanti
2651 1781 2863 1838 certas
2910 1773 3435 1860 procurationes,
3485 1792 3524 1835 a
3570 1789 3781 1835 sacer-

728 1879 992 1944 dotibus
1059 1885 1126 1945 et
1174 1880 1464 1944 ecclesiis
1512 1879 1794 1943 visitatis
1844 1878 2253 1960 tribuendas,
2304 1880 2641 1965 assignant
2687 1878 3011 1944 Canones.
3103 1874 3502 1962 Hujusmodi
3552 1892 3784 1961 procu-

727 1983 1015 2048 rationes
1063 1984 1274 2048 solum
1323 1984 1390 2046 in
1438 1983 1834 2048 victualibus
1882 1983 2022 2047 fieri
2071 1985 2433 2070 antiquitus
2478 1983 2754 2064 licebat,
2805 1982 2920 2046 sed
2966 1981 3295 2047 interdum
3343 1981 3411 2044 in
3460 1998 3781 2043 summam

724 2088 1043 2175 pecuniae
1115 2109 1467 2153 conversae
1538 2093 1726 2169 sunt,
1798 2108 1966 2174 quae
2037 2089 2235 2152 etiam
2298 2108 2428 2151 non
2492 2088 2910 2152 visitantibus
2958 2091 3099 2150 erat
3149 2082 3602 2173 persolvenda.
3697 2080 3776 2144 Id

726 2198 950 2256 tamen
1013 2192 1282 2257 abusive
1345 2192 1628 2273 factum,
1692 2192 2034 2277 nullasque
2080 2193 2573 2279 procurationes
2620 2193 2688 2256 in
2737 2199 3080 2255 numerata
3125 2190 3409 2277 pecunia
3456 2187 3780 2274 episcopis

724 2296 987 2377 deberi,
1036 2297 1160 2360 nisi
1210 2317 1295 2360 ex
1344 2296 1607 2381 speciali
1657 2296 1874 2381 aliquo
1913 2297 2065 2380 jure
2114 2297 2194 2360 ab
2246 2296 2599 2382 episcopali
2647 2294 2958 2359 distincto
3010 2296 3103 2360 eis
3152 2298 3595 2379 competeret,
3642 2311 3780 2355 non

725 2401 1000 2465 obscure
1049 2399 1241 2465 docet
1287 2399 1597 2464 Nicolaus
1646 2421 1816 2486 papa
1863 2400 1961 2464 IV
2009 2400 2080 2464 a0
2134 2402 2326 2466 1289.
2361 2402 2415 2483 2)
2477 2399 2770 2485 Idipsum
2810 2401 2948 2485 jam
2984 2405 3183 2464 antea
3216 2397 3650 2462 Innocentius
3681 2394 3780 2459 IV

726 2511 793 2569 et
860 2505 1213 2589 Gregorius
1277 2505 1345 2568 X
1407 2524 1616 2589 papae
1681 2525 1875 2589 quam
1922 2505 2302 2589 gravissime
2349 2504 2789 2568 inhibuerant.
2885 2504 3134 2569 Verum
3182 2501 3562 2567 Bonifacius
3608 2521 3779 2587 papa

726 2609 897 2673 VIII
968 2610 1062 2672 ita
1134 2610 1400 2672 statuit:
1471 2614 1549 2672 ut
1618 2608 1962 2673 volentibus
2030 2612 2302 2673 visitatis
2376 2609 2686 2695 epicopus
2747 2609 3022 2673 visitans
3085 2612 3308 2695 posset
3368 2607 3438 2671 in
3500 2605 3782 2692 pecunia

730 2718 1074 2778 numerata
1122 2713 1413 2798 recipere
1462 2714 1970 2799 procurationes.
2006 2713 2061 2796 3)

956 2816 1167 2901 Super
1227 2815 1352 2880 hoc
1410 2816 1804 2880 visitationis
1853 2822 1921 2880 et
1967 2817 2503 2902 procurationum
2551 2816 2761 2881 officio
2811 2816 2940 2881 duo
2989 2817 3277 2902 episcopi
3325 2817 3781 2901 Trajectenses

730 2919 1285 3006 dispensationem
1334 2921 1636 3007 papalem
1684 2920 2149 3005 impetrarunt:
2199 2942 2303 2984 an.
2360 2923 2523 2986 1291
2577 2921 2918 2986 Johannes
2964 2920 3047 2985 de
3097 2920 3329 3007 Syrick
3377 2922 3584 3005 (num.
3621 2919 3778 2999 402)

730 3031 797 3089 et
845 3045 949 3088 an.
1006 3026 1176 3089 1359
1225 3023 1565 3088 Johannes
1615 3023 1695 3088 de
1743 3023 1948 3088 Arkel
1996 3024 2200 3107 (num.
2249 3026 2467 3108 1617).
2541 3025 2830 3098 Quorum
2862 3024 3268 3090 indultorum
3302 3025 3495 3089 cardo
3533 3022 3780 3108 duplex

726 3127 886 3192 mihi
935 3148 1077 3192 esse
1127 3127 1413 3193 videtur:
1468 3133 1599 3191 tam
1648 3133 1723 3192 ut
1769 3128 2112 3214 episcopus
2162 3150 2279 3213 per
2324 3129 2522 3192 alium
2572 3128 2835 3193 visitare
2877 3129 3157 3211 sinatur,
3206 3150 3398 3215 quam
3442 3135 3517 3192 ut
3559 3127 3780 3192 visita-

729 3232 907 3296 tione
942 3233 1078 3297 sive
1112 3253 1229 3319 per
1262 3234 1547 3318 seipsum
1581 3233 1717 3296 sive
1749 3253 1865 3317 per
1898 3232 2098 3295 alium
2132 3231 2459 3313 absoluta,
2497 3233 2989 3318 procurationes
3023 3233 3091 3296 in
3125 3234 3404 3319 pecunia
3434 3236 3779 3296 numerata

726 3336 1015 3421 recipere
1065 3336 1299 3401 valeat.
1396 3336 1600 3401 Porro
1647 3336 1986 3401 «Iohannes
2035 3335 2116 3400 de
2166 3335 2408 3416 Arkel,
2458 3335 2934 3401 Constitutioni
2981 3336 3304 3401 Bonifacii
3351 3356 3561 3421 papae
3607 3333 3778 3397 VIII

726 3440 1031 3519 innixus,
1095 3440 1444 3504 volentibus
1506 3442 1775 3503 visitatis
1837 3440 2327 3525 procurationes
2382 3441 2451 3504 in
2497 3442 2779 3526 pecunia
2824 3450 3166 3506 numerata
3212 3442 3502 3526 recipere
3549 3439 3777 3525 utique

728 3550 1011 3630 poterat.
1108 3543 1238 3608 Sed
1289 3549 1444 3607 tunc
1494 3544 1870 3629 episcopum
1924 3544 2003 3607 de
2042 3545 2195 3628 jure
2245 3566 2362 3608 suo
2412 3544 2720 3608 visitandi
2767 3545 2951 3609 litem
2999 3546 3347 3632 praecipue
3398 3566 3545 3609 cum
3594 3545 3781 3631 quin-

730 3670 858 3734 que
935 3648 1237 3734 capitulis
1306 3648 1838 3732 Trajecteusibus
1910 3649 2171 3735 saepius
2243 3649 2523 3713 movisse
2592 3650 2911 3714 novimus.
2939 3653 2994 3733 4)
3084 3650 3372 3715 Proinde
3435 3670 3539 3714 au.
3609 3651 3775 3713 1359

730 3751 1058 3816 indultum
1127 3752 1360 3838 papale
1424 3751 1705 3816 antistiti
1758 3758 1981 3816 nostro
2032 3751 2257 3815 datum
2305 3773 2382 3816 eo
2432 3755 2814 3838 praesertim
2859 3754 3232 3819 inserviisse
3280 3753 3437 3818 mihi
3489 3751 3772 3834 videtur,

728 3862 805 3920 ut
860 3857 999 3941 jam
1046 3855 1220 3919 facta
1266 3856 1635 3920 communia
1669 3857 1839 3940 juris
1887 3854 2332 3921 moderamina
2381 3857 2578 3921 etiam
2628 3858 3145 3923 extenderentur
3191 3858 3362 3944 quod
3418 3856 3499 3923 ad
3548 3863 3776 3923 contu-

730 3981 946 4024 maces
995 3965 1192 4046 atque
1242 3959 1547 4045 episcopo
1596 3959 1890 4024 visitanti
1938 3960 2043 4024 vel
2091 3961 2234 4045 ejus
2275 3962 2449 4025 vices
2490 3962 2746 4046 gerenti
2785 3983 3014 4027 revera
3046 3962 3433 4047 prodessent
3464 3961 3773 4026 adversus

727 4064 1079 4149 cujuslibet
1127 4063 1732 4128 contradictionem.

954 4166 1499 4254 Quandoquidem
1548 4165 2006 4231 archidiacono
2056 4187 2318 4253 quoque
2366 4169 2499 4232 suis
2539 4170 2606 4231 in
2638 4169 2934 4254 partibus
2967 4176 3350 4258 competunt
3383 4170 3774 4236 visitationis

728 4272 1009 4337 officium
1059 4277 1127 4336 et
1172 4272 1403 4336 intime
1452 4292 1598 4335 cum
1645 4271 1770 4335 hoc
1819 4291 2190 4334 connexum
2232 4273 2343 4356 jus
2390 4274 2960 4357 procurationum,
3008 4274 3316 4338 Nicolaus
3364 4273 3446 4339 de
3495 4274 3773 4360 Caputio

726 4396 830 4439 an.
888 4376 1092 4459 1361,
1141 4397 1288 4440 cum
1337 4373 1562 4439 sedem
1608 4375 2098 4458 Trajectensem
2137 4374 2396 4459 jamdiu
2436 4376 2867 4461 resignasset,
2911 4383 3242 4464 tamquam
3282 4376 3774 4442 archidiaconus

724 4479 1220 4543 Daventriensis
1268 4479 1478 4543 simile
1525 4478 1937 4565 privilegium
1985 4477 2067 4541 ad
2117 4478 2661 4564 quinquennuum
2710 4479 2834 4544 sibi
2884 4480 3170 4545 obtinuit
3216 4482 3420 4565 (num.
3478 4482 3695 4563 1669).

1511 4686 1547 4769 ἓ
1594 4688 1655 4749 4.
1750 4685 1859 4750 De
1906 4684 2328 4751 beneficiis
2376 4687 2980 4752 ecclesiasticis.

948 4891 1141 4956 Hanc
1198 4890 1278 4955 ad
1329 4892 1668 4955 materiam
1716 4896 2084 4955 nostrorum
2133 4891 2561 4977 diplomatum
2609 4916 2884 4980 magnus
2934 4916 3093 4961 sane
3141 4901 3397 4981 spectat
3444 4914 3772 4960 numerus.

725 4995 795 5060 Si
859 4995 1259 5061 accuratiore
1330 4996 1578 5059 calculo
1642 4993 1915 5060 definire
1980 5016 2112 5059 non
2170 4995 2424 5080 taedet,
2487 4997 2846 5084 diplomata
2894 5000 3153 5064 saeculo
3202 5000 3368 5065 XIV
3418 5001 3801 5083 anteriora,.

885 5403 941 5463 1)
977 5404 1186 5456 Decreti
1223 5403 1274 5454 11
1310 5404 1439 5455 Pars
1474 5403 1645 5455 Causa
1680 5404 1746 5455 X.
1781 5404 1881 5463 Qu.
1916 5403 1958 5455 1.
1992 5419 2149 5456 canu.
2183 5404 2400 5457 10—11.

885 5484 941 5549 2)
978 5485 1058 5535 Ita
1095 5485 1348 5550 Ducange
1386 5485 1704 5537 Glossarium
1738 5486 1774 5537 i.
1810 5501 1856 5535 v.
1892 5488 2217 5550 procuratio,
2262 5487 2401 5550 quod
2437 5487 2633 5538 dicitur
2667 5503 2721 5540 a:
2755 5480 3056 5555 ‘procurare
3087 5507 3157 5541 =
3191 5494 3430 5558 excipere
3462 5494 3689 5559 hospitio
3721 5498 3776 5544 et

721 5565 979 5617 convivio.
1309 5567 1364 5626 3)
1402 5565 1548 5616 Sexti
1585 5566 1791 5617 Decret.
1826 5566 1941 5618 Lib.
1978 5565 2075 5616 111.
2110 5565 2210 5616 Tit.
2245 5566 2414 5618 XVII.
2452 5583 2560 5633 cap.
2598 5568 2749 5622 1-3,

888 5644 945 5710 4)
981 5644 1085 5698 Cfr.
1122 5644 1251 5695 Moll
1287 5646 1759 5711 Kerkqescloiedenis
1793 5646 1861 5699 11.
1898 5659 1935 5698 1.
1970 5646 2094 5711 149;
2131 5648 2193 5698 dc
2222 5646 2505 5699 Katholiek
2537 5651 2592 5700 αθ
2624 5650 2783 5717 1895,
2819 5651 3005 5706 CVIII.
3040 5653 3074 5705 Β
3106 5669 3219 5720 seq.
