4450 6684
1852 565 2167 631 (lm-:Mnus
2231 564 2349 629 VI.
3592 561 3633 624 3

567 797 788 857 autem
857 791 1028 856 circa
1094 790 1412 877 premissa
1478 789 1744 871 feceris,
1815 788 2007 853 nobis
2070 787 2432 853 rescribere
2497 806 2851 872 quesumus
2915 806 3047 849 non
3113 785 3399 849 omittas.
3473 783 3627 848 Dat.

567 897 932 980 Avinione,
980 896 1052 961 ΙΙ
1095 896 1268 961 Non.
1317 895 1516 977 Julii,
1566 915 1738 959 anno
1788 901 2004 958 sexto.

988 1032 1111 1094 Rey.
1161 1032 1279 1081 Pac.
1323 1033 1377 1079 T.
1411 1029 1533 1092 141,
1573 1047 1683 1093 cap.
1718 1026 1834 1078 139.

726 1176 782 1241 1)
819 1176 927 1227 Hoc
964 1177 1043 1226 vel
1080 1177 1254 1226 simile
1290 1176 1508 1226 verbum
1546 1177 1802 1226 omissum
1839 1190 1953 1225 esse
1988 1175 2211 1225 videtur.
2302 1219 2306 1222 .

567 1740 761 1808 1223.
1587 1744 1796 1825 1347,
1845 1741 2022 1806 ,Iulii
2066 1743 2185 1823 12,
2236 1742 2601 1804 AvenioniS.

885 1896 1043 1961 Cum
1089 1896 1355 1961 Hellino
1400 1897 1477 1961 de
1526 1896 1794 1961 Steland
1838 1899 2152 1981 armiyero
2199 1905 2260 1960 et
2305 1896 2529 1959 Maria
2575 1905 2732 1960 nata
2778 1896 3054 1961 Walter-i
3095 1895 3637 1960 Serwautermans

791 2003 1198 2088 dispensatur
1241 2025 1434 2088 super
1480 2004 1915 2087 impedimento
1961 2003 2311 2085 affinitatis
2360 2004 2428 2066 in
2475 2011 2706 2087 quarto
2749 2002 2984 2087 yradu.

791 2183 1051 2249 Dilecto
1097 2184 1232 2248 filio
1280 2183 1551 2250 Hellino
1601 2185 1683 2250 de
1734 2184 2005 2250 Steland
2055 2188 2377 2272 armigero
2429 2193 2495 2252 et
2544 2187 2782 2252 dilecte
2829 2189 2899 2252 in
2947 2187 3206 2253 Christo
3245 2188 3377 2252 filie
3413 2184 3622 2250 Marie

570 2296 723 2355 nate
771 2290 992 2355 dilecti
1039 2289 1156 2353 filii
1202 2290 1485 2356 Walteri
1528 2290 2089 2356 Serwautermans
2121 2293 2382 2358 mulieri
2415 2293 2857 2378 Trajectensis
2890 2293 3166 2358 diocesis
3208 2294 3487 2357 salutem
3520 2299 3629 2355 etc.

794 2396 1075 2462 Romani
1121 2398 1449 2485 pontificis
1497 2398 1861 2484 precellens
1911 2399 2296 2481 auctoritas,
2347 2421 2542 2485 quam
2589 2400 2731 2485 ipse
2780 2420 3193 2486 nequaquam
3242 2400 3323 2464 ab
3364 2398 3632 2463 homine

571 2501 827 2567 obtinet
888 2502 1003 2567 sed
1069 2525 1109 2567 a
1167 2504 1344 2585 Dec,
1410 2524 1836 2589 personarum
1897 2511 1965 2568 et
2012 2510 2382 2590 temporum
2432 2506 2750 2591 qualitate
2798 2512 3109 2592 pensata,
3161 2525 3631 2591 nonnunquam

572 2629 901 2674 sacrorum
947 2610 1228 2696 rigorem
1277 2630 1635 2693 canonum,
1684 2612 2030 2696 presertim
2065 2612 2237 2676 circa
2268 2633 2613 2697 personas,
2657 2634 2784 2698 que
2816 2613 3150 2677 nobilibus
3182 2618 3413 2677 exorte
3448 2617 3634 2675 nata·

569 2716 742 2781 libus
789 2738 864 2781 ac
910 2716 1053 2781 Deo
1103 2724 1171 2783 et
1218 2718 1358 2783 sedi
1406 2719 1762 2804 apostolice
1811 2719 1942 2782 sint
1991 2718 2265 2801 devote,
2316 2724 2512 2804 prout
2560 2720 2874 2806 expedire
2922 2722 3276 2806 conspicit,
3327 2740 3630 2784 mansue·

572 2823 799 2889 tudine
849 2832 1247 2912 temperans,
1300 2826 1394 2890 eis
1440 2826 1771 2891 interdum
1813 2825 1988 2911 quod
2021 2826 2331 2912 prohibet
2354 2827 2526 2910 juris
2559 2829 2875 2892 severitas
2909 2827 2990 2891 de
3024 2848 3140 2890 sue
3173 2825 3632 2890 munificencia

572 2930 892 3015 largitatis
939 2931 1260 3016 indulget.
1328 2932 1501 2997 Sane
1549 2954 1760 3019 nuper
1807 2932 2104 2997 exhibite
2154 2932 2345 2997 nobis
2391 2955 2509 3018 pro
2558 2940 2744 3020 parte
2795 2939 3013 2997 vestra
3043 2931 3388 3018 peticionis
3422 2932 3624 2996 series

570 3037 985 3121 continebat,
1034 3038 1207 3125 quod
1256 3059 1372 3103 vos
1421 3038 1670 3104 dudum
1719 3040 1972 3104 nullum
2019 3039 2566 3125 impedimentum
2613 3041 2879 3126 penitus
2913 3046 3070 3104 tunc
3106 3040 3419 3123 scientes,
3471 3059 3632 3124 quo-

572 3143 784 3207 minus
854 3146 1420 3211 matrimonialiter
1492 3147 1784 3233 copulari
1845 3147 2168 3232 possetis,
2232 3147 2467 3211 bannis
2533 3168 2649 3232 per
2712 3147 3024 3211 dilectum
3084 3146 3291 3211 filium
3340 3193 3354 3209 .
3386 3195 3402 3210 .
3461 3147 3636 3211 vica-

571 3251 734 3315 rium
797 3299 813 3314 .
843 3300 860 3317 .
925 3252 1232 3317 ordinarii
1289 3253 1415 3317 loci
1465 3253 1533 3317 in
1582 3254 2030 3339 spiritualibus
2078 3255 2456 3339 generalem
2504 3253 2586 3317 de
2633 3254 2854 3338 gracia
2905 3253 3254 3334 relaxatis,
3303 3254 3637 3318 matrimo-

573 3359 750 3423 nium
797 3379 916 3445 per
963 3360 1162 3445 verba
1208 3360 1291 3426 de
1338 3362 1660 3448 presenti,
1709 3363 1972 3427 nemine
2027 3361 2669 3445 contradicente,in
2718 3362 2994 3426 ecclesia
3038 3362 3320 3425 invicem
3368 3361 3631 3448 publice

571 3467 988 3530 contraxistis
1033 3466 1359 3555 illudque,
1411 3468 1655 3532 carnali
1703 3468 2122 3554 postmodum
2167 3469 2341 3532 inter
2373 3489 2488 3532 vos
2521 3469 2757 3553 copula
2789 3468 3171 3551 subsecuta,
3218 3468 3436 3553 plures
3471 3469 3628 3532 anni

570 3572 774 3658 elapsi
821 3580 1004 3658 sunt,
1053 3575 1582 3659 consummastis3
1630 3596 1939 3662 processu
1986 3596 2142 3640 vero
2192 3576 2506 3662 temporis
2554 3581 2654 3640 est
2696 3581 3130 3661 compertum,
3176 3575 3350 3662 quod
3392 3582 3501 3658 tu,
3537 3576 3634 3639 fili

569 3678 875 3763 Helline,
943 3687 1096 3746 ante
1164 3682 1541 3767 hujusmodi
1617 3682 2107 3747 matrimonium
2179 3682 2271 3746 sic
2343 3687 2751 3747 contractum
2821 3683 3170 3746 carnaliter
3227 3703 3629 3768 cognoveras

568 3785 897 3871 quandam
958 3789 1300 3854 mulierem
1363 3811 1536 3855 nunc
1599 3790 2013 3871 defunctam,
2074 3789 2238 3871 tibi,
2286 3788 2421 3853 filia
2466 3789 2701 3871 Maria,
2753 3795 2984 3875 quarto
3036 3790 3627 3874 consanguinitatis
3746 3842 3751 3847 .

568 3892 805 3978 gradu,
853 3895 1009 3960 dum
1055 3897 1341 3979 viveret,
1388 3903 1584 3983 prout
1630 3898 1962 3980 asseritur,
2010 3897 2440 3978 attinentem,
2491 3901 2757 3983 propter
2803 3894 2978 3981 quod
3023 3943 3037 3959 .
3070 3943 3084 3958 .
3128 3895 3417 3959 officialis
3450 3897 3629 3960 curie

567 4021 642 4064 ac
690 4047 706 4063 .
735 4049 751 4064 .
801 4000 1242 4068 archidiaconi
1291 4005 1763 4087 Trajectensis,
1813 4005 1896 4068 ad
1944 4004 2148 4090 ipsius
2198 4003 2510 4067 noticiam
2556 3999 2933 4085 hujusmodi
2972 4000 3441 4087 impedimento
3485 4002 3631 4086 per-'-

568 4107 798 4190 ducto,
860 4112 1319 4195 pronunciavit
1364 4111 1848 4176 matrimonium
1897 4110 2278 4195 hujusmodi
2331 4110 2468 4174 fore
2518 4109 2791 4173 nullum.
2888 4107 3055 4173 Cum
3104 4114 3360 4189 autem,
3433 4114 3632 4194 prout

565 4215 707 4301 ipsa
750 4216 992 4302 peticio
1039 4219 1512 4303 subjungebat,
1561 4238 1648 4282 ex
1695 4217 2117 4304 separacione
2164 4222 2387 4281 vestra
2423 4214 2800 4300 hujusmodi
2832 4214 3183 4279 homicidia
3215 4222 3284 4279 et
3316 4214 3628 4279 scandala

563 4323 850 4388 maxima
897 4324 1154 4410 aliaque
1174 4325 1409 4421 ‚multa
1455 4324 1747 4410 pericula
1774 4326 1949 4388 inter
1985 4322 2665 4407 vestrum'cujuslibet
2697 4323 3218 4408 consanguineos
3251 4328 3319 4387 et
3352 4324 3630 4404 amicos,

567 4427 650 4490 ob
696 4429 1034 4494 ambarum
1080 4432 1371 4517 parcium
1420 4451 1722 4516 magnam
1772 4430 2182 4516 potenciam,
2235 4428 2390 4493 oriri
2433 4430 2658 4514 procul
2710 4427 2909 4493 dubio
2959 4429 3336 4509 timeantur,
3387 4435 3491 4511 tu,
3537 4429 3631 4492 fili

566 4532 871 4620 Helline,
920 4539 1257 4602 consultus
1304 4539 1674 4603 Romanam
1722 4538 1967 4601 curiam
2019 4535 2102 4600 de
2149 4535 2526 4621 longinquis
2573 4534 2871 4620 partibus
2918 4556 3052 4599 non
3099 4535 3346 4621 absque
3385 4557 3624 4623 magno

568 4642 665 4705 tui
733 4644 1021 4729 corporis
1088 4646 1377 4732 periculo
1440 4645 1721 4710 visitasti
1769 4644 2091 4729 nobisque
2142 4649 2277 4706 tam
2327 4648 2441 4707 tuo
2489 4663 2683 4729 quam
2733 4642 2939 4706 eciam
2988 4648 3140 4723 tuo,
3190 4642 3326 4706 filia
3371 4641 3615 4724 Maria,

568 4750 831 4815 nomine
893 4753 1342 4839 supplicastis,
1407 4759 1483 4817 ut
1543 4751 1886 4838 providere
1953 4751 2140 4815 vobis
2188 4771 2385 4835 super
2430 4749 2553 4814 hoc
2601 4747 2684 4813 de
2733 4754 3054 4834 oportune
3109 4748 3630 4834 dispensacionis

570 4855 887 4923 beneficio
935 4860 1439 4925 misericorditer
1487 4857 1925 4945 dignaremur.
1984 4857 2121 4922 Nos
2168 4857 2390 4941 igitur,
2441 4857 2552 4942 qui
2599 4857 2877 4921 salutem
2926 4860 2993 4919 et
3025 4875 3253 4941 pacem
3284 4856 3619 4941 querimus

566 4964 969 5049 singulorum
1033 4971 1101 5030 et
1148 4966 1434 5030 libenter
1480 4966 1733 5030 cunctis
1782 4963 2028 5030 Christi
2074 4961 2384 5026 fidelibus
2433 4967 2501 5026 et
2546 4962 2891 5047 presertim
2941 4960 3303 5025 nobilitatis
3351 4981 3628 5045 genero-

565 5070 757 5135 sitate
803 5071 1202 5158 conspicuis,
1241 5072 1614 5158 jurgiorum
1659 5069 2004 5136 matheriis
2051 5069 2409 5155 amputatis
2458 5068 2900 5154 quorumlibet
2932 5072 2999 5132 et
3031 5067 3334 5154 precisis,
3384 5067 3630 5153 quietis

567 5182 635 5240 et
676 5177 855 5262 pacis
902 5179 1243 5243 commoda
1286 5197 1740 5265 procuramus,
1789 5175 2171 5260 hujusmodi
2220 5173 2570 5256 scandalis,
2619 5173 2986 5238 homicidiis
3033 5179 3231 5260 atque
3272 5173 3611 5259 periculis,

564 5290 878 5369 quantum
926 5307 1074 5351 cum
1119 5286 1263 5352 Deo
1311 5306 1694 5372 possumus,
1744 5284 2009 5348 obviare
2058 5282 2409 5347 salubriter
2453 5280 2906 5363 intendentes,
2957 5282 3197 5345 vestris
3243 5279 3620 5365 hujusmodi

567 5392 1156 5478 supplicacionibus
1211 5393 1548 5475 inclinati,
1606 5391 1780 5477 quod
1829 5390 2161 5477 premissis
2209 5409 2622 5475 nequaquam
2672 5388 3087 5453 obstantibus
3134 5388 3619 5454 matrimonium

566 5496 734 5564 inter
793 5521 912 5564 vos
960 5500 1042 5564 de
1090 5521 1259 5565 novo
1308 5500 1701 5565 contrahere
1752 5519 1827 5563 ac
1875 5499 1944 5561 in
1992 5517 2069 5561 eo
2095 5544 2111 5577 ,
2155 5502 2506 5582 postquam
2553 5500 2959 5559 contractum
3006 5495 3235 5577 fuerit,
3283 5514 3621 5559 remanere

565 5604 739 5671 licite
766 5672 775 5679 ,
802 5606 1113 5689 valeatis,
1162 5607 1498 5671 vobiscum
1546 5604 1941 5670 auctoritate
1990 5602 2353 5689 apostolica
2400 5601 2482 5667 de
2529 5601 2829 5687 specialis
2877 5601 3048 5665 dono
3098 5601 3313 5686 gracie
3361 5598 3628 5686 dispen-

572 5730 819 5796 samus,
882 5713 1132 5799 prolem
1196 5711 1676 5797 suscipiendam
1739 5731 1825 5775 ex
1883 5708 2259 5793 huJusmodi
2307 5708 2720 5772 matrimonio
2767 5708 3125 5793 legitimam
3175 5706 3626 5771 decernentes.
