4450 6684
821 498 907 562 36
2122 490 2442 556 Caunus
2482 492 2603 556 VI.

822 725 939 783 tua
998 717 1251 805 prefato
1314 715 1710 781 monasterio
1776 712 2224 799 Egmundensi
2288 711 2371 777 de
2436 712 2757 778 dictorum
2818 712 3095 779 fratrum
3163 714 3433 780 consilio
3486 713 3882 780 auctoritate

825 824 1185 912 apostolica
1244 821 1663 910 providemus
1728 827 1928 908 teque
1991 819 2086 884 illi
2152 818 2524 906 preficimus
2569 820 2640 884 in
2687 820 2993 885 abbatem
3018 868 3037 902 ,
3096 841 3318 887 curam
3367 827 3436 887 et
3486 821 3898 887 administra-

824 933 1081 997 cionem
1127 930 1335 1017 ipsius
1381 927 1762 994 monasterii
1815 926 1934 992 tibi
1983 933 2118 991 tam
2165 927 2236 990 in
2280 926 2727 1012 spiritualibus
2759 948 2954 1014 quam
2988 928 3059 992 in
3091 929 3566 1015 temporalibus
3599 927 3892 1014 plenarie

823 1034 1291 1105 committendo
1314 1084 1330 1117 ,
1396 1034 1469 1098 in
1531 1033 1680 1116 illo,
1747 1034 1859 1120 qui
1924 1032 2039 1097 dat
2101 1031 2352 1117 gracias
2416 1040 2485 1097 et
2545 1032 2822 1119 largitur
2869 1034 3156 1119 premia,
3216 1033 3663 1117 confidentes,
3717 1032 3892 1121 quod

825 1146 1153 1230 dirigente
1220 1142 1507 1206 Domino
1578 1147 1763 1205 actus
1835 1145 1986 1205 tuos
2050 1139 2382 1225 prefatum
2444 1140 2914 1204 monasterium
2979 1142 3101 1206 sub
3168 1147 3282 1207 tuo
3350 1141 3527 1207 felici
3573 1141 3891 1227 regimine

822 1259 1095 1338 regetur
1140 1250 1392 1314 utiliter
1439 1253 1506 1313 et
1551 1267 1864 1334 prospere
1915 1246 2236 1331 dirigetur
2283 1267 2358 1311 ac
2405 1246 2475 1312 in
2524 1246 2771 1312 eisdem
2820 1247 3270 1334 spiritualibus
3316 1255 3384 1313 et
3417 1247 3887 1335 temporalibus

823 1358 1091 1425 honoris
1161 1362 1229 1422 et
1276 1355 1600 1421 commodi
1649 1354 2039 1440 multiplicia
2087 1353 2401 1439 suscipiet
2448 1354 2873 1419 incrementa.
2972 1354 3292 1430 Quocirca
3341 1353 3731 1422 discrecioni
3777 1361 3892 1419 tue

824 1488 942 1555 per
1004 1463 1364 1552 apostolica
1428 1462 1672 1548 scripta
1719 1460 2146 1544 mandamus,
2211 1461 2522 1546 quatinus
2571 1482 2737 1526 onus
2783 1462 3118 1547 regiminis
3169 1461 3463 1548 ejusdem
3511 1459 3893 1527 monasterii

824 1570 1308 1660 Egmundensis
1356 1574 1593 1654 pronta
1640 1568 1790 1651 (sic)
1839 1566 2197 1633 devocione
2245 1567 2641 1653 suscipiens,
2690 1567 2759 1631 in
2808 1568 3198 1654 ampliandis
3245 1568 3608 1634 honoribus
3642 1573 3711 1632 et
3740 1585 3889 1652 pro·

824 1680 1105 1747 fectibus
1150 1674 1610 1764 promovendis
1657 1675 1864 1762 ipsius
1917 1675 2010 1738 sic
2060 1680 2127 1740 te
2175 1695 2402 1760 gerere
2443 1673 2709 1740 studeas
2742 1675 3030 1759 solicite,
3078 1676 3363 1743 fideliter
3395 1683 3463 1742 et
3495 1675 3889 1763 prudenter,

826 1787 1001 1876 quod
1049 1783 1518 1850 monasterium
1565 1781 1779 1867 ipsum
1824 1781 2246 1867 gubernatori
2277 1780 2551 1869 provido
2584 1788 2653 1846 et
2684 1781 3019 1847 fructuoso
3053 1783 3568 1849 administratori
3600 1781 3890 1869 gaudeat

827 1916 898 1961 se
945 1892 1391 1971 commissum,
1459 1894 1664 1974 tuque
1711 1893 1935 1973 preter
1982 1893 2209 1953 eterne
2256 1888 2716 1954 retribucionis
2764 1890 3084 1974 premium
3131 1896 3426 1956 nostram
3475 1896 3544 1956 et
3591 1887 3887 1974 ejusdem

824 2003 998 2071 sedis
1059 1997 1589 2064 benedictionem
1651 2002 1719 2060 et
1787 1997 2070 2081 graciam
2119 1995 2363 2062 exinde
2409 1996 2717 2083 prosequi
2764 1997 3032 2061 uberius
3081 1999 3411 2064 merearis.
3510 1999 3664 2063 Dat.
3712 1992 3889 2081 apud

822 2110 1306 2177 villamnovam
1352 2101 1820 2169 Avinionensis
1870 2103 2182 2183 diocesis,
2234 2102 2301 2166 X
2349 2101 2458 2167 Kl.
2506 2100 2789 2189 Aprilis,
2839 2124 3012 2169 anno
3061 2124 3256 2169 nono.

1045 2214 1133 2279 In
1180 2213 1440 2278 eundem
1485 2210 1737 2275 modum
1785 2210 2040 2275 dilectis
2088 2210 2239 2275 filiis
2271 2214 2623 2276 conventui
2656 2214 3035 2280 monasterii
3067 2211 3550 2297 Egmundensis
3584 2215 3885 2280 Romane

821 2324 1095 2395 ecclesie
1165 2320 1541 2387 immediate
1611 2319 1929 2405 subjecti,
2003 2321 2250 2386 ordinis
2324 2318 2533 2382 sancti
2610 2320 2993 2405 Benedicti,
3058 2324 3503 2408 Trajectensis
3571 2322 3848 2388 diocesis
3871 2370 3889 2404 ,

818 2436 1100 2502 salutem
1146 2439 1255 2495 ete.

1043 2537 1330 2603 Attente.
1376 2532 1814 2599 meditacione
1865 2540 1973 2599 ete.
2023 2554 2255 2619 usque.-
2303 2533 2614 2622 suscipiet
2658 2535 3085 2600 incrementa.
3145 2535 3470 2611 Quocirca
3501 2534 3886 2601 discrecioni

822 2654 937 2713 tue
984 2646 1137 2728 (sic)
1180 2663 1298 2730 per
1345 2639 1705 2726 apostolica
1753 2641 2000 2727 scripta
2043 2640 2461 2724 mandamus,
2512 2640 2819 2727 quatinus
2852 2641 3134 2707 eundem
3166 2642 3210 2707 J
3214 2643 3545 2708 ohannem
3577 2642 3885 2708 abbatem

827 2760 1142 2839 tanquam
1201 2756 1455 2836 patrem
1513 2753 1582 2812 et
1629 2752 1962 2833 pastorem
2015 2746 2379 2812 animarum
2425 2752 2787 2812 vestrarum
2836 2748 3075 2814 devote
3121 2749 3517 2836 recipientes
3567 2755 3637 2815 et
3682 2747 3888 2815 hono-

824 2859 1004 2925 rifice
1068 2859 1426 2922 tractantes
1488 2874 1563 2918 ac
1625 2852 1998 2918 exhibeatis
2061 2852 2277 2919 eidem
2342 2852 2792 2920 obedienciam
2858 2860 2927 2919 et
2980 2855 3425 2921 reverenciam
3478 2855 3770 2923 debitam
3817 2862 3885 2920 et

822 2965 1161 3045 devotam,
1211 2963 1353 3046 ejus
1401 2958 1689 3025 salubria
1735 2960 1985 3025 monita
2031 2965 2101 3024 et
2146 2960 2459 3025 mandata
2507 2961 2876 3048 suscipiatis
2926 2963 3197 3048 ylariter
3242 2965 3392 3047 (sic)
3437 2971 3507 3030 et
3539 2963 3888 3030 efficaciter

829 3071 1188 3157 adimplere
1257 3068 1522 3133 curetis.
1628 3066 1946 3154 Alioquin
2016 3068 2457 3150 sentenciam,
2537 3089 2732 3154 quam
2803 3068 2979 3133 idem
3050 3070 3251 3134 abbas
3319 3070 3446 3135 rite
3522 3071 3749 3137 tulerit
3821 3071 3891 3135 in

821 3177 1132 3259 rebelles,
1180 3180 1392 3241 ratam
1437 3174 1828 3241 habebimus
1876 3180 1945 3239 et
1991 3173 2305 3241 faciemus
2353 3179 2618 3240 auctore
2665 3173 2948 3241 Domino
2997 3196 3206 3262 usque
3246 3174 3330 3241 ad
3375 3177 3889 3243 satisfactionem

820 3283 1215 3369 condignam
1260 3281 1730 3347 inviolabiliter
1777 3281 2132 3348 observari.
2182 3283 2337 3348 Dat.
2384 3290 2459 3347 ut
2502 3303 2725 3368 supra.

1043 3388 1131 3454 In
1177 3411 1226 3453 e.
1274 3410 1356 3452 m.
1405 3387 1662 3453 dilectis
1710 3388 1860 3453 filiis
1915 3389 2241 3454 universis
2287 3389 2582 3454 vassallis
2628 3389 3010 3455 monasterii
3055 3388 3544 3475 Egmundensis
3586 3390 3887 3457 Romane

822 3496 1096 3563 ecclesie
1140 3494 1519 3561 immediate
1567 3494 1851 3581 subJecti
1876 3544 1893 3578 ,
1943 3496 2188 3561 ordinis
2237 3496 2447 3561 sancti
2494 3496 2876 3579 Benedicti,
2927 3497 3206 3562 salutem
3252 3504 3365 3562 etc.

1045 3601 1328 3668 Attenta
1390 3600 1827 3667 meditacione
1892 3610 2004 3667 etc.
2067 3624 2303 3688 usque.-
2365 3602 2677 3689 suscipiet
2738 3604 3163 3669 incrementa.
3259 3602 3582 3679 Quocirca
3629 3602 3886 3669 univer-

822 3710 1004 3775 sitati
1050 3716 1269 3775 vestre
1318 3730 1436 3796 per
1481 3708 1841 3794 apostolica
1888 3710 2134 3795 scripta
2179 3708 2603 3792 mandamus,
2651 3709 2960 3795 quatinus
3001 3708 3285 3775 eundem
3320 3710 3632 3776 abbatem
3663 3708 3891 3774 debita

822 3816 1330 3883 honorificencia
1388 3823 1862 3903 prosequentes
1884 3866 1900 3899 ,
1968 3816 2030 3881 ei
2088 3815 2474 3882 fidelitatem
2523 3816 2784 3880 solitam
2829 3836 3089 3882 necnon
3139 3823 3455 3883 consueta
3501 3815 3778 3882 servicia
3823 3821 3892 3880 et

814 3925 969 4010 jura
1030 3922 1155 3987 sibi
1218 3943 1259 3987 a
1318 3922 1504 3987 vobis
1553 3921 1777 3988 debita
1828 3922 2144 3988 exhibere
2191 3923 2451 4007 integre
2499 3921 2840 3987 studeatis.
2932 3923 3249 4010 Alioquin
3300 3922 3704 3989 sentenciam
3751 3921 3890 3987 sive

821 4049 1099 4115 penam,
1162 4049 1358 4115 quam
1423 4027 1636 4093 dictus
1704 4027 1910 4093 abbas
1971 4029 2096 4094 rite
2160 4029 2385 4093 tulerit
2431 4048 2550 4093 seu
2597 4029 2903 4093 statuerit
2949 4030 3018 4093 in
3063 4030 3389 4113 rebelles,
3438 4035 3647 4096 ratam
3693 4028 3896 4095 habe-

821 4134 1038 4200 bimus
1102 4142 1171 4201 et
1216 4135 1530 4200 faciemus
1578 4141 1844 4200 auctore
1894 4135 2176 4199 Domino
2225 4155 2433 4221 usque
2480 4134 2565 4200 ad
2613 4134 3122 4201 satisfactionem
3172 4135 3564 4222 condignam
3618 4135 3894 4201 inviola-

828 4243 1050 4308 biliter
1096 4243 1446 4308 observari.
1499 4243 1651 4307 Dat.
1707 4249 1775 4306 ut
1819 4262 2039 4326 supra.

1246 4377 1364 4439 Rey.
1403 4378 1500 4425 Αυ.
1544 4378 1596 4424 Τ.
1632 4374 1723 4435 57,
1748 4378 1807 4439 s.
1845 4374 1958 4425 556.

829 4841 1286 4909 1385—1386.
1674 4845 1846 4908 1351
1872 4893 1888 4926 ,
1936 4843 2339 4928 Martii‘28,
2388 4866 2493 4930 ap.
2558 4844 3043 4910 Villamnovam.

1141 4994 1224 5059 A.
1302 4994 1692 5061 Ghiselberto
1753 4997 1917 5062 dieto
1978 4997 2243 5062 Uustinc
2288 5000 2508 5063 clerico
2564 4998 2744 5080 Traj.
2793 5000 2980 5064 dioec.
3029 5000 3477 5081 conferendum
3526 5004 3889 5063 reservatur

1053 5100 1411 5182 beneficium
1471 5110 1757 5187 spectans
1820 5104 1906 5167 ad
1965 5105 2319 5191 capitulum
2380 5104 2834 5170 Daventriense
2894 5112 2953 5169 et
2997 5126 3136 5169 cum
3182 5126 3340 5170 cura
3385 5107 3473 5169 25
3490 5153 3507 5188 ,
3553 5107 3688 5169 sine
3735 5125 3894 5168 cura

1052 5229 1194 5272 vero
1256 5210 1346 5272 18
1406 5230 1768 5273 marcarum
1832 5214 2083 5296 arqenti
2141 5211 2416 5275 valorem
2479 5231 2763 5275 annuum
2808 5233 2933 5277 non
2979 5212 3290 5278 excedem.
3343 5250 3427 5260 —
3479 5212 3892 5297 Deputantur

1049 5322 1416 5380 executores.
1500 5402 1508 5408 ¹
3289 5378 3295 5383 .
3886 5380 3892 5384 .

1139 5422 1219 5485 Β.
1289 5421 1667 5486 Hermanno
1707 5422 1783 5486 de
1822 5423 2038 5507 Delph
2079 5424 2300 5487 clerico
2349 5422 2530 5507 Traj.
2572 5425 2761 5490 dioec.
2802 5425 3246 5507 conferendum
3288 5434 3647 5491 reservatur
3689 5429 3893 5492 simile

1051 5528 1408 5610 beneficium
1454 5537 1742 5614 spectans
1790 5529 1877 5593 ad
1921 5529 2385 5614 dispositionem
2434 5530 2705 5614 capituli
2749 5530 2803 5594 b.
2838 5530 3095 5596 Mariae
3134 5531 3315 5615 Traj.
3356 5570 3437 5580 ——
3474 5532 3894 5618 Deputantur

1050 5640 1416 5698 executore&
