4450 6684
932 496 1066 562 208
2176 495 2581 561 Guaonms
2637 495 2763 562 XI.

1151 715 1537 783 Venerabili
1584 715 1769 781 fratri
1817 715 2125 801 episcopo
2172 714 2546 800 Agathsnsi
2582 721 2650 781 et
2684 716 2941 781 dilectis
2971 716 3124 782 filiis
3154 717 3491 804 proposito
3528 717 3993 784 Arnhemensis

923 843 1001 889 ao
1047 822 1455 888 thesaurario
1501 820 2014 908 Zutphaniensis
2059 819 2507 906 'trajectensis
2555 819 2833 887 diocesis
2880 822 3306 888 ecelesiarum
3353 824 3635 889 salutem
3681 831 3793 889 etc.

1148 930 1306 996 Vite
1353 951 1431 995 ac
1476 949 1751 995 morum.
1777 975 1792 993 .
1821 975 1839 994 .
1867 974 1884 993 .
1934 927 2087 992 Dat.
2136 927 2507 1012 Asinium,
2555 928 2656 995 VI
2699 929 2811 996 Kl.
2859 930 3289 1014 Novembris,
3337 951 3514 996 anno
3560 932 3792 1017 primu.

1346 1065 1475 1129 Ray.
1509 1065 1607 1114 Am.
1650 1065 1708 1116 T.
1741 1063 1799 1122 9.
1825 1065 1888 1126 s.
1923 1062 2038 1115 289.

920 1550 1116 1619 ποθι.
1898 1552 2110 1634 1371,
2161 1551 2445 1617 Octobris
2490 1554 2608 1634 28,
2655 1553 3023 1617 Avenionis.

1236 1706 1695 1791 Infrascriptis
1742 1706 2115 1789 mandatur,
2162 1714 2237 1770 ut
2282 1706 2660 1772 Hermanno
2707 1707 2969 1773 Ellinch
3016 1708 3091 1772 de
3137 1708 3386 1773 Vreden
3424 1711 3645 1775 clerico
3678 1710 3993 1775 Monaste·

1145 1815 1373 1878 riensis
1441 1813 1630 1877 dioec.
1682 1813 2068 1898 provideant
2130 1812 2207 1876 de
2242 1815 2703 1898 praepositura
2751 1822 2811 1878 et
2858 1814 3384 1879 archidiaconatu
3431 1817 3716 1881 ecclesiae
3761 1816 3830 1881 S.
3877 1817 3993 1883 Jo-

1146 1918 1377 1983 hannis
1433 1917 1652 2000 Traj.‚
1702 1938 1826 2002 per
1872 1917 2107 1981 obitum
2154 1916 2429 1981 Henrici
2472 1917 2548 1981 de
2594 1919 2770 1984 Reno
2816 1919 3183 1984 vacantibus
3229 1928 3289 1984 et
3333 1941 3376 1984 a
3423 1919 3622 1985 Petro
3668 1920 3744 1985 de
3804 1921 3990 1986 Velde

1142 2028 1345 2111 ipsius
1391 2026 1677 2089 ecclesiae
1721 2026 2017 2089 canonico
2064 2027 2303 2106 injuste
2348 2029 2687 2110 occupatis.

1139 2206 1417 2271 Dilectis
1462 2204 1614 2269 filiis
1660 2251 1678 2269 .
1705 2253 1721 2269 .
1771 2202 2020 2269 decano
2068 2210 2294 2269 sancte
2341 2204 2548 2271 Maris
2596 2213 2664 2270 et
2711 2207 3004 2272 Gerardo
3052 2205 3136 2272 de
3184 2207 3302 2293 sijl
3348 2230 3422 2274 ao
3469 2209 3853 2276 Baldewino
3898 2210 3976 2276 ds

916 2313 1152 2379 Dalom
1200 2312 1530 2378 canonicis
1577 2311 1845 2395 majoris
1893 2310 2421 2395 Trajectensium
2469 2314 2893 2379 ecclesiarum
2943 2314 3225 2379 salutem
3273 2323 3384 2380 etc.

1146 2419 1303 2485 Vite
1352 2439 1427 2483 ac
1473 2438 1749 2482 morum.
1778 2464 1794 2480 .
1825 2464 1841 2480 .
1868 2463 1885 2480 .
1943 2416 2098 2481 Dat.
2149 2417 2518 2502 Avinione‚
2566 2420 2629 2484 V
2677 2420 2789 2484 Kl.
2836 2420 3267 2506 Novembris,
3319 2444 3492 2488 anno
3540 2423 3770 2510 primo.

1338 2553 1466 2617 Boo·
1499 2554 1597 2603 210.
1643 2554 1697 2603 r.
1732 2551 1822 2615 11,
1849 2553 1909 2616 s.
1947 2549 2062 2601 359.

922 3038 1130 3108 2032.
1868 3044 2084 3127 1371,
2133 3042 2504 3108 Novembris
2551 3046 2625 3125 9,
2671 3044 3038 3109 Avenionis.

1236 3194 1595 3279 (Arnoldo)
1641 3196 1925 3281 episcopo
1981 3196 2161 3280 Traj.
2213 3197 2590 3281 mandatur,
2641 3205 2715 3262 ut
2759 3218 2967 3263 omnes
3013 3206 3071 3263 et
3116 3199 3435 3283 sinyulos,
3483 3199 3600 3283 qui
3648 3196 3982 3262 Robertum

1147 3301 1463 3368 Basilicae
1493 3301 1839 3366 Duodecim
1870 3301 2327 3388 Apostolorum
2353 3303 2794 3389 presbyterum
2830 3305 3268 3388 Cardinalem,
3306 3312 3453 3369 tunc
3487 3303 3987 3368 Cameracensem

1142 3410 1529 3493 episcopum,
1577 3428 1717 3472 cum
1766 3410 2147 3474 visitationis
2191 3430 2388 3474 causa
2423 3431 2547 3495 per
2592 3432 2776 3474 suam
2820 3412 3112 3477 diocesim
3156 3413 3500 3476 transitum
3534 3409 3800 3492 faceret,
3854 3409 3994 3474 hos-

1144 3515 1342 3579 tiliter
1386 3517 1789 3598 invaserunt,
1837 3518 2251 3601 captivarunt
2297 3524 2355 3580 et
2401 3519 2921 3602 incarcerarunt‚
2971 3540 3207 3583 necnon
3253 3539 3495 3603 omnes,
3545 3520 3660 3603 qui
3702 3518 3792 3581 ad
3838 3517 3985 3581 haec

1126 3621 1570 3706 perpetranda
1626 3621 2032 3705 mandatum,
2081 3624 2400 3687 auxilium
2445 3643 2554 3686 seu
2598 3623 2884 3705 favorem
2919 3628 3424 3710 praestiterunt,
3471 3645 3673 3710 usque
3718 3623 3808 3688 ad
3850 3643 3991 3688 con-

1135 3727 1396 3811 diqnam
1454 3728 1953 3810 satisfactionem
2017 3729 2154 3814 ipso
2216 3728 2393 3810 facto
2439 3732 3034 3813 excommunicatos,
3102 3731 3387 3796 omnibus
3432 3729 3666 3813 officiis
3711 3737 3773 3795 et
3819 3729 3989 3794 bene-

1134 3832 1301 3916 ficiis
1354 3836 1682 3919 privatos,
1749 3843 1955 3900 terras
2017 3855 2265 3921 quoque
2328 3835 2660 3917 cujuslibet
2721 3840 3044 3920 ipsorum,
3111 3837 3263 3901 dum
3313 3845 3520 3901 tamen
3563 3837 3747 3901 ultra
3793 3857 3988 3900 unam

1136 3940 1456 4005 dioecesim
1517 3962 1644 4005 non
1705 3944 2102 4024 contineant,
2169 3941 2504 4005 interdicto
2549 3944 2913 4027 suppositas
2932 3992 2950 4025 ,
2998 3943 3214 4008 diebus
3262 3944 3591 4009 dominicis
3636 3951 3697 4009 et
3740 3943 3987 4026 festivis

1136 4045 1323 4128 infra
1367 4046 1721 4112 Missarum
1767 4050 2071 4112 solemnia
2115 4047 2364 4133 publice
2409 4051 2662 4113 nunciet
2711 4057 2770 4113 et
2814 4052 3118 4115 nunciari
3160 4050 3387 4133 faciat.

1139 4231 1524 4297 Venerabili
1569 4230 1755 4295 fratri
1803 4279 1820 4295 .
1849 4278 1865 4297 .
1917 4231 2222 4318 episcopo
2273 4231 2685 4315 Trajeotsnsi
2733 4232 3016 4297 salutem
3062 4240 3173 4297 etc.

1138 4338 1211 4403 Si
1258 4339 1403 4424 quis
1450 4339 1696 4424 culpas.
1727 4385 1745 4403 .
1772 4386 1789 4402 .
1818 4386 1834 4404 .
1888 4338 2208 4425 Quitquid
2259 4344 2483 4403 autem
2528 4337 2596 4401 in
2644 4338 2978 4424 premissis
3025 4338 3395 4424 peregeris,
3442 4337 3633 4402 nobis
3678 4356 3799 4422 per
3839 4340 3983 4399 tuas

912 4445 1168 4511 litteras
1230 4467 1430 4511 manu
1484 4445 1749 4532 publica
1794 4446 2128 4511 confectas
2178 4453 2428 4532 tuoque
2477 4444 2691 4530 sigillo
2742 4446 3058 4532 sigillatas
3107 4444 3519 4532 quamtocius
3562 4444 3807 4509 referre
3853 4462 3985 4507 non

913 4557 1292 4637 postponas.
1341 4551 1494 4616 Dat.
1542 4551 1911 4634 Avinione,
1962 4553 2024 4617 V
2073 4551 2171 4616 Id.
2221 4550 2650 4634 Novembris,
2698 4552 3120 4637 pontificatus
3169 4553 3379 4618 nostri
3429 4571 3602 4616 anno
3651 4551 3884 4637 primo.

1334 4687 1460 4749 Ray.
1506 4688 1606 4738 Δο.
1658 4688 1712 4737 Τ.
1756 4687 1814 4750 2,
1850 4688 1913 4751 f.
1959 4688 2072 4739 435.
2145 4689 2208 4738 ln
2257 4704 2299 4738 e.
2349 4702 2420 4738 m.
2465 4701 2528 4737 ac
2575 4688 2835 4753 episcopis
2868 4688 3221 4746 Tornacensi,
3266 4685 3664 4749 Cameracensi,
3706 4684 4000 4746 Leodiensi,

1266 4770 1606 4820 Atrebatensi
1640 4771 1868 4835 singulis
1903 4772 2139 4822 seorsim.

917 5259 1120 5329 2033.
1858 5260 2071 5343 1371,
2118 5259 2478 5324 Decembris
2523 5261 2642 5343 12,
2691 5260 3058 5323 Avenionis.

1235 5414 1373 5480 Pro
1429 5414 1649 5479 abbate
1694 5420 1755 5478 et
1799 5420 2101 5477 conventu
2148 5415 2519 5476 monasterii
2577 5412 2789 5477 Vallis
2835 5411 2904 5476 S.
2952 5410 3213 5476 Mariae
3259 5413 3326 5475 in
3374 5410 3596 5475 Frisia
3641 5410 3980 5475 Praemon-

1142 5524 1475 5587 stratensis
1536 5520 1781 5585 ordinis
1847 5519 2029 5603 Traj.
2089 5519 2280 5584 dioec.
2331 5519 2744 5606 infrascripti
2787 5520 2875 5583 ad
2923 5520 3269 5583 triennium
3314 5518 3708 5604 deputantur
3753 5538 3983 5584 conser-

1143 5637 1408 5694 vatores.
