4450 6684
870 470 1010 534 284
2114 470 2519 535 Gamomus
2581 471 2701 536 XI.

853 690 1066 758 2246.
1809 693 2025 774 1376,
2076 691 2421 756 Februarii
2466 692 2586 774 19,
2639 692 2998 756 Avenionis.

1183 842 1575 907 Gbiselberto
1607 842 1907 907 Houscilt
1938 843 2160 906 clerico
2201 841 2382 924 Traj.
2416 845 2640 927 dioec.,
2675 845 3008 910 Francisci
3039 851 3136 910 tit.
3171 847 3238 911 S.
3275 847 3547 911 Sabinae
3571 847 3933 933 presbyteri

1093 950 1462 1013 Cardinalis
1507 949 1834 1013 domestico
1852 997 1869 1030 ,
1919 957 2278 1013 reservatur
2318 949 2680 1033 beneficium
2711 953 3157 1034 conferendum
3187 953 3266 1017 ab
3297 953 3515 1017 abbate
3544 961 3603 1017 et
3633 961 3934 1017 conventu

1088 1057 1452 1119 monasterii
1515 1054 1570 1118 b.
1636 1053 1893 1117 Mariae
1955 1053 2531 1139 Middelburyensis
2593 1064 2652 1121 et
2711 1079 2850 1121 cum
2897 1079 3054 1122 cura
3102 1061 3225 1141 20,
3282 1061 3416 1122 sine
3460 1079 3615 1122 cura
3660 1079 3802 1123 vero
3848 1061 3938 1122 15

1086 1183 1449 1226 marcarum
1496 1165 1747 1247 arqenti
1790 1164 2067 1226 valorem
2113 1184 2399 1228 annuum
2446 1187 2572 1229 non
2617 1168 2925 1232 excedens.
2973 1205 3055 1216 —
3098 1167 3515 1254 Deputantur
3556 1176 3934 1250 executores,

1086 1272 1252 1333 inter
1299 1289 1454 1354 quos
1522 1268 1893 1333 Wilhelmus
1941 1268 2159 1334 Buzer
2205 1273 2542 1335 canonicus
2597 1272 2779 1357 Traj.

1087 1451 1246 1517 Vite
1290 1473 1365 1516 ac
1412 1472 1683 1516 morum.
1714 1500 1730 1515 .
1762 1500 1776 1515 .
1804 1497 1822 1516 .
1871 1452 2024 1517 Dat.
2084 1453 2443 1537 Avinione,
2492 1455 2631 1520 XII
2678 1455 2792 1520 Kl.
2841 1456 3090 1539 Martii,
3141 1478 3312 1522 anno
3361 1464 3572 1523 sexto.

1290 1586 1406 1648 Ray.
1441 1587 1539 1634 Ao.
1585 1588 1638 1635 Τ.
1673 1584 1765 1645 28,
1792 1588 1852 1649 s.
1888 1585 1994 1637 130.

858 2085 1054 2152 2247.
1881 2088 2089 2169 1376,
2137 2089 2374 2154 Martii
2418 2094 2493 2172 1,
2551 2093 2904 2156 Avenionis.

1174 2239 1630 2325 [infrascriptis
1691 2243 2058 2325 mandatur,
2124 2250 2196 2307 ut
2243 2244 2580 2308 Bernardo
2628 2243 2898 2308 Henrici
2941 2245 3016 2308 de
3069 2245 3416 2309 Daventria
3462 2246 3683 2309 clerico
3738 2244 3920 2326 Traj.

1087 2346 1313 2427 dioec.,
1382 2347 1567 2432 „qui‚
1633 2354 1707 2411 ut
1768 2349 2116 2431 asseritur,
2176 2370 2294 2435 per
2342 2351 2660 2416 nonnulla
2708 2358 3001 2438 tempora
3045 2372 3262 2415 coram
3311 2358 3490 2416 certo
3538 2350 3920 2416 Andrioone

1086 2475 1424 2518 causarum
1471 2455 1698 2541 palatii
1745 2457 2084 2541 apostolici
2131 2456 2434 2522 auditore
2482 2458 2777 2522 notarius
2823 2457 3028 2539 fuit,”
3075 2459 3408 2540 conferant
3453 2462 3887 2523 canonicatum
3910 2507 3927 2540 ,

1076 2560 1505 2644 praebendam
1568 2569 1627 2625 et
1674 2564 2174 2646 supplementum
2193 2613 2210 2646 ,
2272 2566 2336 2627 in
2383 2565 2636 2628 ecclesia
2683 2565 2750 2627 S.
2802 2564 3071 2629 Lebuini
3116 2564 3593 2629 Daventriensis
3637 2567 3933 2629 vacantia

1076 2687 1201 2749 per
1247 2665 1480 2729 obitum
1526 2667 1849 2732 Johanmzs
1911 2668 1973 2731 Υ
1969 2671 2280 2751 sselstein,
2330 2673 2563 2754 quippe
2609 2677 2723 2755 qui
2758 2692 2885 2755 pro
2935 2670 3033 2733 his
3081 2670 3387 2752 beneficiis
3428 2672 3930 2752 thesaurariam,

1088 2774 1527 2837 canonicatum
1590 2781 1650 2837 et
1699 2774 2129 2857 praebendam
2186 2776 2473 2839 ecclesiae
2519 2776 2573 2839 b.
2622 2776 2879 2840 Mariae
2932 2776 3113 2858 Traj.
3162 2797 3302 2840 oum
3352 2776 3641 2841 Gerardo
3703 2775 3930 2856 Witte,

1096 2878 1347 2943 licentia
1390 2900 1583 2963 saper
1632 2880 1744 2944 hoc
1789 2902 1829 2944 a
1874 2881 2014 2944 sede
2059 2883 2408 2967 apostolica
2455 2881 2737 2964 obtenta,
2784 2884 2936 2946 olim
2969 2886 3380 2967 permutavit.
3877 2886 3883 2889 ⁴

1088 3059 1364 3125 Dilectis
1429 3061 1579 3127 filiis
1640 3064 1972 3149 preposito
2048 3065 2522 3130 Amhemensis
2586 3066 3028 3151 Trajeotensis
3084 3065 3359 3131 diocesis
3407 3072 3476 3132 et
3523 3067 3929 3131 thesaurario

864 3166 1079 3229 sancti
1133 3166 1490 3231 Salvator-is
1537 3169 1978 3254 Trajectonsis
2025 3191 2100 3235 ao
2149 3172 2400 3236 cantori
2449 3171 2842 3237 Coronensis
2892 3172 3313 3237 ecclesiarum
3358 3174 3636 3237 salutem
3681 3179 3793 3236 etc.

1097 3271 1486 3339 Laudabilia
1530 3275 1896 3360 probitatis,
1926 3323 1941 3339 .
1972 3323 1987 3339 .
2018 3323 2035 3341 .
2085 3276 2238 3341 Dat.
2287 3277 2654 3360 Avinione,
2703 3278 2815 3342 Kl.
2863 3278 3122 3360 Martii,
3170 3299 3344 3344 anno
3392 3283 3604 3343 sexto.

1284 3406 1407 3469 Rey.
1456 3408 1620 3458 Vatia.
1664 3412 1719 3459 T.
1753 3408 1876 3473 290,
1902 3413 1963 3475 s.
1998 3410 2137 3462 3530.

862 3902 1071 3970 2248.
1891 3912 2107 3993 1376,
2156 3912 2392 3977 Martii
2435 3919 2508 3995 6,
2558 3915 2918 3980 AvenioniS.

1184 4056 1642 4144 Infrascriptis
1711 4063 2101 4147 mandatur,
2173 4074 2248 4130 ut
2315 4067 2624 4152 Adulpho
2694 4070 3011 4154 quondam
3083 4069 3354 4134 Henrici
3419 4069 3575 4134 dicti
3657 4067 3944 4132 Vridach

1092 4165 1314 4227 militis
1376 4173 1561 4248 nato,
1627 4167 1949 4233 ,Iohannis
2013 4172 2286 4255 episcopi
2351 4173 2713 4238 Sabinensis
2772 4176 3096 4257 familiari
3141 4185 3200 4241 et
3244 4179 3523 4258 notario,
3571 4174 3942 4256 confirment

1098 4274 1564 4356 canonicatum,
1601 4276 2033 4358 praebendam
2069 4286 2128 4341 et
2166 4282 2667 4365 supplementum
2698 4284 2984 4348 ecclesiae
3016 4284 3083 4348 S.
3117 4284 3476 4349 Salvatoris
3516 4283 3696 4367 Traj.
3713 4332 3729 4365 ,
3778 4302 3945 4368 quae

1080 4398 1205 4461 per
1266 4379 1499 4443 obitum
1568 4380 1950 4448 Ghiselberti
2008 4384 2084 4449 de
2152 4385 2543 4452 Brocchusen
2604 4393 2899 4454 vacantia
2943 4393 3154 4476 viyore
3192 4394 3444 4477 qratiae
3488 4392 3944 4475 exspectativae

1091 4503 1132 4546 a
1179 4483 1428 4548 domino
1474 4485 1669 4571 Papa
1714 4489 2088 4573 impetratae
2114 4491 2166 4573 1)
2213 4496 2574 4576 acceptavit.

1099 4663 1374 4728 Dilectis
1420 4666 1571 4730 filiis
1617 4669 1827 4733 sancti
1874 4670 2057 4734 Petri
2105 4673 2545 4757 Trajeotensis
2592 4683 2660 4740 et
2707 4679 2915 4743 sancti
2946 4679 3131 4744 Petri
3164 4679 3629 4746 Avinionensis
3662 4679 3931 4745 decanis

872 4774 949 4833 et
996 4769 1559 4857 archipresbytero
1607 4776 1815 4839 sancti
1864 4774 2190 4842 Desiderii
2235 4778 2706 4847 Avinionensis
2753 4785 3173 4849 ecclesiarum
3216 4787 3496 4852 salutem
3541 4796 3651 4852 etc.

1097 4875 1487 4943 Laudabilia
1531 4881 1897 4966 probitatis.
1928 4932 1942 4946 .
1973 4930 1988 4946 .
2018 4932 2032 4947 .
2082 4884 2234 4949 Dat.
2283 4885 2650 4972 Avinione,
2700 4891 2769 4954 Π
2815 4891 2986 4957 Non.
3036 4893 3299 4976 Marcii,
3348 4915 3520 4960 anno
3568 4898 3780 4960 sexto.

1290 5013 1416 5076 περ.
1464 5015 1626 5066 vatio.
1673 5018 1727 5066 T.
1763 5016 1886 5081 290,
1914 5020 1975 5082 s.
2010 5018 2146 5069 282v.

1022 5156 1080 5222 1)
1116 5157 1220 5210 Cfr.
1254 5174 1415 5224 supra
1451 5176 1600 5213 num.
1634 5161 1781 5215 1903.

4433 501 4434 514 ⁴
4419 79 4435 484 ᾈᾼᾼᾼ-
