4450 6684
894 490 1020 553 156
2194 486 2527 552 Unsnms
2570 486 2655 550 V.

886 721 1142 801 partes,
1206 719 1279 777 ut
1325 734 1543 776 coram
1590 733 1669 777 eo
1720 711 1822 777 vel
1871 710 2000 775 alio
2047 709 2205 774 dicti
2253 709 2482 795 palatii
2530 728 2868 773 causarum
2918 707 3256 789 auditore,
3302 708 3447 772 loco
3494 707 3595 770 sui
3642 706 3712 770 in
3759 727 3953 771 causa

885 817 1262 903 hujusmodi
1308 818 1580 882 forsitan
1626 816 2062 901 surrogando,
2110 816 2180 880 in
2227 815 2473 901 palatio
2522 815 2914 900 apostolico,
2961 820 3142 879 certo
3192 814 3469 879 termino
3509 813 3946 901 peremptorio

888 925 1291 1011 competenti
1357 930 1515 989 tunc
1578 944 1924 1011 expresso,
1990 943 2140 988 cum
2189 922 2492 986 omnibus
2539 923 2739 1004 actis,
2795 922 3056 1006 juribus
3104 928 3172 987 et
3216 922 3642 987 munimentis
3689 943 3947 987 causam

886 1030 1262 1115 hujusmodi
1310 1031 1845 1116 contingentibus
1893 1029 2327 1118 personaliter
2374 1035 2858 1114 comparerent,
2906 1030 3270 1114 processuri
3316 1031 3382 1094 in
3434 1051 3633 1096 causa
3675 1032 3816 1117 ipsa
3863 1029 3940 1093 ad

891 1141 1184 1222 singulos
1255 1147 1440 1206 actus
1510 1140 1914 1206 necessarios
1983 1160 2194 1225 usque
2263 1137 2346 1203 ad
2414 1138 2825 1202 diffinitivam
2890 1140 3293 1204 sentenciam
3343 1139 3695 1221 inclusive,
3760 1146 3950 1226 prout

890 1250 1208 1314 existeret
1255 1250 1546 1314 rationis.
1616 1247 1890 1312 Interim
1943 1267 2125 1328 vero,
2176 1267 2324 1311 cum
2373 1244 2588 1309 dictus
2633 1244 3010 1310 Bernardus
3059 1252 3216 1310 tunc
3263 1244 3524 1310 auditor
3560 1267 3631 1311 se
3663 1245 3746 1311 de
3779 1245 3950 1311 dicta

893 1356 1073 1420 curia
1141 1357 1585 1436 absentasset,
1661 1375 1780 1419 nos
1850 1375 2113 1418 causam
2176 1351 2552 1438 huJ‘usmodi
2616 1352 2857 1417 dilecto
2923 1353 3055 1416 filio
3118 1354 3431 1436 magistro
3493 1351 3830 1416 Guirando
3877 1350 3955 1416 de

894 1464 1272 1545 Posilluaco,
1321 1464 1654 1551 preposito
1687 1462 1960 1527 ecclesie
1992 1459 2516 1540 Ebredunensis,
2565 1460 2905 1544 capellano
2942 1466 3163 1524 nostro
3196 1465 3263 1525 et
3296 1459 3578 1524 auditori
3611 1481 3950 1525 causarum

890 1570 1119 1658 palatii
1167 1570 1472 1655 predicti,
1522 1567 1916 1633 audiendam
1963 1567 2404 1632 commisimus
2451 1574 2519 1629 et
2569 1565 2698 1631 fine
2741 1564 2963 1630 debito
3005 1565 3512 1647 terminandam,
3563 1588 3778 1631 coram
3823 1587 3947 1652 quo

892 1675 1106 1740 dictus
1154 1675 1457 1741 Andreas
1502 1676 1570 1739 in
1620 1675 1797 1739 dicto
1847 1675 2125 1739 termino
2172 1673 2244 1737 in
2280 1672 2533 1758 judicio
2582 1692 2966 1759 comparens
3009 1680 3077 1737 et
3115 1672 3198 1738 de
3232 1673 3544 1738 citatione
3576 1671 3946 1757 hujusmodi

894 1782 1109 1848 eidem
1182 1782 1523 1847 Guirando
1596 1781 1878 1847 auditori
1951 1780 2147 1844 fidem
2210 1780 2458 1845 faciens
2528 1801 2645 1865 per
2707 1780 3003 1864 legitima
3065 1779 3462 1844 documenta
3521 1779 3956 1866 predictorum

892 1890 1238 1954 citatorum
1283 1911 1415 1953 non
1457 1888 1973 1974 comparentium
2018 1888 2499 1952 contumaciam
2542 1889 2903 1969 accusavit,
2952 1885 3259 1971 idemque
3294 1884 3670 1952 Guirandus
3702 1885 3984 1982 auditor·

891 1996 971 2061 ad
1023 1997 1414 2061 instanciam
1465 1996 1623 2060 dicti
1671 1995 1938 2060 Andree
1986 1994 2274 2081 prefatos
2323 1995 2599 2059 militem
2649 1994 3046 2077 Gerardum,
3089 1995 3579 2075 Hermannum,
3618 1994 3957 2059 Nicolaum

893 2109 962 2168 et
1018 2102 1389 2167 Arnoldum
1434 2103 1636 2167 laicos
1684 2102 1765 2166 ad
1816 2101 2104 2167 dandum
2154 2107 2222 2165 et
2270 2101 2721 2188 recipiendum
2768 2101 3066 2167 libellum
3111 2103 3181 2166 in
3230 2120 3429 2166 causa
3473 2100 3850 2185 hujusmodi
3893 2103 3959 2166 in

891 2208 1235 2272 audiencia
1283 2208 1573 2294 publica,
1622 2215 1699 2274 ut
1745 2215 1846 2272 est
1893 2209 2128 2289 moris,
2178 2208 2364 2272 citari
2413 2208 2571 2272 fecit
2618 2206 2699 2271 ad
2749 2214 3000 2272 certum
3051 2209 3401 2273 terminum
3451 2208 3954 2293 peremptorium
4013 2273 4022 2280 ,

891 2322 1397 2401 competentem.
1461 2316 1541 2380 In
1593 2336 1720 2400 quo
1770 2315 1984 2379 dictus
2031 2314 2335 2380 Andreas
2382 2335 2600 2379 coram
2637 2312 2869 2380 eodem
2904 2314 3244 2379 Guirando
3278 2313 3578 2379 auditore
3610 2315 3680 2378 in
3713 2312 3953 2398 judicio

891 2442 1276 2507 comparens
1343 2423 1787 2505 predictorum
1836 2424 2187 2487 citatorum
2238 2442 2369 2487 non
2420 2422 2941 2508 comparentium
2989 2422 3464 2486 contumaciam
3517 2423 3851 2486 accusavit
3894 2428 3956 2486 et

894 2528 959 2592 in
1013 2549 1237 2593 eorum
1285 2531 1761 2595 contumaciam
1794 2528 2121 2615 quendam
2154 2530 2224 2593 in
2259 2550 2455 2594 causa
2488 2527 2867 2613 hujusmodi
2901 2550 3019 2614 pro
3052 2535 3239 2615 parte
3274 2549 3393 2592 sua
3427 2526 3612 2592 dedit
3643 2529 3955 2611 libellum,

898 2635 1321 2722 prefatnsque
1386 2635 1762 2701 Guirandus
1827 2635 2086 2700 auditor
2136 2633 2217 2698 ad
2267 2635 2471 2720 ipsius
2532 2634 2791 2698 Andree
2837 2634 3226 2698 instanciam
3276 2633 3609 2720 predictos
3655 2635 3955 2714 militem,

894 2742 1299 2824 Gerardum‚
1350 2744 1842 2825 Hermannum,
1890 2742 2235 2807 Nicolaum
2285 2749 2353 2806 et
2403 2741 2770 2806 Arnoldum
2818 2741 2900 2806 ad
2950 2741 3481 2827 respondendum
3524 2742 3699 2806 dicto
3738 2743 3952 2808 libello

892 2856 961 2915 et
1022 2851 1209 2914 litem
1275 2871 1474 2936 super
1535 2872 1613 2915 eo
1674 2849 2179 2915 contestandum
2227 2850 2435 2936 primo
2487 2848 2869 2934 simpliciter
2916 2855 2984 2912 et
3031 2847 3271 2913 deinde
3320 2849 3441 2913 sub
3489 2869 3663 2935 pena
3708 2870 3957 2915 excom-

909 2956 1373 3021 municationis
1442 2956 1511 3020 in
1586 2955 1814 3021 eadem
1887 2955 2233 3020 audiencia
2305 2955 2669 3019 successive
2741 2955 2925 3017 citari
2998 2954 3151 3018 fecit
3220 2953 3302 3018 ad
3374 2960 3586 3019 certos
3659 2956 3959 3020 terminos

899 3065 1376 3152 peremptorios
1446 3069 1915 3151 competentes.
2010 3063 2089 3127 In
2164 3063 2402 3149 quibus
2468 3062 2684 3126 dictus
2730 3060 3034 3126 Andreas
3082 3082 3300 3127 coram
3347 3062 3579 3127 eodem
3630 3062 3956 3128 Guirando

897 3169 1196 3235 auditore
1258 3169 1327 3233 in
1374 3170 1625 3254 Judicio
1689 3191 2110 3256 comparens,
2173 3169 2616 3255 predictorum
2665 3169 3016 3233 citatorum
3067 3190 3199 3233 non
3247 3170 3768 3255 comparentium
3817 3190 3959 3235 con-

898 3278 1248 3340 tumaciam
1311 3276 1642 3341 accusavit
1705 3297 1779 3340 ac
1840 3277 1908 3339 in
1973 3274 2350 3360 hujusmodi
2417 3276 2649 3340 ultimo
2715 3277 2995 3340 termino
3058 3276 3248 3362 petiit
3312 3277 3379 3339 in
3428 3277 3604 3363 ipsos
3651 3277 3959 3358 militem,

897 3382 1298 3465 Gerardum,
1362 3383 1857 3463 Hermannum,
1908 3383 2250 3447 Nicolaum
2299 3389 2367 3446 et
2415 3381 2783 3446 Arnoldum
2829 3381 3032 3446 laicos
3078 3387 3349 3468 propter
3396 3381 3775 3467 hujusmodi
3820 3404 3961 3447 con·

900 3491 1245 3555 tumaciam
1312 3490 2009 3554 excommunicationis
2075 3491 2478 3553 sentenciam
2545 3489 2964 3574 promulgari.
3060 3488 3538 3575 Predictusque
3597 3488 3963 3554 Guirandus

899 3596 1160 3663 auditor
1229 3596 1311 3662 ad
1385 3596 1545 3660 dicti
1617 3596 1885 3661 Andree
1948 3596 2339 3660 instanciam
2405 3596 2896 3682 prenominatos
2960 3596 3269 3675 militem,
3336 3596 3739 3678 Gerardum,
3806 3597 3964 3661 Her-

897 3724 1210 3769 mannum
1272 3710 1341 3769 et
1389 3702 1756 3768 Arnoldum
1803 3704 2003 3767 laicos
2053 3703 2133 3767 ad
2184 3702 2527 3768 dicendam
2577 3723 2838 3767 causam
2886 3703 3378 3784 rationabilem,
3429 3704 3483 3767 si
3532 3724 3729 3789 quam
3775 3703 3967 3768 habe-

898 3819 1081 3892 rent,
1146 3811 1229 3875 ob
1296 3832 1490 3897 quam
1557 3811 2105 3875 excommunicari
2158 3831 2290 3874 non
2340 3809 2689 3891 deberent,
2753 3810 2938 3874 citari
2987 3810 3143 3874 fecit
3191 3809 3273 3874 ad
3323 3816 3574 3875 certum
3621 3811 3964 3875 terminum

900 3920 1412 4007 peremptorium
1479 3924 1967 4004 competentem
2032 3919 2098 3981 in
2165 3917 2511 3982 audiencia
2575 3917 2972 4003 supradicta.
3067 3917 3146 3981 In
3211 3938 3341 4002 quo
3403 3918 3657 4003 prefato
3705 3917 3966 3983 Andrea

899 4048 1115 4092 coram
1166 4024 1401 4090 eodem
1451 4024 1788 4090 Guirando
1838 4025 2137 4090 auditore
2185 4026 2253 4088 in
2294 4025 2546 4109 judicio
2587 4031 3008 4111 comparente
3050 4032 3118 4089 et
3148 4025 3592 4111 predictorum
3624 4025 3964 4090 citatorum

897 4153 1033 4197 non
1105 4132 1624 4218 comparentium
1697 4132 2172 4195 contumaciam
2246 4137 2595 4196 accusante
2665 4131 2971 4218 ipsosque
3041 4133 3594 4197 excommunicari
3662 4138 3962 4221 petente,

904 4236 1279 4322 sepedictus
1330 4235 1705 4301 Guirandus
1754 4235 2032 4316 auditor,
2082 4241 2393 4321 reputans
2442 4234 2704 4300 eosdem
2748 4237 3052 4318 militem,
3086 4236 3480 4319 Gerardum,
3519 4236 3965 4302 Hermannum

901 4344 1248 4409 Nicolaum
1314 4348 1382 4406 et
1443 4341 1810 4407 Arnoldum
1874 4343 2076 4406 laicos
2139 4362 2269 4427 quo
2332 4342 2413 4405 ad
2479 4347 2699 4406 actum
2761 4341 3177 4427 hujusmodi,
3224 4349 3421 4428 prout
3468 4349 3691 4425 erant,
3739 4344 3964 4408 merito

904 4459 1354 4530 contumaces,
1427 4450 1495 4512 in
1570 4470 1682 4512 eos
1753 4455 2019 4535 propter
2088 4449 2563 4513 contumaciam
2629 4447 3002 4533 hujusmodi
3065 4450 3132 4513 in
3197 4469 3329 4513 non
3392 4449 3825 4536 comparendo
3890 4447 3964 4513 ad

903 4554 1436 4642 respondendum
1499 4555 1673 4619 dicto
1734 4556 1957 4620 libello
2005 4562 2074 4620 et
2118 4556 2302 4619 litem
2354 4576 2550 4641 super
2596 4577 2675 4620 eo
2724 4554 3228 4622 contestandum
3276 4556 3967 4622 excommunicationis

911 4664 1319 4728 sentenciam
1368 4663 1834 4748 promulgavit,
1885 4668 2079 4748 prout
2122 4662 2192 4726 in
2242 4663 2678 4726 instrumento
2727 4662 2988 4748 publico
3034 4662 3190 4727 inde
3236 4664 3565 4743 confecto,
3614 4662 3771 4728 dicti
3817 4664 3969 4729 Gui-

905 4768 1097 4833 randi
1159 4767 1477 4832 auditoris
1541 4768 1754 4852 sigillo
1816 4769 2109 4849 munito,
2170 4767 2408 4832 dicitur
2455 4769 2713 4854 plenius
2759 4770 3101 4834 contineri.
3197 4770 3334 4834 Nos
3382 4771 3637 4855 itaque,
3685 4770 3966 4854 ipsorum

908 4875 1166 4940 abbatis
1230 4881 1299 4939 et
1364 4881 1729 4938 conventus
1790 4876 1861 4938 in
1908 4876 2030 4939 hac
2080 4883 2267 4961 parte
2316 4876 2902 4961 supplicationibus
2950 4876 3277 4958 inclinati,
3337 4875 3713 4941 discretioni
3758 4883 3968 4941 vestre

907 5004 1024 5069 per
1088 4981 1448 5069 apostolica
1511 4981 1753 5066 scripta
1814 4980 2236 5062 mandamus,
2285 4982 2597 5066 quatinus
2645 5002 2759 5045 vos
2808 4984 2915 5047 vel
2962 4981 3092 5046 duo
3139 4989 3256 5048 aut
3305 5004 3474 5048 unus
3523 4988 3812 5048 vestrum
3859 5000 3968 5068 per

908 5111 1024 5153 vos
1072 5089 1177 5154 vel
1226 5088 1427 5152 alium
1475 5108 1591 5152 seu
1639 5088 1800 5151 alios
1846 5088 2134 5173 prefatos
2182 5088 2487 5169 militem,
2537 5088 2933 5171 Gerardum,
2983 5090 3469 5173 Hermannum,
3518 5091 3858 5156 Nicolaum
3908 5095 3969 5154 et

907 5196 1275 5262 Arnoldum
1322 5195 1522 5259 laicos
1571 5192 1800 5259 tandiu
1840 5195 2233 5260 auctoritate
2276 5201 2529 5277 nostra,
2571 5195 3012 5282 appellatione
3055 5203 3334 5280 remota,
3376 5198 3968 5262 excommunicatos

913 5304 1174 5392 publice
1223 5303 1549 5368 nuncietis
1599 5309 1666 5367 et
1715 5303 1965 5367 faciatis
2014 5303 2095 5367 ab
2137 5302 2281 5366 aliis
2313 5323 2429 5387 per
2462 5304 2679 5367 omnia
2708 5305 2882 5382 loca,
2932 5305 3000 5367 in
3036 5304 3273 5389 quibus
3305 5304 3617 5390 expedire
3650 5304 3963 5384 videritis,

912 5411 1209 5475 nunciari
1257 5415 1324 5474 et
1373 5408 1455 5474 ab
1505 5409 1807 5474 omnibus
1855 5410 2066 5473 arcius
2114 5408 2383 5489 evitari,
2445 5408 2652 5474 donec
2699 5430 2816 5495 pro
2866 5408 3043 5474 dicta
3089 5412 3496 5475 contumatia
3542 5411 3970 5476 satisfecerint

913 5523 1363 5603 competenter
1411 5517 1435 5596 ΙΙ
1485 5524 1552 5580 et
1595 5516 1818 5581 debite
1866 5515 2297 5580 absolutionis
2329 5514 2723 5580 beneficium
2756 5516 2838 5580 ab
2874 5515 3246 5602 hujusmodi
3279 5518 3968 5586 excommunicationis

913 5623 1243 5688 sententia
1290 5624 1647 5687 meruerint
1694 5621 2027 5703 obtinere,
2076 5620 2590 5686 contradictores
2629 5643 2745 5707 per
2786 5642 3128 5686 censuram
3167 5621 3709 5706 ecclesiasticam,
3759 5623 3970 5711 appel-
