4450 6684
855 389 987 453 190
2105 375 2514 453 Gnseonms
2559 385 2684 452 XI.

854 609 1244 696 sumptionis
1291 608 1486 674 beate
1530 606 1741 672 Maris
1789 612 2176 672 consuetum
2226 613 2331 673 est
2373 608 2514 673 fieri
2548 608 3031 694 processionem
3065 608 3471 695 solempnem
3503 630 3578 674 ac
3608 609 3926 676 feretrum

850 715 1175 802 ymaginis
1223 714 1520 801 ejusdem
1566 714 1760 779 beate
1806 714 2015 779 Marie
2064 734 2196 778 una
2243 735 2390 779 cum
2440 735 2677 799 magna
2723 720 2911 800 parte
2955 715 3232 801 preciosi
3263 715 3428 800 ligni
3460 714 3685 781 Crucis
3721 715 3930 781 domi·

850 823 981 888 nici
1029 830 1096 888 et
1140 822 1329 886 lactis
1376 822 1582 909 ipsius
1628 821 1823 886 beate
1872 820 2076 886 Maris
2126 828 2194 886 et
2242 821 2387 886 aliis
2436 821 2932 907 quampluribus
2982 821 3374 887 Sanctorum
3421 829 3490 886 et
3531 821 3922 889 Sanctarum

845 929 1140 1015 reliquiis
1186 949 1333 993 cum
1381 927 1733 994 devotione
1779 928 2059 1014 portari,
2115 929 2422 1014 congruis
2470 928 2828 993 honoribus
2873 927 3360 1014 frequentetur,
3412 977 3427 992 .
3458 977 3473 992 .
3503 977 3518 993 .
3548 978 3563 993 .
3613 930 3924 996 omnibus

848 1056 1004 1101 vere
1064 1035 1516 1122 penitentibus
1578 1041 1646 1099 et
1708 1034 2056 1116 confessis,
2122 1035 2235 1121 qui
2297 1035 2367 1099 in
2427 1034 2848 1117 Nativitatis,
2898 1034 3461 1118 Circumcisionis,
3508 1034 3912 1123 Epiphanie,

848 1141 1394 1223 Resurrexionis,
1455 1142 1882 1206 Ascensionis
1939 1146 2006 1206 et
2072 1140 2382 1228 Corporis
2432 1141 2699 1206 Domini
2746 1142 2954 1205 nostri
3001 1140 3214 1207 Jhesu
3258 1140 3505 1207 Christi
3551 1163 3627 1208 ac
3676 1144 3921 1208 Pente·

849 1255 1099 1331 costes,
1170 1269 1427 1313 necnon
1498 1248 1567 1312 in
1638 1247 2058 1330 Nativitatis,
2125 1248 2723 1329 Annunciationis,
2776 1246 3271 1312 Purificacionis
3320 1254 3389 1312 et
3434 1247 3924 1336 Assumptiom‘s

847 1357 1144 1444 ejusdem
1208 1359 1402 1424 beate
1466 1358 1671 1424 Maris
1736 1357 2063 1443 Virginis,
2126 1357 2512 1423 Nativitatis
2575 1358 2757 1423 beati
2817 1356 3145 1424 Johannis
3204 1356 3546 1444 Baptiste,
3594 1356 3922 1421 dictorum

847 1466 1314 1553 Apostolorum
1378 1465 1563 1531 Petri
1626 1471 1694 1530 et
1756 1465 1948 1530 Pauli
2007 1485 2081 1529 ac
2130 1465 2336 1551 ipsius
2381 1465 2657 1530 ecclesie
2705 1464 3166 1530 Dedicacionis
3213 1464 3682 1529 festivitatibus
3743 1469 3813 1527 et
3857 1464 3924 1527 in

840 1573 1225 1638 celebritate
1297 1571 1607 1638 Omnium
1680 1572 2071 1637 Sanctorum
2142 1591 2403 1636 necnon
2472 1592 2591 1658 per
2661 1573 2949 1659 ipsarum
3019 1570 3439 1652 Nativitatis,
3506 1570 3874 1658 Epiphanie
3901 1620 3920 1654 ,

842 1678 1383 1761 Resurrexionis,
1434 1678 1856 1743 Ascentionis
1904 1680 2055 1761 (sic)
2102 1684 2170 1742 et
2220 1676 2526 1764 Corporis
2573 1677 2840 1742 Domini
2890 1699 2964 1742 ac
3011 1675 3395 1741 Nativitatis
3433 1677 3557 1758 (et)
3594 1675 3908 1762 Assump-

847 1784 1045 1848 tionis
1091 1784 1286 1849 beate
1333 1783 1540 1848 Maris
1588 1805 1662 1848 ac
1710 1784 2093 1848 Nativitatis
2143 1783 2322 1847 beati
2368 1783 2692 1848 Johannis
2740 1804 2816 1848 ac
2863 1783 3047 1848 Petri
3097 1788 3166 1848 et
3212 1782 3403 1846 Pauli
3443 1782 3912 1869 Apostolorum

844 1891 1290 1978 predictorum
1339 1889 1773 1955 festivitatum
1821 1895 2085 1954 octavas
2134 1895 2201 1953 et
2249 1910 2367 1977 per
2415 1910 2534 1953 sex
2582 1889 2722 1954 dies
2755 1889 2998 1954 dictam
3030 1889 3457 1954 festivitatem
3489 1888 3918 1954 Pentecostes

844 1997 1222 2063 immediate
1280 2003 1632 2083 sequentes
1678 1998 2023 2063 ecclesiam
2069 1998 2280 2083 ipsam
2329 1997 2568 2062 devote
2615 1998 3028 2063 visitaverint
3077 2004 3145 2062 et
3191 1996 3438 2062 ibidem
3485 1998 3627 2083 pias
3674 1997 3915 2062 elemo-

845 2107 1020 2170 sinas
1069 2105 1523 2191 erogaverint,
1572 2105 1847 2190 singulis
1893 2104 2203 2169 videlicet
2250 2104 2684 2169 festivitatum
2734 2110 2803 2169 et
2850 2105 3255 2170 celebritatis
3302 2125 3505 2169 unum
3555 2125 3801 2169 annum
3856 2109 3926 2168 et

845 2212 971 2277 XL
1043 2210 1218 2293 dies,
1289 2232 1365 2276 ac
1439 2215 1819 2275 octavarum
1886 2210 2176 2296 ipsarum
2238 2217 2307 2275 et
2371 2231 2490 2274 sex
2553 2210 2807 2275 dierum
2864 2210 3313 2298 predictorum
3360 2209 3627 2293 diebus,
3677 2210 3914 2297 quibus

846 2318 1186 2384 ecclesiam
1248 2319 1458 2404 ipsam
1519 2318 1933 2382 visitaverint
1996 2324 2062 2383 et
2126 2317 2241 2383 ubi
2290 2318 2431 2405 pias
2480 2318 2870 2383 elomosinas
2919 2319 3374 2404 erogaverint,
3435 2323 3509 2381 ut
3556 2318 3923 2404 prefertur,

843 2424 895 2492 C
959 2426 1098 2490 dies
1160 2424 1242 2489 de
1306 2425 1620 2509 injunctis
1685 2424 1779 2489 eis
1841 2425 2227 2511 penitentiis
2273 2425 2781 2490 misericorditer
2827 2426 3239 2508 relaxamus3
3305 2426 3720 2511 presentibus
3767 2430 3919 2511 post

841 2531 979 2597 XX
1047 2551 1254 2596 annos
1324 2531 1589 2595 minime
1660 2531 1979 2595 valituris.
2075 2531 2227 2597 Dat.
2301 2531 2669 2614 Avinione,
2743 2532 2813 2597 11
2876 2532 2986 2598 Kl.
3054 2532 3435 2614 Februarii,
3499 2532 3920 2618 pontificatus

845 2639 1053 2703 nostri
1101 2658 1274 2703 anno
1324 2638 1553 2724 primo.

1266 2771 1394 2835 Ray.
1426 2768 1520 2821 Δυ.
1564 2767 1625 2820 T.
1660 2772 1713 2835 1,
1740 2773 1802 2836 s.
1836 2770 1980 2822 355⁹.

845 3269 1031 3338 1978.
1784 3273 1993 3356 1371,
2042 3271 2390 3336 Februarii
2434 3271 2558 3352 14,
2607 3271 2978 3337 Avenionis.

1163 3423 1454 3507 officiali
1524 3425 1957 3489 Cameracensi
2023 3425 2375 3489 mandatur
2392 3452 2418 3509 ,·
2487 3433 2563 3491 ut
2628 3427 2893 3493 Alberto
2954 3428 3031 3493 de
3093 3428 3375 3494 Merteen
3408 3430 3459 3513 ¹)
3511 3429 3916 3515 presbytero,

1075 3532 1370 3595 canonico
1403 3530 1838 3616 praebendato
1881 3533 2169 3595 ecclesiae
2216 3531 2397 3614 Traj.
2439 3534 2508 3598 in
2548 3533 2760 3598 eadem
2796 3536 3051 3600 ecclesia
3091 3537 3594 3621 supplementum
3630 3542 3911 3600 reservet.

1070 3718 1361 3804 Dignum
1410 3718 1820 3784 arbitramur.
1848 3766 1863 3782 .
1892 3766 1909 3783 .
1937 3768 1952 3783 .
2002 3719 2152 3783 Non
2201 3720 2617 3785 obstantibus
2667 3768 2682 3784 .
2714 3769 2730 3785 .
2758 3768 2774 3785 .
2824 3720 2998 3809 quod
3048 3722 3519 3809 parrochialem
3566 3722 3903 3787 ecclesiam

848 3823 929 3890 de
976 3823 1409 3889 Thienhoven
1457 3824 1898 3909 Trajectensis
1946 3823 2224 3890 diocesis
2275 3827 2565 3891 noscitur
2612 3827 2931 3893 obtinere.
2966 3876 2980 3892 .
3011 3877 3026 3892 .
3056 3877 3070 3893 .
3136 3828 3289 3894 Dat.
3338 3829 3698 3912 Avinione,
3746 3825 3914 3894 XVI

845 3931 955 3996 Kl.
1002 3930 1261 4014 Martii,
1311 3951 1483 3996 anno
1534 3932 1774 4018 primo.

1264 4068 1389 4131 Rea.
1424 4068 1521 4119 Av.
1568 4069 1621 4118 T.
1660 4067 1722 4129 6,
1756 4069 1806 4128 f.
1840 4067 1981 4117 342⁹.

1001 4193 1058 4256 1)
1095 4192 1330 4243 Meet-ten
1367 4194 1424 4243 in
1461 4192 1654 4244 Gelria.

847 4583 1036 4651 1979.
1786 4588 1957 4651 1371
1982 4636 1999 4670 ,
2047 4587 2395 4651 Februarii
2439 4589 2529 4651 17
2544 4636 2562 4670 ,
2607 4589 2972 4653 Avenionis.

1169 4738 1559 4803 Ghiselberto
1590 4738 1667 4802 de
1697 4739 2046 4804 Horwinen
2072 4740 2154 4840 1),
2194 4742 2309 4825 qui
2328 4760 2451 4824 per
2484 4748 2763 4826 quatuor
2795 4762 2995 4807 annos
3027 4745 3096 4806 in
3124 4745 3284 4826 jure
3313 4746 3607 4809 canonico
3636 4744 3910 4826 studuit,

1075 4844 1405 4925 confertur
1465 4846 1870 4910 canonicatus
1932 4852 1992 4909 et
2050 4853 2415 4910 reservatur
2466 4846 2833 4930 praebenda
2885 4868 3030 4912 cum
3075 4850 3504 4934 supplemento
3551 4851 3621 4914 in
3666 4851 3914 4915 ecclesia

1082 4949 1262 5034 Traj.
1314 4987 1398 4999 —
1446 4951 1861 5036 Deputantur
1907 4961 2278 5018 executores.

1073 5132 1231 5198 Vite
1280 5154 1355 5197 ac
1402 5155 1675 5199 morum.
1705 5181 1721 5199 .
1750 5182 1766 5198 .
1798 5184 1813 5200 .
1864 5136 2014 5201 Dat.
2063 5136 2440 5224 Avinione,
2485 5139 2661 5205 XIII
2705 5139 2817 5206 Kl.
2864 5139 3133 5223 Marcii,
3183 5160 3356 5205 anno
3404 5142 3631 5228 primo.

1272 5269 1399 5332 Περ.
1432 5270 1530 5320 Aa.
1576 5271 1630 5320 T.
1667 5269 1722 5330 7,
1746 5272 1807 5335 s.
1843 5270 1984 5322 548¹».

1001 5408 1057 5474 1)
1095 5409 1405 5476 Herwijnen
1440 5410 1499 5461 in
1534 5410 1729 5463 Gelria.
