4450 6684
1836 531 2151 596 omnus
2196 531 2316 596 VI.
3568 537 3606 600 ’1

544 752 733 822 1236.
1498 754 1707 836 1348,
1754 753 2072 817 ,Ianuarii
2119 754 2236 834 18,
2285 753 2650 817 Avenionis.

856 906 1184 972 Everardo
1239 905 1618 971 Theoderici
1659 905 1735 969 de
1782 925 1937 969 novo
1986 904 2407 986 conferuntur
2452 907 2858 969 canonicatus
2877 954 2894 987 ,
2938 905 3311 990 praebenda
3355 914 3415 971 et
3458 928 3610 992 sup-

756 1015 1143 1098 plementum
1203 1014 1489 1078 ecclesiae
1560 1011 2014 1098 TrajectensiS,
2082 1031 2354 1094 quorum
2415 1012 2669 1075 collatio
2732 1010 2832 1074 die
2894 1013 2984 1074 27
3043 1010 3220 1076 Julii
3271 1033 3378 1076 an.
3427 1014 3608 1078 1347

765 1120 1004 1185 viribus
1064 1119 1353 1201 carebat,
1419 1119 1576 1204 quia
1639 1125 1786 1182 tunc
1850 1117 2133 1181 clericali
2190 1116 2554 1181 charactere
2599 1116 2878 1181 nondum
2925 1119 3266 1203 insiqnitus
3311 1126 3471 1183 erat.
3522 1157 3606 1168 —

766 1226 1180 1312 Deputantur
1224 1233 1595 1291 executores.

782 1406 1170 1473 Laudabilia
1215 1408 1472 1473 merita.
1502 1455 1517 1470 .
1548 1454 1563 1470 .
1592 1454 1607 1470 .
1656 1407 1809 1472 Dat.
1859 1405 2231 1492 Avinione,
2279 1407 2418 1473 XII
2462 1408 2572 1474 Kl.
2622 1408 3000 1494 Februarii,
3050 1430 3221 1475 anno
3270 1416 3484 1477 sexto.

961 1542 1084 1605 Ray.
1122 1543 1222 1592 Aa.
1265 1543 1321 1592 T.
1355 1541 1446 1604 4⁶2,
1476 1543 1536 1606 f.
1569 1539 1685 1592 303.

551 2040 735 2110 1237.
1507 2044 1717 2125 1348,
1766 2041 2084 2107 Januarii
2128 2044 2248 2123 29,
2297 2042 2661 2107 AvenioniS.

866 2195 1087 2259 Nobili
1129 2197 1388 2260 mulieri
1434 2195 1672 2280 Aqneti
1716 2194 2003 2259 dominae
2049 2198 2247 2260 castri
2287 2195 2363 2259 de
2405 2194 2773 2277 Montforde
2795 2195 2994 2280 ‚Traj.
3029 2197 3216 2261 dioec.
3252 2197 3614 2263 conceditur

763 2301 1179 2385 privileqium
1214 2302 1555 2387 plenariae
1597 2308 1996 2385 peccatorum
2041 2301 2428 2365 remissionis
2476 2303 2545 2365 in
2593 2302 2870 2365 articulo
2917 2304 3158 2365 mortis.

774 2485 1092 2551 Provenit
1139 2507 1245 2551 ex.
1274 2533 1290 2551 .
1321 2533 1334 2550 .
1365 2535 1381 2551 .
1431 2486 1582 2551 Dat.
1632 2486 1994 2569 Avinione,
2048 2486 2190 2550 ΠΠ
2236 2486 2346 2556 Kl,
2397 2485 2775 2570 Februarii,
2827 2507 2999 2551 anno
3051 2491 3264 2551 sexto,
3347 2565 3351 2569 ⁴

970 2619 1097 2682 Rea.
1132 2620 1228 2670 Δυ.
1272 2621 1326 2669 Τ.
1361 2618 1456 2678 44,
1480 2621 1542 2684 f.
1576 2618 1693 2670 447.

556 3116 747 3186 1238.
1554 3121 1764 3203 1348,
1816 3118 2050 3184 Martii
2095 3122 2214 3204 14,
2263 3121 2628 3187 Avenionis.

877 3272 1335 3358 Infrascriptis
1381 3273 1750 3356 mandatur,
1795 3280 1868 3337 ut
1898 3276 2205 3358 maqistro
2238 3274 2529 3339 Johanni
2559 3276 2635 3339 de
2665 3276 2983 3358 Pistorio,
3026 3277 3355 3362 capellano
3386 3276 3628 3341 domini

783 3377 1010 3464 Papae
1070 3386 1129 3443 et
1192 3379 1424 3444 decavw
1489 3380 1775 3444 ecclesiae
1841 3379 1907 3442 S.
1975 3378 2336 3444 Salvatoris
2407 3380 2627 3464 Traj.,
2676 3384 2792 3466 qui
2824 3402 2955 3467 pro
3000 3384 3185 3446 certis
3231 3384 3494 3467 neyotiis
3539 3383 3626 3447 ad

786 3485 1111 3550 Elisabeth
1172 3489 1458 3571 reyinam
1519 3484 1843 3570 Unqariae
1900 3486 2289 3569 destinatur,
2353 3487 2629 3571 quolibet
2675 3487 2775 3551 die
2795 3535 2812 3570 ,
2862 3509 2986 3573 quo
3034 3488 3399 3571 hujusmodi
3442 3509 3624 3575 neqo-

788 3594 1017 3657 tiorum
1060 3594 1487 3676 prosecutioni
1531 3593 1870 3674 institerit,
1930 3593 1996 3654 in
2046 3600 2326 3676 quatuor
2369 3593 2627 3674 florenis
2672 3595 2826 3657 auri
2869 3602 2929 3659 et
2973 3595 3050 3658 de
3094 3597 3269 3660 salvo
3315 3595 3626 3661 conductu

772 3699 1111 3784 providere
1158 3705 1399 3762 curent.

787 3930 803 3946 .
832 3931 847 3946 .
895 3882 1405 3948 Venerabilibus
1445 3883 1754 3947 fratribus
1788 3881 2296 3969 archiepiscopis
2335 3887 2405 3946 et
2438 3882 2759 3969 episcopis
2791 3889 2900 3947 etc.
2947 3929 2963 3946 .
2990 3929 3008 3948 .
3036 3930 3051 3946 .
3096 3882 3180 3948 ad
3211 3903 3375 3969 quos
3405 3883 3627 3950 littere

565 3996 901 4076 presentes
947 3990 1398 4075 pervenerint,
1447 3991 1745 4054 salutem.

784 4096 950 4161 Cum
997 4095 1309 4160 dilectum
1357 4096 1584 4160 filium.
1614 4143 1630 4159 .
1658 4143 1672 4159 .
1709 4143 1725 4160 .
1774 4095 1929 4160 Dat.
1977 4094 2349 4177 Avinione,
2396 4095 2468 4160 II
2513 4093 2613 4160 Id.
2663 4096 2927 4179 Marcii,
2978 4114 3150 4161 anno
3198 4100 3412 4160 sexto,

977 4229 1104 4293 Ray.
1153 4229 1270 4280 Vat.
1315 4231 1367 4279 T.
1404 4228 1528 4295 141,
1565 4247 1676 4295 cap.
1711 4228 1862 4280 1181.
1932 4229 2190 4280 Similiter
2224 4244 2321 4294 pro
2355 4231 2538 4280 eodem
2573 4230 2639 4280 ad
2673 4231 2907 4282 diversos
2941 4230 3224 4295 principe&

564 4726 757 4797 1239.
1557 4733 1775 4815 1348,
1822 4730 2060 4795 Martii
2103 4730 2220 4811 27,
2268 4729 2632 4794 AvenioniS.

878 4883 1160 4970 Rutqero
1224 4884 1521 4971 Wustinq
1567 4887 1791 4951 clerico
1846 4884 2028 4967 Traj.
2082 4883 2306 4966 dioec„
2356 4885 2469 4968 qui
2513 4884 2589 4947 de
2633 4885 2840 4949 soluto
2882 4886 3136 4970 qenitus
3181 4893 3242 4950 et
3284 4886 3496 4951 soluta
3542 4887 3629 4951 ad

789 5010 997 5054 omnes
1055 5010 1268 5055 sacros
1328 4992 1579 5057 ordines
1623 4990 2092 5076 suscipiendum
2139 4997 2197 5053 et
2246 4989 2604 5071 beneficium
2653 4992 2842 5053 etiam
2889 4999 3182 5055 curatum
3229 4991 3632 5057 obtinendum

786 5095 1310 5181 dispensationem
1336 5083 1491 5183 jain
1538 5097 1781 5161 dudum
1827 5096 2131 5178 obtinuit,
2182 5094 2576 5180 indulyetur,
2626 5096 2799 5181 quod
2842 5096 2967 5161 duo
3015 5096 3309 5179 beneficia
3352 5100 3624 5184 recipere
3701 5092 3705 5096 Δ

784 5210 843 5266 et
888 5205 1075 5267 etiam
1110 5212 1487 5289 permutare
1536 5204 1722 5270 libere
1766 5205 1999 5269 valeat.

788 5385 1151 5452 Probitatis
1198 5393 1286 5453 et.
1317 5438 1331 5452 .
1360 5437 1375 5453 .
1412 5437 1428 5453 .
1484 5390 1637 5455 Dat.
1685 5388 2055 5469 Avinione,
2104 5385 2205 5452 VI
2251 5386 2362 5452 Kl.
2409 5385 2693 5473 Aprilis,
2743 5407 2914 5452 anno
2964 5392 3176 5452 sexto·

981 5522 1106 5586 περ.
1140 5522 1239 5573 Αυ.
1282 5524 1335 5573 T.
1369 5522 1458 5587 44,
1483 5526 1545 5589 f.
1579 5523 1716 5575 418».
2099 5513 2102 5516 ’
