4450 6684
1792 558 2247 624 Irmocmcrms
2290 559 2406 625 VI.
3505 559 3633 623 109

571 774 759 845 1651.
1450 780 1657 863 1360,
1703 779 1900 844 Junii
1943 781 2061 860 20,
2109 800 2214 864 ap.
2280 779 2763 843 Villamnovam.

885 931 1136 998 Heroni
1180 930 1405 997 Statori
1449 953 1738 997 converso
1785 934 2151 997 monasterii
2197 931 2253 995 b.
2303 930 2591 1016 Odulphi
2619 933 2687 995 in
2721 931 2990 996 Stauria
3020 932 3264 997 ord.'S.
3298 932 3630 998 Benedicti

807 1038 990 1122 Traj.
1038 1038 1228 1104 dioec.
1276 1036 1635 1102 conceditur
1668 1038 2085 1122 privilegium
2117 1038 2464 1121 plenariae
2498 1045 2902 1121 peccatorum
2949 1039 3328 1102 remissionis
3367 1040 3437 1102 in
3472 1040 3632 1104 arti-

797 1145 937 1209 culo
983 1146 1223 1209 mortis.

800 1326 1117 1392 Provenit
1164 1348 1269 1392 ex.
1299 1373 1315 1390 .
1344 1374 1360 1390 .
1393 1373 1409 1389 .
1457 1327 1613 1391 Dat.
1661 1326 1836 1413 apud
1880 1327 2365 1393 Villamnovam
2412 1334 2560 1409 etc.,
2610 1327 2749 1391 XII
2787 1326 2898 1391 Kl.
2932 1327 2977 1392 J
2981 1328 3121 1408 ulii,
3173 1349 3347 1394 anno
3381 1335 3632 1393 octavo.

997 1443 1122 1507 Ray.
1155 1444 1253 1494 Δυ.
1298 1444 1354 1493 Τ.
1388 1442 1476 1507 22,
1503 1444 1563 1508 s.
1595 1441 1711 1493 527.

585 1911 778 1982 1652.
1449 1914 1664 1995 1360,
1712 1914 1904 1977 Junii
1948 1916 2066 1996 22,
2115 1935 2219 1998 ap.
2285 1914 2766 1979 Villamnovam.

900 2066 1140 2132 Jacobo
1186 2066 1352 2132 dicto
1401 2066 1726 2130 Everaerd
1771 2067 1994 2132 clerico
2051 2066 2231 2150 Traj.
2280 2069 2467 2133 dioec.
2516 2070 2677 2134 idem
2712 2071 3145 2155 privileyium.

809 2253 1128 2319 Provenit
1174 2274 1279 2319 ex.
1307 2299 1323 2317 .
1354 2300 1370 2317 .
1400 2300 1415 2316 .
1464 2251 1618 2316 Dat.
1668 2251 1843 2338 apud
1890 2252 2372 2318 Villamnovam
2419 2260 2561 2335 etc„
2610 2253 2677 2317 X
2723 2253 2835 2317 Kl.
2882 2251 3072 2335 Julii,
3122 2273 3294 2316 anno
3345 2257 3599 2317 octavo.

1005 2371 1132 2435 Ray.
1166 2371 1263 2420 Ao.
1306 2371 1359 2419 T.
1395 2368 1486 2433 22,
1511 2369 1571 2433 s.
1606 2366 1746 2419 523².

591 2835 785 2905 1653.
1470 2839 1680 2923 1360,
1727 2837 1923 2903 Junii
1965 2839 2084 2919 24,
2131 2858 2238 2922 ap.
2288 2837 2772 2901 Villamnovam.

911 2977 1195 3057 Henrico
1240 2992 1317 3056 de
1361 2990 1810 3076 Lanqherraet
1854 2992 1976 3055 civi
2027 2989 2415 3074 Trajectensi
2458 2991 2621 3055 idem
2655 2993 3086 3077 privileqium.

818 3172 1137 3239 Provenit
1181 3193 1287 3238 ex.
1317 3220 1332 3236 .
1361 3218 1378 3236 .
1409 3219 1425 3236 .
1472 3171 1625 3237 Dat.
1675 3171 1848 3259 apud
1884 3172 2369 3237 Villamnovam
2411 3179 2556 3254 etc.,
2603 3170 2776 3237 VIII
2806 3170 2917 3236 Kl.
2951 3169 3143 3253 Julii,
3191 3190 3364 3235 anno
3400 3174 3654 3237 octavo.

1011 3290 1139 3354 1209.
1173 3292 1271 3341 Α..
1314 3291 1370 3341 r.
1403 3288 1496 3354 22,
1520 3292 1582 3354 f·
1615 3287 1757 3340 531v.

1818 3553 2402 3562 —————-—.———--—-—-—

598 3755 796 3826 1654.
1479 3761 1686 3842 1360,
1733 3759 1910 3824 Julii
1954 3761 2073 3841 28,
2122 3779 2228 3843 ap.
2293 3758 2779 3822 Villamnovam.

917 3911 1330 3978 Tielmannus
1393 3913 1471 3975 de
1516 3912 1749 3997 Stryen
1799 3916 2135 3977 canonicus
2190 3912 2373 3995 Traj.
2424 3919 2812 3997 aqqreqatur
2856 3917 2925 3975 in
2971 3914 3372 3997 capellanum
3418 3912 3660 3977 domini

818 4018 1063 4104 Papae.

819 4199 1080 4266 Dilecto
1118 4201 1253 4266 filio
1285 4201 1674 4268 Tielmanno
1709 4200 1790 4266 de
1825 4201 2065 4287 Stryen
2101 4201 2416 4266 canonico
2449 4200 2722 4266 ecclesie
2756 4200 3195 4285 Trajectensis
3233 4199 3513 4266 salutem
3543 4208 3653 4266 etc.

820 4306 1162 4374 Virtutum
1203 4308 1456 4375 clarens
1487 4315 1556 4375 et
1586 4309 1969 4374 meritorum
1997 4309 2079 4391 1),
2128 4308 2299 4373 sicut
2328 4307 2499 4373 fame
2532 4306 2880 4372 laudabilis
2913 4311 2981 4371 et
3012 4306 3427 4394 experiencie
3459 4307 3650 4372 nobis

606 4417 763 4478 note
831 4414 1208 4479 testimonio
1279 4414 1791 4498 commendaris,
1862 4405 2041 4480 illam
2109 4415 2180 4479 in
2244 4421 2467 4480 nostro
2534 4421 2602 4479 et
2662 4414 3016 4501 apostolice
3079 4410 3251 4478 sedis
3297 4419 3654 4501 conspectu

597 4518 882 4604 graciam
942 4521 1278 4605 meruisti,
1335 4520 1511 4608 quod
1573 4542 1919 4609 personam
1984 4527 2162 4586 tuam
2232 4527 2506 4608 paterna
2565 4519 3022 4585 benivolencia
3078 4539 3547 4605 prosequamur
3593 4526 3662 4586 et

600 4646 746 4690 eam
803 4625 1088 4692 libenter
1135 4628 1511 4693 attollamus
1555 4627 1824 4693 honoris
1872 4628 2090 4712 gracia
2137 4628 2457 4712 specialis.
2552 4627 2647 4691 Ut
2692 4626 2893 4711 igitur
2938 4626 3008 4690 in
3055 4625 3293 4691 effectu
3337 4626 3658 4713 percipiat

601 4730 777 4816 quod
845 4732 1138 4820 suggerit
1207 4739 1429 4799 nostre
1498 4733 1738 4798 mentis
1814 4733 2123 4816 affectus,
2196 4739 2264 4796 te
2329 4733 2398 4795 in
2462 4737 2757 4795 nostrum
2813 4735 2884 4795 et
2928 4730 3104 4795 dicte
3151 4730 3324 4796 sedis
3369 4732 3664 4815 graciose

599 4837 945 4923 recipimus
1001 4838 1412 4925 capellanum
1461 4860 1536 4905 ac
1583 4845 1960 4905 nostrorum
2009 4844 2077 4904 et
2124 4837 2300 4902 dicte
2350 4836 2523 4903 sedis
2573 4836 3056 4923 capellanorum
3103 4836 3439 4902 consorcia
3487 4836 3664 4903 favo·

601 4941 896 5008 rabiliter
957 4965 1418 5030 aggregamus,
1480 4945 1938 5028 intendentes,
2003 4943 2178 5029 quod
2226 4950 2496 5029 propter
2541 4942 2664 5008 hoc
2711 4942 2951 5008 favoris
2999 4942 3338 5029 apostolici
3383 4944 3672 5031 presidia

604 5045 863 5131 plenius
908 5051 1220 5115 sortiaris.
1289 5049 1398 5116 Sic
1443 5051 1646 5137 igitur
1697 5050 1780 5115 de
1826 5051 2000 5115 bono
2049 5051 2119 5114 in
2164 5050 2400 5114 melius
2448 5049 2681 5113 studiis
2728 5049 3047 5113 virtutum
3092 5048 3435 5132 intendas,
3486 5049 3661 5134 quod

605 5154 841 5218 merito
900 5154 983 5220 ad
1043 5155 1416 5222 faciendum
1469 5158 1592 5222 tibi
1637 5156 2003 5244 pleniorem
2050 5156 2336 5241 graciam
2383 5156 2756 5220 invitemur.
2849 5154 3032 5220 Nulli
3079 5174 3235 5239 ergo
3282 5160 3391 5217 etc.
3441 5160 3663 5220 nostre

599 5260 993 5346 receptionis
1040 5266 1109 5326 et
1153 5263 1647 5348 aggregacionis
1695 5262 2050 5348 infringere
2097 5268 2205 5325 etc.
2257 5260 2410 5325 Dat.
2460 5259 2635 5347 apud
2674 5259 3160 5326 Villamnovam
3191 5256 3660 5324 Avinionensis

601 5363 909 5450 diocesis,
959 5365 1021 5430 V
1067 5367 1180 5432 Kl.
1227 5367 1550 5453 Augusti,
1599 5389 1771 5433 anno
1821 5375 2077 5433 octavu.

1011 5482 1269 5573 1309340.
1313 5486 1366 5532 T.
1401 5483 1489 5546 24,
1515 5485 1572 5547 s.
1609 5482 1724 5533 502.

746 5617 803 5682 1)
839 5618 1074 5670 Inseras:
1112 5620 1414 5684 splendore,
1451 5621 1532 5670 vel
1569 5621 1744 5671 simile
1777 5622 2014 5672 verbum.
