4450 6684
945 502 1073 564 168
2246 500 2580 567 Usamus
2629 501 2709 564 V.

937 716 1137 784 1860.
1677 721 1894 801 1368,
1944 721 2201 806 Aprilis
2247 723 2371 802 20,
2423 718 2661 783 Romae
2708 740 2815 803 ap.
2865 717 2932 781 S.
2985 717 3277 781 Petrum.

1267 870 1608 935 Wilhelmo
1670 872 1746 935 de
1805 873 2262 954 Amersfordia
2327 874 2551 936 clerico
2617 893 2740 935 non
2787 875 3122 956 conjuqato
3171 893 3280 934 nec
3329 875 3394 935 in
3437 875 3640 936 sacris
3685 871 4010 936 ordinibus

1159 980 1499 1042 constituto
1553 977 1734 1058 Traj.
1782 978 1971 1042 dioec.
2021 979 2353 1061 confertur
2401 977 2846 1042 tabellionatus
2893 977 3201 1060 officium.

1163 1159 1265 1224 Ne
1326 1166 1800 1224 contractuum.
1832 1208 1846 1223 .
1876 1208 1891 1223 .
1920 1207 1936 1223 .
2002 1160 2156 1225 Dat.
2220 1161 2432 1225 Rome
2495 1159 2669 1247 apud
2735 1160 3051 1225 Sanctum
3108 1159 3416 1240 Petrum,
3464 1158 3604 1224 XII
3648 1157 3760 1224 Kl.
3811 1157 4002 1243 Maji,

943 1285 1115 1329 anno
1165 1271 1377 1329 sexte.

1357 1381 1482 1443 Ray.
1519 1384 1614 1430 Ao.
1661 1383 1715 1430 T.
1752 1382 1842 1438 17,
1870 1385 1928 1447 s.
1964 1383 2077 1433 4⁸22.

934 1880 1119 1947 1861.
1674 1886 1883 1963 1368,
1932 1884 2189 1967 Aprilis
2237 1884 2354 1963 21,
2405 1881 2642 1944 Romae
2688 1901 2794 1965 ap.
2845 1883 2913 1943 S.
2967 1880 3254 1943 Petrum.

1248 2035 1547 2120 Gotfrido
1593 2036 1669 2098 de
1715 2034 2095 2099 Smalbruch
2140 2036 2564 2117 conferuntur
2611 2038 3022 2099 canonicatus
3067 2042 3126 2098 et
3161 2033 3530 2119 praebenda
3569 2055 3710 2096 cum
3748 2034 3994 2115 supple-

1156 2147 1385 2220 mento,
1431 2142 1493 2202 in
1535 2141 1788 2203 ecclesia
1838 2140 2018 2220 Traj.
2063 2149 2351 2203 vacantes
2380 2163 2503 2224 per
2534 2140 2766 2202 obitum
2805 2139 3022 2223 Eyidii
3067 2137 3348 2223 Waspar
3385 2139 3718 2200 literarum
3752 2143 3989 2220 aposto-

1158 2247 1425 2309 licarum
1471 2249 1823 2330 scriptoris.
1877 2284 1958 2294 —
2012 2248 2426 2331 Deputantur
2471 2255 2843 2310 executores.

1157 2430 1482 2494 Nobilitas
1544 2432 1869 2515 generis..
1899 2479 1913 2494 .
1945 2479 1958 2493 .
2026 2432 2178 2495 Dat.
2251 2433 2462 2496 Rome
2527 2431 2698 2518 apud
2750 2431 3062 2495 Sanctum
3110 2430 3420 2512 Petrum,
3487 2430 3588 2493 XI
3639 2429 3747 2493 Kl.
3799 2428 3983 2513 maji,

927 2557 1100 2600 anno
1149 2542 1359 2600 sext0.

1350 2652 1474 2714 Ray.
1509 2654 1607 2701 Ao.
1652 2654 1705 2700 T.
1746 2652 1829 2712 ¹7,
1855 2656 1917 2716 s.
1952 2653 2066 2702 333.

919 3147 1113 3214 1862.
1725 3153 1935 3233 1368,
1988 3150 2157 3234 Maji
2201 3155 2277 3234 9,
2326 3151 2562 3214 Romae
2608 3173 2712 3235 ap.
2767 3151 2833 3217 S.
2885 3151 3179 3215 Petrum.

1241 3303 1596 3366 Guittermo
1667 3305 1948 3387 episcopo
2022 3303 2359 3367 Sabinensi
2425 3310 2864 3387 canonicatus,
2923 3306 3288 3390 praebenda
3350 3313 3411 3368 et
3471 3306 3878 3369 thesauraria
3920 3307 3980 3368 in

1143 3409 1397 3472 ecclesia
1446 3409 1498 3471 b.
1551 3407 1804 3472 Mariae
1857 3408 2039 3491 Traj.
2091 3412 2217 3493 ipsi
2263 3411 2531 3474 collatae
2577 3412 2653 3474 de
2686 3433 2838 3476 novo
2871 3413 3366 3495 confirmantur,
3414 3434 3552 3476 cum
3587 3433 3628 3475 a
3662 3413 3979 3476 nonnullis

1143 3512 1495 3595 dubitetur,
1562 3516 1895 3598 quominus
1957 3516 2127 3578 dicta
2192 3515 2486 3597 beneficia
2554 3526 2701 3581 tunc
2755 3519 2842 3580 ad
2886 3519 3350 3602 dispositionem
3401 3520 3565 3582 sedis
3612 3519 3979 3603 apostolicae

1140 3641 1357 3682 revera
1404 3624 1839 3704 spectaverint.

1139 3804 1312 3868 Dum
1360 3802 1442 3867 ad
1491 3825 1836 3891 personam
1886 3814 2130 3869 tuam..
2158 3853 2174 3868 .
2203 3852 2219 3868 .
2287 3804 2441 3869 Dat.
2492 3806 2701 3871 Rome
2750 3807 2925 3892 apud
2974 3806 3290 3872 Sanctum
3338 3806 3649 3889 Petrum,
3701 3805 3835 3870 VII
3879 3804 3968 3869 Id.

917 3908 1110 3994 Maji,
1159 3931 1332 3974 anno
1383 3923 1596 3975 sext0.

1330 4046 1455 4108 περ.
1490 4047 1588 4095 Α..
1633 4047 1684 4094 T.
1723 4045 1814 4106 17,
1840 4048 1901 4109 s.
1937 4024 2076 4095 514.)

908 4543 1100 4609 1863.
1713 4550 1928 4628 1368,
1979 4546 2151 4626 Maji
2197 4549 2319 4630 25,
2379 4569 2485 4631 ap.
2537 4546 3170 4627 Montemflasconem.

1226 4700 1577 4781 Godefrido
1624 4701 1698 4764 de
1748 4701 2059 4765 Nersdom
2110 4702 2457 4765 Guillermi
2501 4702 2772 4783 episcopi
2820 4698 3183 4762 Sabinensis
3229 4701 3482 4762 notario
3529 4706 3588 4762 et
3638 4700 3704 4761 in
3738 4697 3970 4762 artibus

1130 4809 1433 4890 maqistro
1480 4809 1899 4890 conferuntur
1945 4811 2383 4889 canonicatus,
2421 4807 2791 4891 praebenda
2837 4827 2977 4870 cum
3024 4807 3458 4889 supplemento
3506 4812 3565 4868 et
3605 4805 3968 4883 decanatus,

1132 4914 1196 4976 in
1269 4915 1523 4977 ecclesia
1593 4914 1647 4977 b.
1723 4915 1909 4977 Petri
1982 4914 2161 4997 Traj.
2220 4936 2344 4998 per
2407 4913 2635 4977 obitum
2711 4913 3041 4976 Tilmanni
3102 4911 3315 4995 (Oem)
3377 4912 3761 4995 apostolicae
3820 4909 3970 4975 sedis

1130 5020 1451 5103 capellani
1493 5029 1780 5084 vacantes
1826 5029 1885 5085 et
1929 5023 2062 5083 250
2093 5020 2481 5101 florenorum
2515 5022 2666 5081 auri
2695 5020 2971 5081 valorem
3004 5037 3288 5081 annuum
3323 5038 3448 5080 non
3480 5015 3851 5080 excedentes.
3887 5048 3959 5061 -

1133 5125 1546 5210 Deputantur
1591 5135 1959 5191 executores.

1137 5311 1540 5375 Litterarum
1599 5311 1890 5376 scientia.
1921 5359 1936 5375 .
1969 5360 1982 5373 .
2012 5359 2027 5374 .
2103 5311 2261 5374 Dat.
2312 5308 2485 5395 apud
2538 5308 3186 5372 Montemfleseonem
3235 5307 3384 5388 (sic)
3431 5306 3970 5392 Balnooregensis

907 5414 1217 5498 diocesia,
1270 5415 1440 5481 VIII
1488 5417 1595 5480 Kl.
1645 5416 1865 5499 Junii,
1914 5437 2086 5480 anno
2136 5423 2350 5479 sexto.

1327 5553 1448 5614 1209.
1485 5552 1581 5599 Ao.
1627 5553 1677 5598 T.
1716 5551 1807 5613 17,
1833 5553 1893 5612 f.
1930 5550 2042 5600 263.
