4450 6684
1797 573 2257 655 Innocens-ms
2307 570 2428 637 VI.
3561 565 3647 630 73

571 793 762 861 1541.
1574 794 1788 876 1355,
1843 793 2123 860 Octobris
2168 795 2242 878 1,
2290 794 2655 858 Avenionis.

887 949 1218 1015 Fidelibus
1274 950 1737 1036 poenitentibus
1798 958 1858 1015 et
1922 951 2220 1033 confessis
2239 999 2257 1033 ,
2323 953 2437 1036 qui
2481 953 2668 1016 certis
2712 950 2928 1015 diebus
2974 951 3290 1014 ecclesiam
3338 949 3406 1014 S.
3455 948 3649 1014 Petri

796 1057 874 1122 de
933 1058 1137 1141 Axel,
1198 1058 1309 1122 ubi
1365 1060 1573 1143 imaqo
1636 1058 1703 1122 S.
1757 1058 1979 1123 Crucis
2025 1060 2344 1141 consistit,
2392 1061 2728 1123 annuatim
2774 1060 3171 1123 visitaverint
3220 1065 3280 1121 et
3323 1056 3643 1139 fabricam

799 1164 1072 1248 ejusdem
1117 1165 1405 1229 ecclesiae
1449 1165 1845 1249 adjuverint,
1892 1164 2255 1230 conceditur
2299 1166 2699 1251 indulqentia
2742 1168 2935 1230 unius
2975 1168 3132 1229 anni
3163 1171 3222 1229 et
3251 1165 3340 1228 40
3371 1163 3640 1228 dierum.

797 1346 1142 1413 Universis
1188 1345 1436 1413 Christi
1482 1345 1788 1413 fidelibus
1835 1354 2180 1435 presentes
2224 1348 2482 1414 litteras
2526 1348 2922 1435 inspecturis
2969 1348 3250 1413 salutem
3295 1354 3406 1413 etc.

796 1453 1124 1541 Splendor
1183 1459 1460 1542 paterne
1524 1455 1730 1540 glorie
1749 1503 1767 1538 ,
1833 1456 1945 1543 qui
2009 1477 2129 1521 sua
2189 1456 2509 1521 mundum
2563 1455 2895 1521 illuminat
2940 1454 3258 1521 ineffabili
3306 1454 3603 1520 claritate
3627 1502 3645 1536 ,

574 1562 683 1650 pia
744 1567 902 1627 vota
945 1559 1242 1627 fidelium
1289 1561 1373 1627 de
1420 1561 1934 1627 clementissima
1979 1563 2185 1649 ipsius
2232 1564 2601 1648 magestate
2649 1562 2798 1647 (sic)
2846 1560 3251 1649 sperantium
3298 1566 3458 1625 tunc
3504 1580 3650 1647 pre-

572 1668 759 1755 cipue
827 1667 1117 1753 benigno
1185 1667 1408 1735 favore
1478 1669 1930 1756 prosequitur,
2000 1690 2150 1734 cum
2214 1668 2457 1735 devota
2515 1670 2808 1756 ipsorum
2867 1667 3205 1733 humilitas
3259 1671 3635 1732 sanctorum

575 1775 878 1863 precibus
943 1780 1012 1840 et
1072 1775 1324 1841 meritis
1388 1775 1760 1862 adjuvatur.
1858 1776 2220 1863 Cupientes
2284 1776 2518 1863 igitur,
2580 1782 2656 1841 ut
2719 1775 2997 1841 ecclesia
3059 1774 3268 1839 sancti
3328 1774 3516 1840 Petri
3565 1772 3649 1839 de

572 1882 746 1948 Axle
793 1883 1237 1969 Trajectensis
1284 1883 1593 1967 diocesis,
1642 1883 1758 1949 ubi
1797 1905 2035 1971 ymago
2079 1890 2306 1950 sancte
2340 1884 2582 1967 crucis,
2631 1883 2715 1948 ad
2749 1885 2936 1970 qu’us
2966 1883 3285 1948 honorem
3320 1882 3644 1947 Dominus

576 1996 798 2055 noster
843 1991 1055 2056 multa
1101 1991 1415 2056 miracula
1462 1997 1806 2078 operatur,
1855 1991 2188 2075 consistit,
2240 1992 2546 2077 congruis
2589 1991 2949 2057 honoribus
2980 1990 3441 2076 frequentetur
3471 1995 3540 2053 et
3571 1994 3648 2051 ut

575 2097 816 2163 Christi
876 2098 1108 2165 fideles
1155 2119 1235 2165 eo
1280 2098 1599 2165 libentius
1647 2121 1845 2167 causa
1890 2099 2264 2165 devotionis
2313 2100 2649 2165 confluant
2697 2097 2780 2164 ad
2829 2097 3139 2181 eandem,
3199 2117 3327 2184 quo
3374 2096 3644 2161 uberius

576 2203 747 2268 dono
795 2205 1055 2271 celestis
1101 2206 1312 2292 gratie
1358 2205 1607 2272 ibidem
1653 2206 2124 2293 conspexerint
2164 2227 2236 2271 se
2276 2206 2590 2289 refectos,
2642 2206 2725 2271 de
2766 2205 3237 2292 omnipotentis
3280 2204 3407 2268 Dei
3447 2202 3643 2267 mise-

573 2310 851 2376 ricordia
896 2317 964 2378 et
1009 2313 1357 2379 beatorum
1387 2314 1575 2380 Petri
1612 2319 1681 2379 et
1715 2313 1910 2379 Pauli
1941 2314 2390 2400 apostolorum
2425 2315 2569 2399 ejus
2600 2314 2994 2379 auctoritate
3027 2312 3289 2395 confisi,
3341 2310 3646 2377 omnibus

572 2437 725 2483 vere
787 2420 1241 2505 penitentibus
1303 2426 1375 2488 et
1437 2421 1754 2487 confessis
1776 2470 1793 2504 ,
1860 2421 1974 2508 qui
2036 2420 2201 2486 feria
2262 2420 2468 2486 tercia
2512 2426 2662 2507 post
2708 2419 2951 2487 festum
2998 2420 3465 2500 Pentecostes,
3515 2438 3648 2504 qua

575 2522 750 2590 dicta
810 2526 1087 2593 ecclesia
1146 2527 1531 2594 sollenniter
1594 2533 1662 2593 et
1722 2527 1989 2614 publice
2035 2549 2076 2593 a
2123 2527 2733 2593 circumvicinorum
2777 2528 3171 2615 populorum
3219 2524 3646 2591 multitudine

574 2632 761 2697 annis
805 2633 1082 2720 singulis
1129 2634 1373 2701 dictam
1420 2634 1777 2700 deferendo
1825 2635 2203 2721 ymaginem
2251 2635 2822 2722 processionaliter
2862 2635 3204 2717 circuitur,
3252 2655 3329 2699 ac
3370 2630 3648 2719 singulis

573 2738 1039 2806 festivitatibus
1095 2742 1346 2808 scilicet
1393 2743 1605 2808 sancti
1651 2742 1835 2807 Petri
1883 2742 1966 2807 ad
2012 2741 2301 2807 Vincula
2347 2741 2628 2829 apostoli
2676 2746 2745 2808 et
2793 2742 3005 2808 sancti
3048 2740 3338 2809 Bavonis
3387 2739 3640 2806 confes-

578 2846 739 2910 soris
801 2847 1144 2913 ecclesiam
1208 2853 1277 2913 et
1337 2849 1712 2935 ymaginem
1761 2848 2092 2935 predictas
2139 2847 2382 2914 devote
2428 2848 2843 2914 visitaverint
2890 2850 3232 2914 annuatim
3280 2852 3350 2914 et
3397 2846 3645 2913 fabrice

577 2951 782 3037 ipsius
844 2955 1122 3019 ecclesie
1177 2976 1410 3019 manus
1456 2956 1874 3042 porrexerint
1923 2954 2311 3040 adjutrices,
2359 2976 2564 3019 unum
2612 2976 2858 3021 annum
2904 2962 2974 3021 et
3020 2955 3456 3044 quadraginta
3502 2954 3647 3020 dies

584 3058 664 3124 de
719 3060 1036 3146 injunctis
1085 3062 1179 3125 eis
1224 3062 1611 3148 penitentiis
1659 3062 1934 3148 singulis
1984 3059 2294 3127 videlicet
2343 3061 2518 3126 dicte
2563 3061 2724 3128 ferie
2772 3083 2847 3127 ac
2893 3063 3327 3128 festivitatum
3373 3062 3607 3128 diebus
3627 3111 3645 3145 ,

577 3166 811 3252 quibus
880 3168 1224 3233 ecclesiam
1296 3189 1372 3233 ac
1441 3170 1817 3256 ymaginem
1882 3168 2171 3256 prefatas
2190 3216 2208 3251 ,
2273 3174 2349 3232 ut
2408 3169 2772 3256 prefertur,
2838 3170 3250 3235 visitaverint
3297 3175 3366 3235 et
3410 3190 3646 3235 manus

579 3275 1024 3360 porrexerint,
1071 3280 1147 3340 ut
1192 3277 1540 3362 prefertur,
1587 3275 2096 3341 misericorditer
2127 3276 2524 3342 relaxamus.
2572 3276 2729 3342 Dat.
2761 3276 3123 3361 Avinione,
3161 3276 3272 3342 Kl.
3309 3276 3648 3360 Octobris,

580 3402 749 3447 anno
796 3383 1023 3448 tercio.

998 3501 1125 3564 Ray.
1159 3502 1258 3550 Au.
1302 3502 1355 3550 T.
1392 3499 1450 3561 9,
1476 3501 1536 3564 f.
1572 3499 1687 3550 499.

581 3975 771 4043 1542.
1522 3980 1736 4061 1355,
1785 3977 2154 4044 Novembris
2199 3982 2275 4062 9,
2322 3980 2687 4045 Avenionis.

892 4131 1127 4196 Jacobo
1168 4131 1243 4196 de
1287 4130 1703 4198 Westervoert
1733 4133 2066 4216 confertur
2083 4132 2489 4217 parochialis
2521 4133 2777 4198 ecclesia
2810 4132 2877 4197 S.
2912 4133 3195 4198 Martini
3224 4137 3294 4199 in
3324 4135 3649 4219 Arnhem,

804 4259 998 4324 quam
1057 4260 1197 4307 cum
1257 4240 1555 4305 Johanne
1614 4240 1780 4306 dicto
1847 4240 2149 4335 Caupol)
2199 4261 2331 4325 pro
2380 4240 2752 4324 parochiali
2796 4241 3050 4305 ecclesia
3095 4240 3164 4304 S.
3212 4240 3531 4328 Lutkqeri
3572 4245 3646 4307 in

801 4348 1197 4434 Dorenspich
1229 4352 1493 4433 putavit
1525 4348 2051 4434 permutandam.

800 4532 1178 4620 Apostolice
1226 4532 1419 4597 sedis.
1451 4581 1467 4597 .
1496 4581 1511 4597 .
1540 4579 1558 4598 .
1606 4531 1760 4599 Dat.
1809 4531 2181 4616 Avinione,
2231 4532 2294 4597 V
2341 4532 2442 4598 Id.
2491 4533 2917 4619 Novembris,
2965 4533 3386 4622 pontificatus
3433 4536 3648 4601 nostri

580 4658 751 4704 anno
799 4640 1022 4705 tercio.

994 4752 1381 4822 *autographum
1423 4756 1480 4806 in
1524 4756 1729 4806 archivo
1761 4756 1989 4806 civitatis
2029 4756 2417 4821 Arnhemensis,
2454 4772 2581 4807 arca
2614 4756 2702 4819 35,
2738 4774 2848 4807 cum
2879 4757 3051 4821 sigillo
3076 4759 3308 4823 plumbeo
3329 4759 3451 4825 filis
3483 4760 3663 4811 sericis

925 4841 1069 4890 rubri
1099 4842 1332 4907 flavique
1374 4840 1556 4890 coloris
1588 4856 1808 4905 appenso
1818 4862 1840 4898 ,·
1886 4841 1942 4889 in
1980 4841 2129 4906 plica
2174 4840 2458 4904 inferiori:
2507 4840 2571 4891 R.
2606 4841 2670 4890 de
2707 4840 2875 4904 Valle3
2913 4858 2948 4891 a
2984 4846 3153 4906 tergo.-
3191 4842 3253 4895 R.
3295 4845 3663 4910 Apoyraphm

925 4924 1104 4974 ibidem
1137 4924 1378 4974 insertum
1411 4923 1603 4986 literis,
1640 4923 1816 4987 quibus
1851 4924 2146 4974 Willermus
2168 4925 2232 4973 de
2251 4923 2366 4973 Zilae
2380 4924 2717 4988 provisionem
2732 4926 3045 4989 praefatam
3066 4927 3344 4977 executioni
3365 4929 3659 4993 demandat,

926 5009 1027 5059 dd.
1073 5007 1139 5059 14
1183 5008 1461 5058 Decembris
1504 5025 1587 5059 an.
1633 5007 1766 5058 1355
1812 5008 2115 5073 Aveniom's,
2178 5008 2415 5058 Johamse
2458 5010 2520 5058 de
2576 5009 2868 5059 Westrenen
2913 5010 2968 5061 S.
3011 5011 3186 5075 Petri,
3238 5011 3474 5062 Joham
3526 5013 3665 5063 dieto

937 5093 1214 5157 Tenynayel
1265 5093 1318 5143 S.
1362 5093 1577 5143 Μανία
1618 5094 1759 5157 Traj.
1795 5092 2114 5143 ecclesiarum
2146 5093 2402 5144 canonicis
2433 5092 2720 5157 maqistris,
2774 5095 3008 5145 Arnoldo
3043 5097 3105 5145 de
3138 5096 3461 5161 Novimayio,
3516 5097 3664 5145 Hen-

926 5177 1033 5228 rico
1078 5178 1211 5227 dicto
1245 5177 1424 5227 Bitter
1458 5178 1518 5227 de
1554 5176 1796 5226 Embrica
1829 5177 1885 5226 in
1926 5177 2155 5227 Romana
2189 5178 2336 5227 curia
2362 5178 2807 5242 procuratoribus,
2848 5179 3196 5243 praesentibus
3228 5180 3436 5229 testibus
3445 5202 3467 5238 ,·
3502 5206 3574 5217 —
3604 5178 3661 5228 in

927 5261 1110 5311 charta
1152 5262 1462 5311 menibranea
1507 5277 1616 5311 cum
1648 5260 1819 5325 siyillo
1852 5276 1989 5311 cereo
2021 5261 2202 5326 rubro,
2250 5263 2493 5327 scu-iptum
2518 5279 2617 5327 per
2652 5261 3010 5327 Enqelbortum
3044 5262 3307 5311 Soubekini
3342 5263 3404 5311 de
3434 5263 3661 5312 Arabon·

922 5345 1153 5395 clericam
1195 5347 1242 5394 T
1232 5347 1336 5411 raj.
1371 5345 1522 5395 dioec.
1536 5382 1550 5408 ‚
1585 5344 1846 5395 marium
1869 5345 2143 5408 publicum.

990 5431 1058 5481 Ρ.
1094 5429 1307 5496 Nijhoff
1330 5429 1623 5480 Inventaris
1655 5429 1770 5479 25⁸2

728 5556 786 5621 1)
820 5555 924 5608 Cfr.
957 5571 1120 5622 supra
1153 5571 1303 5609 num.
1335 5557 1486 5608 1005.

797 5871 883 5932 11.
3344 5872 3419 5930 10
