4450 6684
1800 522 2203 590 Gnsoonrus
2249 523 2369 590 XI.
3485 527 3615 590 247

548 742 966 807 siasticarum
1014 747 1082 807 et
1127 742 1580 827 religiosarum
1628 744 1720 807 sic
1768 749 2104 830 captarum
2153 764 2273 808 seu
2318 742 2736 808 detentarum
2784 766 2860 809 ac
2890 752 3366 810 carceratarum
3398 765 3621 832 recep·

559 852 840 930 tatores,
905 847 1328 914 ecclesiarum
1391 849 1769 914 effractores
1833 856 1903 915 et
1959 850 2400 914 incendiarios
2462 871 2538 915 ac
2602 871 2820 915 rerum
2867 858 2936 916 et
2980 852 3299 917 bonorum
3347 853 3418 916 in
3461 853 3622 938 ipsis

557 955 993 1038 monasterio,
1060 956 1456 1042 prioratibus
1520 962 1590 1022 et
1651 957 1813 1022 locis
1875 957 2310 1022 existencium
2366 957 2693 1022 violentos
2741 958 3163 1044 spoliatores,
3211 965 3508 1041 raptores
3556 965 3626 1025 et

557 1060 1025 1149 depredatores
1090 1084 1348 1128 necnon
1414 1064 1570 1128 talia
1632 1064 1775 1128 fieri
1835 1063 2224 1128 mandantes
2282 1085 2399 1129 seu
2446 1069 2873 1150 procurantes
2920 1071 3037 1128 aut
3083 1086 3308 1129 eorum
3356 1067 3622 1131 nomine

559 1188 676 1232 seu
740 1168 1050 1233 mandato
1113 1170 1321 1252 facta,
1389 1175 1532 1235 rata
1595 1174 1665 1234 et
1719 1175 1909 1255 grata
1953 1170 2313 1251 habentes,
2361 1176 2593 1256 utpote
2642 1171 3244 1235 excommunicatos
3290 1194 3330 1237 a
3373 1193 3625 1239 canone

563 1275 959 1360 generaliter
1005 1296 1124 1361 per
1170 1297 1397 1342 omnes
1446 1276 1754 1341 ecclesias
1802 1281 1872 1341 et
1914 1277 2087 1358 loca,
2138 1277 2207 1340 in
2241 1276 2478 1362 quibus
2510 1276 2824 1363 expedire
2857 1275 3181 1358 videritis,
3233 1278 3624 1344 auctoritate

558 1387 787 1446 nostra
834 1383 1436 1447 excommunicatos
1484 1381 1746 1469 publice
1792 1382 2143 1446 nuncietis.
2216 1381 2306 1446 Et
2350 1382 2620 1468 insuper
2667 1402 2893 1447 omnes
2941 1389 3008 1447 et
3042 1382 3333 1467 singulos
3366 1388 3499 1447 tam
3534 1385 3625 1448 sic

563 1488 1164 1552 excommunicatos
1229 1510 1268 1551 a
1314 1508 1566 1553 canone
1614 1509 1808 1574 quam
1856 1487 2234 1571 hujusmodi
2283 1488 2696 1570 monasterii,
2759 1488 3168 1575 prioratuum
3218 1495 3286 1553 et
3331 1489 3623 1554 locorum

562 1615 636 1658 ac
699 1614 1124 1679 personarum
1190 1595 1777 1660 ecclesiasticarum
1840 1599 1911 1659 et
1956 1595 2410 1679 religiosarum
2459 1593 2901 1680 predictorum
2957 1594 3380 1680 spoliatores,
3428 1595 3627 1659 libro·

561 1720 734 1782 rum,
792 1700 1154 1784 fructuum,
1204 1701 1577 1766 reddituum
1625 1707 1693 1766 et
1740 1701 2014 1766 aliorum
2061 1702 2384 1765 bonorum
2431 1701 2832 1787 prefatorum
2881 1706 3337 1787 occupatores,
3393 1701 3622 1767 deten-

570 1813 773 1886 tores,
822 1814 1147 1895 raptores,
1197 1809 1694 1895 depredatores,
1744 1808 2137 1873 abductores
2185 1814 2256 1873 et
2300 1814 2770 1894 asportatores,
2816 1828 3077 1873 necnon
3122 1829 3265 1891 eos,
3314 1810 3426 1895 qui
3474 1810 3632 1873 talia

562 1914 703 1977 fieri
769 1935 889 1979 seu
951 1915 1271 1979 committi
1333 1914 1816 1980 mandaverunt
1878 1936 1996 1979 seu
2053 1915 2355 1979 fecerunt
2402 1920 2517 1979 aut
2565 1935 2792 1979 eorum
2840 1915 3105 1980 nomine
3152 1936 3271 1979 seu
3317 1916 3627 1981 mandato

562 2019 737 2084 facta
799 2041 918 2085 seu
982 2022 1324 2086 commissa
1392 2025 1536 2086 rata
1579 2021 1956 2087 habuerunt
2002 2042 2120 2085 seu
2165 2020 2456 2103 habent,
2504 2021 2925 2106 ipsorumque
2972 2040 3053 2084 ea
3099 2022 3507 2106 patrancium
3556 2043 3632 2086 ac

568 2147 783 2191 rerum
849 2132 917 2192 et
980 2127 1305 2192 bonorum
1371 2127 1745 2212 hujusmodi
1808 2128 1875 2191 in
1941 2127 2210 2213 predam
2276 2133 2758 2215 asportatorum
2821 2133 3264 2214 receptatores
3313 2150 3397 2194 ex
3445 2137 3632 2216 parte

564 2239 790 2298 nostra
835 2234 1237 2318 generaliter
1285 2234 1546 2320 publice
1593 2235 1662 2298 in
1711 2235 2005 2299 ecclesiis
2053 2255 2271 2299 coram
2320 2235 2565 2321 populo
2613 2254 2733 2319 per
2779 2255 2894 2297 vos
2941 2234 3047 2298 vel
3087 2234 3250 2299 alios
3282 2237 3634 2319 moneatis,

562 2346 637 2404 ut
682 2340 853 2404 infra
899 2346 1386 2427 competentem
1435 2342 1827 2416 terminum,
1877 2362 2071 2425 quem
2121 2341 2216 2405 eis
2266 2341 2698 2427 prefixeritis,
2746 2340 3125 2426 hujusmodi
3174 2348 3440 2427 captos,
3489 2363 3639 2430 spo·

562 2445 753 2527 liata,
802 2451 1022 2532 rapta,
1074 2446 1361 2510 abducta
1407 2453 1475 2511 et
1522 2453 1859 2533 asportata
1904 2448 2260 2512 restituant
2308 2468 2426 2512 seu
2473 2446 2555 2511 de
2603 2447 2762 2533 ipsis
2809 2452 2877 2512 et
2924 2448 3085 2511 alias
3134 2447 3215 2512 de
3258 2449 3635 2545 hujusmodi

563 2570 681 2637 per
741 2572 855 2617 eos
919 2553 1282 2617 commissis
1348 2552 1642 2617 debitam
1701 2553 2216 2618 satisfactionem
2282 2553 2705 2640 impendant,
2768 2560 2838 2618 et
2893 2554 2948 2617 si
2996 2553 3166 2618 infra
3212 2554 3462 2619 dictum
3510 2563 3637 2621 ter-

568 2657 818 2721 minum
878 2657 946 2721 id
995 2679 1130 2722 non
1176 2658 1716 2746 adimpleverint,
1766 2660 1835 2723 in
1881 2659 2062 2741 illos,
2119 2659 2233 2745 qui
2280 2660 2443 2724 alias
2490 2658 2575 2723 ob
2622 2660 2940 2746 premissa
2986 2680 3026 2723 a
3060 2660 3214 2743 jure
3263 2681 3636 2726 excommu-

570 2763 771 2828 nicati
819 2785 951 2830 non
999 2772 1189 2848 sunt,
1237 2766 1612 2850 generalem
1662 2766 2370 2832 excommunicacionis
2403 2766 2808 2830 sentenciam
2840 2765 3185 2851 proferatis
3216 2766 3638 2853 ipsorumque

565 2869 855 2933 omnium
925 2870 1305 2955 hujusmodi
1367 2873 1619 2937 monita
1681 2892 1814 2936 non
1876 2871 2382 2959 adimplencium
2445 2876 2653 2936 terras
2675 2919 2692 2953 ,
2740 2870 2973 2956 opida,
3024 2877 3272 2955 castra,
3319 2872 3510 2937 villas
3557 2880 3628 2938 et

561 2973 708 3040 loca
752 2975 1093 3040 subiciatis
1141 2978 1586 3043 ecclesiastico
1634 2977 2008 3043 interdicto.
2078 2978 2397 3044 Preterea
2442 2983 2579 3042 tam
2617 2976 2949 3063 predictos
2981 2998 3178 3063 quam
3209 2977 3373 3043 alios
3406 2998 3633 3044 omnes

570 3086 638 3146 et
700 3080 1031 3166 singulos,
1094 3102 1407 3169 personas
1469 3084 1946 3150 ecclesiasticas
2008 3085 2335 3149 seculares
2395 3088 2465 3148 et
2524 3083 2893 3169 regulares,
2941 3084 3247 3167 comites,
3294 3105 3633 3170 proceres,

564 3186 873 3269 barones,
924 3189 1209 3273 nobiles,
1258 3190 1502 3256 milites
1550 3196 1620 3257 et
1663 3192 1897 3274 laicos,
1947 3191 2323 3258 communia
2361 3210 2623 3277 quoque
2655 3195 2724 3255 et
2754 3190 3218 3256 universitates
3250 3191 3620 3275 civitatum,

565 3298 964 3377 castrorum,
1028 3295 1333 3360 villarum
1394 3303 1463 3363 et
1525 3297 1800 3363 aliorum
1864 3318 2404 3385 quorumcunque
2465 3297 2759 3362 locorum
2805 3296 3202 3382 generaliter
3259 3303 3327 3363 et
3373 3298 3634 3384 publice

552 3398 792 3464 eadem
858 3402 1254 3467 auctoritate
1316 3424 1582 3468 monere
1648 3404 1926 3487 curetis,
1991 3410 2065 3469 ut
2128 3427 2168 3470 a
2231 3404 2472 3470 talibus
2538 3404 2801 3469 omnino
2866 3402 3175 3490 deinceps
3232 3404 3628 3470 abstineant.

563 3504 878 3591 Alioquin
926 3513 1174 3572 extunc
1219 3508 1291 3573 in
1337 3529 1564 3574 omnes
1611 3515 1680 3575 et
1727 3510 2053 3596 singulos,
2104 3510 2216 3597 qui
2265 3509 2425 3574 talia
2470 3509 2879 3574 committere
2919 3514 3034 3573 aut
3066 3515 3459 3595 atteniptare
3491 3530 3633 3595 pre·

570 3613 998 3698 sumpserint,
1045 3614 1114 3678 in
1164 3615 1528 3700 singulares
1575 3616 1825 3681 scilicet
1871 3637 2217 3703 personas,
2266 3616 2338 3681 in
2382 3616 2513 3680 illis
2546 3614 2856 3680 videlicet
2887 3615 3145 3679 casibus
3178 3636 3263 3680 ex
3296 3614 3634 3702 predictis,

571 3701 643 3780 in
690 3719 927 3803 quibus
975 3723 1727 3788 excommunicacionem
1774 3745 1892 3810 per
1928 3724 2067 3809 jam
2118 3722 2331 3788 editos
2378 3742 2662 3787 canones
2709 3742 2842 3786 non
2889 3721 3214 3804 subirent,
3263 3742 3637 3787 excommu-

564 3824 954 3910 nicacionis,
1003 3849 1078 3891 ac
1125 3830 1194 3892 in
1243 3830 1703 3895 universitates
1751 3838 1818 3896 et
1862 3831 2367 3896 communitates
2399 3829 2575 3893 acin
2614 3828 2902 3892 omnium
2936 3832 3004 3892 et
3036 3828 3440 3913 singulorum
3474 3827 3632 3892 talia

562 3933 1118 3998 committencium
1167 3935 1499 4019 civitates,
1550 3937 1776 4022 opida,
1825 3943 2072 4020 castra,
2122 3943 2358 4018 terras,
2409 3935 2596 4000 villas
2643 3940 2713 3999 et
2751 3934 2896 3998 loca
2924 3933 3259 3997 interdicti
3291 3934 3631 4018 generales

562 4039 934 4103 sentencias
979 4041 1345 4126 proferatis.
1412 4043 1499 4108 Et
1545 4044 2008 4109 nichilominus
2056 4064 2283 4108 omnes
2331 4048 2400 4108 et
2447 4041 2769 4127 singulos,
2818 4061 2980 4127 quos
3022 4040 3401 4127 simpliciter
3440 4048 3508 4105 et
3547 4040 3629 4105 de

561 4141 757 4227 plano
805 4145 946 4210 sine
995 4149 1275 4234 strepitu
1322 4155 1389 4214 et
1435 4150 1646 4235 figura
1682 4149 1917 4236 judicii
1938 4199 1955 4233 ,
2004 4151 2230 4215 solerti
2277 4155 2345 4215 et
2390 4149 2570 4214 fideli
2618 4146 2916 4213 adhibita
2961 4146 3312 4232 diligencia
3334 4196 3352 4230 ,
3401 4168 3631 4235 reppe-

567 4249 783 4313 reritis
833 4252 992 4318 talia
1038 4257 1435 4322 commisisse
1482 4264 1598 4321 aut
1644 4257 1876 4322 fecisse
1922 4257 2029 4322 vel
2076 4255 2463 4337 mandasse,
2522 4254 2665 4319 fieri
2712 4258 2826 4317 aut
2876 4254 3194 4318 committi
3242 4259 3358 4316 aut
3403 4273 3630 4317 eorum

557 4355 822 4421 nomine
870 4359 974 4424 vel
1022 4361 1332 4428 mandato
1379 4363 1552 4428 facta
1599 4385 1717 4429 seu
1766 4364 2110 4428 commissa
2157 4367 2300 4426 rata
2347 4367 2414 4426 et
2461 4366 2652 4446 grata
2697 4359 3006 4425 habuisse
3055 4379 3173 4423 seu
3219 4360 3288 4423 in
3334 4359 3626 4424 futurum

566 4462 978 4529 committere
1044 4468 1149 4531 vel
1210 4469 1424 4534 facere
1491 4475 1607 4534 aut
1654 4470 1965 4535 mandare
2013 4469 2155 4534 fieri
2204 4473 2321 4533 aut
2366 4487 2591 4532 eorum
2638 4467 2903 4530 nomine
2950 4465 3056 4529 vel
3101 4464 3410 4530 mandato
3458 4466 3632 4529 facta

562 4585 677 4630 seu
726 4570 1071 4634 commissa
1116 4578 1258 4637 rata
1302 4580 1369 4638 et
1408 4580 1595 4661 grata
1626 4575 1903 4659 habere,
1952 4577 2006 4640 si
2040 4576 2405 4660 singulares
2437 4592 2778 4660 persones,
2826 4571 2962 4636 sive
2996 4571 3079 4635 ab
3109 4570 3342 4636 eodem
3374 4591 3625 4635 canone

561 4673 700 4739 sive
771 4676 997 4763 vigore
1061 4681 1502 4748 monicionum
1548 4683 1923 4768 hujusmodi
1970 4681 2518 4749 excommunicati
2566 4681 2729 4762 sint,
2777 4677 3375 4743 excommunicatos
3421 4677 3626 4742 nomi·

560 4782 761 4846 natim
795 4832 812 4865 ‚
879 4786 1168 4852 candelis
1228 4789 1554 4873 accensis,
1620 4791 1675 4854 si
1737 4812 1895 4856 vero
1949 4790 2452 4855 communitates
2499 4788 2604 4853 vel
2650 4784 3114 4851 universitates
3161 4783 3505 4849 extiterint
3548 4804 3624 4848 ac

561 4888 1038 4956 municionibus
1086 4893 1463 4980 hujusmodi
1496 4916 1631 4960 non
1661 4898 2031 4982 paruerint,
2080 4917 2192 4961 eos
2224 4896 2431 4960 eciam
2465 4892 2851 4958 nominatim
2882 4891 3300 4977 ipsorumque
3334 4889 3623 4953 omnium

560 4999 628 5058 et
674 4996 1078 5083 singularum
1126 5021 1585 5088 personarum,
1634 5003 2135 5067 universitatum
2186 5007 2255 5066 et
2293 4998 2835 5066 communitatum
2866 4995 3113 5062 eisdem
3147 4993 3623 5060 monicionibus

561 5120 693 5167 non
739 5107 1119 5190 parencium
1167 5108 1498 5192 civitates,
1547 5107 1778 5195 opida,
1827 5115 2068 5190 castra,
2119 5112 2363 5190 terras,
2411 5106 2599 5170 villas
2647 5112 2715 5170 et
2758 5103 2905 5168 loca
2948 5099 3300 5166 interdicta
3337 5109 3474 5164 tam
3506 5097 3620 5164 diu

566 5205 798 5274 diebus
863 5208 1203 5276 dominicis
1265 5217 1334 5278 et
1395 5212 1646 5279 festivis
1708 5214 1778 5279 in
1823 5213 2115 5280 ecclesiis
2163 5220 2362 5299 atque
2408 5211 2605 5294 locis,
2660 5209 2730 5273 in
2777 5208 3015 5295 quibus
3061 5205 3247 5270 vobis
3291 5204 3622 5270 videbitur

559 5315 910 5401 expedire,
972 5337 1119 5381 cum
1182 5319 1391 5403 major
1452 5318 1646 5383 fuerit
1692 5319 1764 5384 in
1810 5321 1906 5385 eis
1953 5319 2111 5385 cleri
2158 5325 2226 5384 et
2272 5317 2499 5405 populi
2546 5312 2942 5395 multitudo,
2990 5311 3251 5399 publice
3299 5311 3618 5376 nuntietis

559 5423 629 5482 et
672 5419 927 5485 faciatis
974 5421 1056 5486 ab
1106 5421 1249 5485 aliis
1296 5422 1594 5489 nunciati
1640 5423 1947 5510 ipsosque
1993 5422 2595 5489 excommunicatos
2641 5420 2725 5485 ab
2773 5417 3076 5483 omnibus
3107 5415 3320 5481 arcius
3352 5414 3612 5498 evitari,

557 5524 768 5593 donec
831 5548 1028 5615 super
1088 5527 1215 5593 hiis
1271 5529 1707 5594 satisfecerint
1754 5536 2206 5617 competenter
2253 5535 2321 5594 et
2367 5549 2516 5594 cum
2561 5526 2796 5592 vestris
2840 5523 3079 5589 litteris
3125 5523 3222 5587 rei
3265 5522 3614 5586 veritatem

558 5634 1048 5699 continentibus
1096 5633 1180 5699 ad
1226 5636 1651 5720 apostolicam
1700 5636 1923 5702 sedem
1969 5636 2274 5702 venerint
2319 5655 2439 5723 pro
2487 5631 2926 5699 absolucionis
2969 5631 3053 5695 ab
3086 5628 3612 5694 excommunica-
