4450 6684
1847 564 2163 629 (Im-:unns
2208 564 2328 631 VI.
3581 565 3621 627 5

552 786 743 856 1228.
1552 788 1760 869 1347,
1810 788 2097 872 Auyusti
2141 790 2214 869 6,
2264 788 2631 851 Avenionis.

867 940 1164 1004 Johanm'
1226 939 1492 1024 Roqerii
1550 939 1880 1021 confertur
1930 939 2339 1003 thesauraria
2385 940 2672 1003 ecclesiae
2728 937 3180 1020 Trajectensis,
3233 957 3464 1002 vacans
3499 959 3627 1023 per

778 1047 1014 1112 obitum
1064 1046 1402 1111 Giselberti
1445 1046 1522 1110 de
1567 1045 1854 1128 Jutfaes.
1907 1081 1990 1093 —
2039 1045 2458 1130 Deputantur
2504 1053 2880 1111 eoeecutores.

778 1230 1110 1295 Nobilitas
1158 1229 1440 1315 generis.
1470 1276 1486 1292 .
1516 1276 1531 1291 .
1561 1275 1575 1291 .
1624 1228 1780 1293 Dat.
1828 1226 2198 1309 Avinione‚
2249 1225 2419 1293 VIII
2466 1225 2566 1290 Id.
2614 1227 2939 1312 Augusti,
2991 1248 3162 1290 anno
3212 1236 3424 1291 sexto.

971 1346 1097 1409 12³9.
1131 1347 1230 1394 Αυ.
1276 1347 1329 1394 T.
1364 1343 1454 1407 41,
1483 1346 1545 1408 s.
1579 1342 1719 1394 4790.

1782 1561 2374 1569 ———-——-—-

554 1766 747 1835 1229.
1533 1767 1744 1849 1347,
1792 1767 2075 1851 Auqusti
2120 1768 2238 1847 16,
2286 1767 2650 1830 Aveniom's.

871 1920 1185 2003 Maqistro
1229 1919 1523 1983 Johanm·
1565 1920 1641 1983 de
1686 1920 2000 2005 Pistorio,
2049 1920 2281 1984 decano
2327 1922 2612 1984 ecclesiae
2658 1919 2725 1983 S.
2762 1920 3119 1984 Salvatoris
3160 1919 3370 2001 Traj.,
3419 1920 3626 2004 capel-

785 2029 929 2092 lano
976 2028 1216 2091 domini
1259 2025 1514 2111 Papae,
1562 2026 1921 2091 conceditur
1971 2028 2223 2090 licentia
2267 2026 2344 2089 de
2390 2026 2562 2090 bonis
2607 2029 2741 2090 suis
2791 2026 2976 2090 libere
3023 2025 3311 2090 testandi.

782 2210 952 2286 Quia
996 2210 1344 2297 presentis.
1372 2257 1388 2273 .
1416 2256 1433 2274 .
1465 2257 1479 2273 .
1528 2209 1683 2274 Dat.
1732 2207 2101 2291 Avinione,
2150 2209 2356 2275 XVII
2400 2210 2510 2274 Κ1.
2563 2209 3003 2295 Septembris,
3051 2230 3224 2274 anno
3272 2216 3485 2274 sexto.

972 2329 1097 2392 Ray.
1140 2329 1231 2378 Αυ.
1276 2330 1331 2377 Τ.
1365 2327 1454 2391 44,
1481 2329 1545 2391 s.
1578 2326 1698 2378 464.

552 2750 751 2819 1230.
1499 2754 1708 2832 1347,
1762 2751 2141 2835 Septembris
2190 2753 2263 2832 7,
2310 2751 2676 2815 Avenionis.

886 2905 1225 2970 Wilhelmo
1288 2905 1364 2969 de
1426 2905 1557 2990 Zyl
1613 2907 1836 2969 clerico
1894 2905 2073 2990 Traj.
2123 2907 2313 2971 dioec.
2362 2906 2810 2989 conferendum
2855 2913 3219 2969 reservatur
3267 2904 3628 2986 beneficium

781 3020 1065 3097 spectans
1132 3012 1219 3076 ad
1278 3012 1749 3098 dispositionem
1815 3014 2087 3097 capituli
2150 3013 2571 3097 Trajectensis
2626 3020 2684 3077 et
2729 3033 2869 3076 cum
2914 3033 3073 3076 cura
3119 3014 3207 3074 25
3227 3060 3243 3093 ,
3291 3014 3426 3075 sine
3469 3032 3628 3075 cura

781 3140 922 3183 vero
984 3122 1073 3184 18
1134 3140 1501 3183 marcarum
1560 3120 1813 3203 arqenti
1872 3120 2151 3183 valorem
2215 3141 2500 3184 annuum
2546 3141 2672 3184 non
2719 3118 3030 3183 excedens.
3083 3156 3165 3166 —
3212 3118 3629 3203 Deputantur

778 3233 1146 3290 executores.

782 3409 1118 3475 Honestes
1164 3429 1439 3473 morum.
1470 3457 1485 3473 .
1514 3456 1530 3472 .
1558 3456 1575 3473 .
1625 3407 1779 3473 Dat.
1826 3406 2194 3492 Avinione,
2245 3408 2382 3473 VH
2426 3408 2524 3473 Id.
2581 3407 3023 3494 Septembris,
3074 3428 3247 3473 anne
3296 3414 3508 3474 sexto.

982 3526 1109 3590 Bey.
1142 3528 1242 3577 Ao.
1287 3529 1339 3576 T.
1375 3523 1468 3589 39,
1493 3528 1554 3590 s.
1590 3524 1705 3576 145.

565 3944 749 4014 1231.
1519 3948 1724 4030 1347,
1773 3944 2153 4031 Septembris
2198 3949 2265 4031 7,
2311 3946 2677 4010 Avenionis.

882 4102 1213 4166 Everardo
1271 4101 1557 4165 Arnoldi
1616 4103 1910 4165 canonico
1957 4102 2245 4165 ecclesiae
2290 4098 2432 4165 S.S.
2480 4101 2939 4185 Apostolorum
2987 4101 3202 4165 Colon.
3252 4102 3632 4184 conferenda

795 4216 1201 4273 reservantur
1261 4211 1671 4273 canonicatus
1688 4255 1705 4289 ,
1759 4207 2128 4292 praebenda
2193 4215 2254 4271 et
2296 4208 2799 4291 supplementum
2843 4209 3130 4272 ecclesiae
3182 4208 3629 4291 Trajectensis,

797 4335 959 4400 quae
1022 4336 1166 4380 mox
1224 4335 1452 4378 vacare
1509 4321 1892 4398 sperantur,
1954 4333 2034 4380 ea:
2093 4334 2160 4377 eo
2224 4314 2394 4399 quod
2457 4312 2539 4393 „J
2543 4314 2835 4378 ohannes
2896 4312 2978 4379 de
3035 4313 3235 4378 clivis
3281 4315 3632 4379 canonieus

798 4422 1071 4487 ecclesie
1118 4421 1591 4506 TraJeetensis,
1639 4420 1998 4506 apostolice
2047 4419 2220 4484 sedis
2263 4419 2671 4506 capellanus,
2719 4419 3024 4484 intendat
3058 4419 3139 4484 ad
3172 4420 3450 4505 laycalia
3479 4427 3635 4487 vota

798 4548 867 4593 se
914 4527 1265 4592 transferre
1314 4532 1384 4592 et
1415 4523 1744 4613 quandam
1778 4526 2117 4591 mulierem
2150 4526 2411 4611 publice
2445 4526 2514 4590 in
2547 4544 2821 4592 uxorem
2854 4526 3093 4592 ducere
3124 4527 3514 4614 proponat.”
3549 4567 3634 4580 —

795 4634 1211 4719 Deputantur
1256 4641 1630 4700 executores.

800 4813 959 4880 Vite
1005 4834 1081 4878 ac
1130 4834 1401 4879 morum.
1430 4860 1447 4877 .
1475 4860 1493 4879 .
1522 4861 1537 4876 .
1587 4813 1739 4877 Dat.
1787 4810 2156 4896 Avinione‚
2202 4813 2338 4880 VII
2383 4813 2482 4879 Id.
2535 4813 2974 4900 Septembris,
3019 4835 3194 4881 anno
3242 4823 3455 4883 sexto.

992 4931 1117 4995 Rea·
1151 4932 1249 4981 Αυ.
1293 4933 1347 4981 T.
1382 4930 1470 4996 40,
1495 4933 1559 4995 s.
1591 4928 1731 4981 394v.

572 5343 762 5414 1232.
1497 5349 1705 5430 1347,
1755 5347 2133 5433 Septembris
2179 5352 2299 5432 26,
2351 5350 2717 5415 Avenionis.

885 5501 1127 5565 Abbati
1184 5503 1554 5566 monasterii
1615 5500 1686 5564 S.
1752 5500 2105 5584 Genovefae
2163 5503 2558 5568 Parisiensis
2604 5504 2984 5587 mandatur,
3032 5513 3106 5570 ut
3154 5504 3509 5570 Guillermo
3555 5505 3632 5569 de

794 5608 1093 5692 Dolaqne
1115 5608 1168 5691 1)
1226 5609 1448 5672 clerico
1495 5608 1859 5673 Parisiensi
1903 5611 1972 5673 in
2016 5610 2272 5674 ecclesia
2327 5610 2714 5696 Trajectensi
2758 5614 3193 5677 canonicatum
3238 5614 3529 5694 conferat
3572 5619 3633 5676 et

785 5712 1217 5799 praebendam
1262 5734 1402 5777 cum
1446 5713 1876 5798 supplemento
1921 5724 2209 5781 reservet.
