4450 6684
836 410 961 473 162
2040 445 2041 448 =
2142 406 2475 472 Unsmus
2522 408 2603 472 V.

833 628 1021 697 1841.
1914 630 2120 713 1367,
2175 630 2354 694 Julii
2398 634 2478 713 2,
2541 631 2825 696 Viterbii.

1151 783 1486 846 Machario
1534 783 1609 845 de
1658 783 1959 847 Benthem
2012 785 2236 847 clerico
2294 785 2474 868 Traj.
2523 785 2710 848 dioec.
2760 791 3123 847 reservatur
3170 782 3486 865 officium,
3544 784 3904 848 dormitorii

1061 889 1347 971 officium
1416 897 1888 973 nuncupatum,
1955 889 2126 973 quod
2186 892 2252 953 in
2316 893 2571 954 ecclesia
2643 889 2821 970 Traj.
2870 897 3246 953 vacaturum
3291 898 3621 974 speratur,
3686 912 3904 976 quam·

1046 1000 1331 1080 primum
1400 995 1741 1058 Wernerus
1805 996 1880 1059 de
1946 995 2300 1060 Haselbeke
2362 999 2800 1061 canonicatum
2848 1003 2908 1059 et
2943 995 3372 1080 praebendam
3423 998 3490 1058 in
3536 998 3788 1060 ecclesia
3835 995 3904 1061 S.

1063 1103 1540 1166 Bartholomaei
1586 1102 1920 1166 Leodiensi
1960 1104 2224 1187 pacifice
2271 1104 2631 1168 obtinuerit.
2687 1140 2768 1150 —
2823 1103 3238 1187 Deputantur
3282 1111 3656 1167 executores.

1065 1285 1457 1371 Multiplicia
1503 1285 1870 1371 probitatis,
1903 1333 1917 1349 .
1946 1333 1961 1348 .
1991 1332 2007 1349 .
2067 1286 2220 1349 Dat.
2271 1286 2592 1367 viterbii,
2642 1284 2740 1348 VI
2786 1284 2959 1349 Non.
3009 1284 3206 1367 Julii,
3257 1305 3429 1348 anno
3477 1284 3727 1369 quinto·

1260 1420 1379 1480 Rey.
1416 1421 1511 1465 Ao.
1556 1421 1609 1466 Τ.
1647 1419 1733 1474 ΐῦ,
1767 1421 1825 1483 s.
1868 1419 2000 1468 iOssv.

833 1887 1025 1956 1842.
1897 1892 2107 1969 1367,
2154 1889 2333 1953 Julii
2387 1890 2497 1970 14,
2563 1888 2847 1952 Viterbii.

1159 2045 1542 2108 Bolemanno
1605 2043 1809 2107 Voern
1858 2044 1934 2107 de
1985 2044 2278 2127 Caemaepis,
2328 2045 2509 2124 cujus
2557 2044 2831 2122 nomine,
2879 2064 3016 2105 cum
3069 2044 3199 2125 ipse
3247 2043 3314 2103 in
3351 2039 3654 2124 partibus
3699 2045 3905 2122 ayeret

1064 2154 1344 2232 remotiS,
1384 2159 1777 2235 procurator
1819 2152 2197 2212 auctoritate
2233 2152 2564 2212 lite-rarum
2599 2150 3092 2232 apostolicarum
3115 2147 3550 2232 parochialem
3584 2146 3895 2208 ecclesiam

1060 2258 1135 2320 de
1174 2257 1367 2342 Zeyst
1408 2257 1588 2338 Traj.
1633 2257 1821 2319 dioec.
1863 2259 2207 2339 acceptavit
2248 2264 2306 2319 et
2339 2259 2476 2334 jam
2519 2255 2925 2339 aliquamdiu
2953 2253 3267 2338 possedit,
3309 2254 3698 2336 indulqetur,
3740 2250 3903 2335 quod

1060 2385 1199 2427 cum
1267 2363 1448 2445 infra
1511 2363 1830 2426 residuum
1898 2365 2057 2425 anni
2117 2362 2455 2425 sacerdotii
2518 2361 2796 2424 ordinem
2862 2364 3176 2445 suscipere
3230 2366 3530 2445 nequeat,
3597 2357 3684 2421 ad
3747 2357 3905 2419 hunc

1050 2472 1412 2554 promoveri
1455 2491 1518 2532 se
1563 2469 1774 2549 faeere
1813 2477 1959 2531 ante
1990 2471 2223 2548 festum
2259 2468 2761 2531 [lesui-rectionis
2783 2471 3079 2552 proxime
3107 2468 3409 2549 futurum
3441 2485 3565 2529 non
3603 2471 3902 2526 teneatur.

1070 2633 1463 2699 Laudabilia
1508 2633 1881 2719 probitati&
1911 2681 1926 2697 .
1958 2683 1972 2696 .
2007 2683 2020 2698 .
2072 2633 2222 2697 Dat.
2277 2634 2597 2714 viterbii,
2646 2633 2715 2697 ΙΙ
2763 2632 2860 2696 Id.
2913 2633 2955 2696 J
2963 2633 3111 2715 ulii,
3161 2631 3632 2717 anno-quinto.

1262 2768 1382 2827 Κεφ.
1420 2769 1517 2816 Αυ.
1561 2768 1615 2816 T.
1651 2766 1738 2827 16,
1766 2769 1825 2830 f.
1862 2767 2001 2816 4¹2³.

845 3236 1040 3302 1843.
1914 3223 2115 3321 1367,
2165 3240 2342 3303 Jum
2387 3241 2503 3318 30,
2571 3239 2854 3302 Viterbfs.

1162 3388 1622 3474 Infraseriptis
1694 3392 2071 3474 mandatur,
2144 3400 2217 3456 ut
2289 3391 2736 3455 Theodericum
2808 3391 3085 3454 Cloetinc
3142 3389 3512 3453 monachum
3550 3386 3918 3471 professum

1073 3498 1437 3558 monasterii
1483 3497 1550 3558 S.
1600 3495 1945 3561 Laurentii
1990 3501 2059 3561 in
2110 3497 2459 3580 Oestbroec,
2511 3497 2589 3560 ab
2638 3498 2748 3561 hoc
2790 3499 2974 3561 certis
3007 3519 3081 3559 ex
3112 3499 3319 3560 causis
3353 3495 3439 3558 ad
3472 3494 3914 3558 monasterium

1072 3603 1137 3664 S.
1204 3602 1412 3665 Pauli
1481 3602 1664 3684 Traj.
1729 3607 2005 3667 transire
2068 3607 2452 3689 cupientem,
2521 3603 2740 3666 ibidem
2791 3605 2989 3687 recipi
3034 3603 3286 3683 faciant
3333 3604 3394 3664 in
3445 3598 3814 3662 monachum
3861 3603 3918 3658 et

1066 3712 1133 3772 in
1179 3709 1473 3791 fratrem.
1503 3710 1553 3793 ¹)

1072 3889 1345 3956 Dilectis
1409 3893 1558 3956 filiis
1621 3940 1639 3958 .
1671 3941 1686 3957 .
1757 3894 2258 3957 Matisconensis
2326 3899 2394 3957 et
2443 3941 2458 3956 .
2488 3941 2503 3957 .
2555 3895 2818 3976 majoris
2865 3915 2939 3957 ac
2989 3894 3181 3957 beate
3228 3892 3434 3955 Mal-ie
3482 3887 3918 3973 Trajectensis

849 3999 1273 4065 ecclesiarum
1323 3998 1590 4065 decanis
1640 4001 1917 4064 salutem
1965 4008 2075 4063 etc.

1077 4102 1457 4168 Humilibus
1510 4102 1898 4190 supplicum.
1928 4152 1943 4167 .
1975 4151 1991 4167 .
2020 4156 2033 4170 .
2092 4105 2245 4168 Dat.
2297 4104 2614 4187 viterbii,
2665 4105 2768 4169 ΠΙ
2823 4105 2933 4169 Kl.
2983 4105 3305 4189 Augusti,
3356 4125 3527 4168 anno
3575 4104 3823 4189 quinte.

1266 4240 1390 4299 Rey.
1426 4242 1518 4286 Αυ.
1568 4242 1618 4288 T.
1662 4240 1745 4300 m,
1775 4243 1835 4304 s.
1871 4240 1987 4290 521.

1002 4362 1060 4425 1)
1098 4363 1203 4414 Csr.
1238 4379 1399 4427 supra
1436 4379 1585 4415 num.
1622 4364 1766 4416 1823.

850 4786 1043 4852 1844.
1860 4790 2065 4869 1367,
2119 4791 2404 4873 Auyusti
2449 4793 2565 4870 28,
2633 4790 2920 4854 Vuerbii.

1167 4940 1462 5003 «Iohanni
1522 4940 1598 5002 de
1662 4940 1912 5004 Zanten
1975 4943 2308 5023 confertur
2359 4954 2678 5029 perpetua
2741 4948 3102 5029 capellania
3150 4950 3218 5009 in
3264 4949 3518 5010 ecclesia
3554 4946 3924 5031 parochiali

1082 5048 1148 5111 S.
1223 5046 1632 5126 „wilbordi”
1696 5047 1772 5110 de
1838 5047 2043 5112 Hulst
2116 5049 2296 5130 Traj.
2362 5051 2549 5114 dioec.
2612 5073 2844 5115 vacans
2879 5074 3003 5137 per
3048 5053 3283 5116 obitum
3331 5054 3550 5138 Eyidii
3592 5055 3668 5116 de
3713 5053 3919 5134 Feno,

1082 5155 1349 5217 curialis
1400 5175 1607 5238 prope
1670 5153 2020 5217 Viterbium
2084 5158 2149 5218 in
2213 5159 2399 5218 curia
2462 5157 2783 5240 defuncti,
2851 5166 2909 5221 et
2956 5161 3044 5223 28
3095 5158 3406 5222 librarum
3462 5159 3920 5222 Turonensium

1070 5282 1425 5344 parvorum
1474 5263 1749 5324 valorem
1796 5282 2083 5324 annuum
2130 5283 2258 5325 non
2304 5263 2616 5326 excedens.
2671 5301 2752 5311 —
2803 5265 3219 5349 Deputantur
3266 5274 3633 5329 eaeecutores.

1088 5441 1445 5505 Probitatis
1510 5448 1578 5506 et
1625 5443 2012 5506 virtutum..
2042 5491 2056 5505 .
2086 5489 2099 5504 .
2172 5443 2493 5506 Volumus
2543 5453 2791 5527 autem,
2843 5444 3015 5530 quod
3063 5453 3409 5531 postquam
3456 5446 3678 5510 literas
3727 5467 3921 5533 super

868 5548 1245 5632 hujusmodi
1319 5550 1530 5632 gratia
1598 5548 1740 5612 fieri
1812 5550 2042 5613 feceris
2112 5556 2181 5612 et
2240 5549 2416 5634 ipsas
2465 5549 2808 5636 expeditas
2855 5550 3205 5632 habueris,
3273 5551 3354 5616 de
3403 5552 3702 5616 Romana
3749 5553 3925 5616 curia
