4450 6684
1809 491 2267 555 Innocmvrms
2327 488 2446 555 VI.
3577 483 3663 548 49

601 722 863 787 fuerunt
911 739 1108 806 super
1153 719 1312 801 illis,
1362 737 1553 782 suum
1591 719 2077 802 consequantur
2121 711 2451 778 effectum.
2515 709 2785 776 Dudum
2825 708 3150 796 siquidem
3192 708 3399 774 felicis
3441 728 3654 773 recor-

601 827 881 893 dationis
927 825 1233 892 Clemens
1280 846 1452 912 papa
1497 822 1598 888 VI
1644 821 2065 908 predecessor
2112 824 2355 902 noster,
2406 817 2759 884 intendens
2801 815 2882 881 de
2924 822 3280 903 personatu
3321 816 3460 882 sine
3502 835 3660 881 cura

598 932 1017 1022 parrochialis
1068 931 1341 996 ecclesie
1392 930 1603 995 sancti
1649 928 1916 993 Martini
1963 929 2034 992 in
2081 925 2517 1011 Groninghen
2563 924 3006 1010 Trajectensis
3054 923 3387 1010 dyocesis,
3448 944 3646 1012 quem

600 1040 925 1127 quondam
987 1038 1370 1124 Rutgherus
1434 1037 1516 1102 de
1578 1034 2005 1121 Aldendorpe
2073 1033 2278 1121 ipsius
2340 1037 2730 1118 personatus
2790 1052 3070 1118 persona
3124 1035 3280 1096 tunc
3330 1034 3643 1122 temporis

601 1146 978 1229 obtinebat,
1051 1166 1198 1210 cum
1267 1145 1453 1210 illum
1521 1164 1753 1210 vacare
1817 1142 2272 1226 contingeret,
2335 1160 2453 1225 per
2514 1138 2870 1225 apostolice
2934 1138 3106 1204 sedis
3165 1139 3655 1226 providenciam

599 1253 913 1336 ordinari,
977 1256 1402 1337 personatum
1463 1251 1711 1337 ipsum,
1779 1248 1934 1313 dum
1994 1247 2207 1312 adhuc
2255 1245 2432 1312 idem
2478 1245 2859 1331 Rutgherus
2906 1252 3132 1331 ageret
3179 1246 3249 1310 in
3294 1247 3635 1332 humanis,

597 1359 903 1425 videlicet
965 1357 1136 1423 VIII
1198 1357 1357 1422 Idus
1418 1355 1810 1422 Novembris
1876 1354 2300 1441 pontificatus
2369 1353 2665 1438 ejusdem
2730 1351 3209 1438 predecessoris
3258 1374 3430 1419 anno
3480 1373 3655 1418 nono

599 1467 931 1531 collationi
1002 1471 1070 1530 et
1140 1464 1551 1551 dispositioni
1622 1484 1776 1547 sue,
1855 1461 2011 1526 dum
2081 1468 2304 1526 tamen
2366 1465 2756 1547 personatus
2820 1462 2960 1547 ipse
3024 1460 3107 1526 ad
3156 1460 3476 1526 decimam
3524 1482 3657 1526 non

597 1579 936 1639 taxaretur
1002 1572 1336 1658 ipsiusque
1409 1571 1696 1653 fructus,
1768 1568 2065 1634 redditus
2138 1573 2205 1633 et
2275 1571 2635 1654 proventus
2696 1568 2766 1631 in
2830 1567 3133 1632 universo
3195 1568 3414 1633 valore
3463 1568 3652 1632 annis

596 1678 1049 1745 communibus
1097 1698 1414 1742 summam
1463 1678 1998 1764 vigintiquinque
2048 1675 2459 1740 marcharum
2499 1675 2755 1759 argenti
2797 1672 3224 1757 excederent,
3276 1675 3649 1760 specialiter

595 1786 955 1851 reservavit
1003 1806 1077 1850 ac
1128 1783 1419 1850 decrevit
1468 1806 1554 1849 ex
1599 1790 1757 1850 tunc
1808 1785 2065 1849 irritum
2114 1788 2182 1848 et
2228 1783 2456 1865 inane,
2506 1782 2559 1846 si
2609 1802 2797 1848 secus
2845 1803 3041 1870 super
3088 1784 3214 1847 hiis
3246 1805 3286 1848 a
3317 1804 3645 1870 quoquam

598 1893 824 1979 quavis
889 1893 1278 1957 auctoritate
1340 1892 1622 1956 scienter
1668 1892 1774 1956 vel
1818 1892 2198 1976 ignoranter
2245 1891 2659 1975 contingeret
2707 1891 3102 1976 attemptari.
3199 1888 3632 1956 Postmodum

597 2019 749 2064 vero
799 1998 974 2062 dicto
1013 2005 1396 2085 personatu,
1438 2000 1551 2085 qui
1590 1998 1673 2063 ad
1714 1997 2045 2063 decimam
2088 2018 2219 2062 non
2260 2002 2527 2060 taxatur
2567 1998 2884 2082 cujusque
2924 1996 3204 2080 fructus,
3247 1996 3542 2062 redditus
3588 2004 3656 2064 et

597 2110 954 2192 proventus
999 2104 1070 2169 in
1115 2106 1420 2171 universo
1469 2106 1689 2171 valore
1741 2106 1929 2170 annis
1980 2103 2435 2169 communibus
2469 2123 2788 2167 summam
2820 2102 3180 2189 predictam
3214 2103 3664 2188 excedebant,

599 2232 713 2298 per
775 2212 1025 2277 obitum
1092 2211 1246 2277 dicti
1315 2212 1642 2298 Rutgheri
1664 2261 1681 2294 ,
1731 2212 1843 2297 qui
1892 2216 2083 2275 extra
2131 2212 2502 2277 Romanam
2549 2211 2795 2275 curiam
2844 2209 3017 2275 diem
3064 2210 3387 2276 clauserat
3434 2217 3652 2276 extre-

591 2337 803 2399 mum,
850 2322 1164 2400 vacante,
1211 2318 1387 2382 idem
1434 2316 1863 2404 predecessor
1910 2314 2296 2398 attendens,
2346 2314 2520 2401 quod
2554 2316 2772 2380 nullus
2802 2321 3022 2402 preter
3050 2315 3265 2401 ipsum
3297 2314 3379 2380 de
3413 2314 3644 2380 eodem

595 2430 950 2509 personatu
1013 2446 1092 2490 ea
1153 2424 1294 2489 vice
1356 2424 1703 2511 disponere
1765 2429 1927 2510 potu
1942 2428 2082 2489 erat
2144 2443 2363 2509 neque
2424 2428 2685 2509 poterat
2746 2423 3191 2489 reservatione
3254 2429 3321 2489 et
3380 2423 3644 2489 decreto

598 2530 1067 2597 obsistentibus
1131 2531 1519 2620 supradictis
1566 2553 1641 2596 ac
1688 2532 1914 2596 volens
1966 2530 2133 2613 tibi,
2180 2529 2357 2615 apud
2405 2551 2556 2595 eum
2604 2529 2686 2594 de
2731 2528 3099 2594 litterarum
3151 2530 3459 2614 scientia,
3511 2532 3646 2597 vite

597 2658 670 2701 ac
716 2657 970 2701 morum
1015 2638 1363 2703 honestate
1416 2644 1482 2703 et
1529 2638 1672 2702 aliis
1721 2639 2041 2703 virtutum
2089 2636 2342 2701 meritis
2386 2635 2716 2722 fidedigno
2749 2637 3125 2701 testimonio
3159 2637 3649 2722 commendato,

598 2742 975 2828 hujusmodi
1036 2746 1417 2809 meritorum
1479 2745 1727 2809 intuitu
1792 2744 2068 2828 gratiam
2115 2742 2331 2808 facere
2379 2742 2757 2829 specialem,
2806 2743 3173 2829 predictum
3219 2752 3644 2831 personatum

601 2851 691 2914 sic
754 2857 1096 2915 vacantem
1161 2873 1309 2915 cum
1371 2852 1673 2916 omnibus
1728 2851 1990 2936 J'uribus
2058 2856 2124 2914 et
2188 2850 2606 2935 pertinentiis
2655 2851 2821 2933 suis,
2880 2850 3186 2916 videlicet
3233 2852 3472 2917 XVIII
3517 2852 3654 2918 Ka-

601 2957 828 3022 lendas
890 2958 1234 3023 Februarii
1300 2979 1470 3023 anno
1536 2957 1788 3023 decimo
1835 2957 2261 3044 pontificatus
2307 2956 2620 3042 predicti,
2686 2958 3045 3043 apostolica
3090 2959 3211 3023 tibi
3257 2961 3649 3026 auctoritate

600 3065 876 3129 contulit
943 3071 1010 3129 et
1073 3064 1155 3130 de
1216 3066 1328 3130 illo
1385 3066 1590 3131 eciam
1637 3065 1966 3152 providit,
2025 3064 2420 3146 decernens,
2469 3071 2665 3150 prout
2712 3071 2886 3147 erat,
2937 3086 3024 3130 ex
3072 3071 3228 3131 tunc
3274 3068 3531 3133 irritum
3580 3075 3648 3135 et

600 3170 829 3252 inane,
880 3171 932 3234 si
980 3192 1167 3236 secus
1216 3192 1411 3258 super
1457 3173 1583 3236 hiis
1631 3195 1671 3236 a
1718 3193 2047 3258 quoquam
2099 3171 2328 3257 quavis
2377 3172 2767 3236 auctoritate
2816 3174 3098 3238 scienter
3129 3175 3232 3238 vel
3267 3175 3646 3260 ignoranter

600 3281 1060 3363 attemptatum
1125 3278 1342 3343 forsan
1401 3285 1542 3343 erat
1587 3280 1909 3343 hactenus
1964 3278 2068 3341 vel
2118 3278 2533 3362 contingeret
2578 3279 3007 3364 imposterum
3053 3282 3466 3366 attemptari3
3517 3302 3651 3346 non

598 3381 1046 3466 obstantibus,
1112 3386 1164 3449 si
1223 3385 1424 3471 aliqui
1473 3406 1668 3472 super
1715 3384 2206 3471 provisionibus
2259 3382 2380 3448 s'ibi
2430 3384 2744 3493 faciendis
2792 3384 2874 3450 de
2920 3384 3294 3470 hujusmodi
3342 3409 3654 3474 persona-

599 3487 773 3551 tibus
819 3489 923 3553 vel
971 3491 1114 3555 aliis
1161 3491 1497 3556 beneficiis
1531 3492 1996 3557 ecclesiasticis
2026 3491 2095 3554 in
2131 3491 2262 3553 illis
2294 3491 2591 3577 partibus
2625 3492 2938 3576 speciales
2971 3493 3077 3557 vel
3111 3495 3449 3578 generales
3484 3493 3658 3560 dicte

598 3591 768 3656 sedis
820 3595 920 3658 vel
963 3595 1329 3681 legatorum
1378 3599 1520 3682 ejus
1566 3598 1820 3662 litteras
1867 3599 2373 3682 impetrassent,
2423 3598 2628 3661 eciam
2662 3598 2715 3660 si
2748 3618 2866 3682 per
2898 3619 3006 3662 eas
3042 3598 3123 3663 ad
3154 3600 3651 3684 inhibitionem,

596 3701 1101 3767 reservationem
1151 3710 1218 3768 et
1264 3703 1601 3769 decretum
1647 3705 1754 3769 vel
1806 3704 1968 3768 alias
2018 3702 2516 3789 quomodolibet
2563 3708 2737 3768 esset
2783 3724 3187 3789 processum,
3237 3707 3473 3792 quibus
3523 3729 3657 3772 om-

599 3803 789 3868 nibus
835 3811 902 3870 te
948 3808 1017 3870 in
1063 3810 1473 3874 assecutione
1521 3810 1678 3875 dicti
1741 3816 2131 3895 personatus
2179 3811 2356 3876 idem
2404 3810 2827 3896 predecessor
2873 3813 3082 3877 voluit
3131 3815 3476 3896 anteferri,
3538 3813 3654 3880 sed

608 3909 856 3974 nullum
913 3933 1031 3997 per
1076 3913 1198 3979 hoc
1247 3917 1341 3980 eis
1390 3918 1604 4003 quoad
1654 3920 2137 3983 assecutionem
2185 3923 2655 4005 personatuum
2703 3924 2818 3983 aut
2865 3919 3327 3986 beneficiorum
3375 3923 3649 3985 aliorum

597 4017 1024 4101 prejudicium
1086 4024 1422 4107 generari3
1486 4045 1602 4089 seu
1667 4027 1720 4089 si
1781 4026 2161 4091 venerabili
2225 4026 2410 4090 fratri
2458 4031 2680 4091 nostro
2731 4028 3035 4112 episcopo
3084 4027 3491 4111 Trajectensi
3540 4027 3648 4092 vel

601 4123 934 4205 quibusvis
980 4127 1124 4192 aliis
1171 4134 1603 4197 communiter
1652 4133 1758 4197 vel
1808 4133 2074 4197 divisim
2120 4155 2159 4196 a
2198 4133 2496 4219 predicta
2535 4138 2709 4198 esset
2750 4133 2904 4197 sede
2944 4133 3300 4215 indultum,
3351 4132 3524 4219 quod
3570 4131 3652 4196 ad

597 4232 1038 4316 receptionem
1093 4239 1197 4301 vel
1241 4240 1680 4324 provisionem
1733 4241 2014 4326 alicujus
2062 4241 2330 4305 minime
2382 4248 2765 4307 tenerentur
2812 4249 2880 4307 et
2928 4243 3009 4306 ad
3057 4242 3124 4306 id
3171 4243 3474 4328 compelli
3521 4260 3655 4306 non

602 4344 902 4423 possent,
966 4343 1271 4431 quodque
1335 4346 1415 4410 de
1479 4348 1942 4432 personatibus
2006 4368 2124 4412 seu
2190 4347 2334 4411 aliis
2399 4348 2732 4413 beneficiis
2780 4350 3236 4414 ecclesiasticis
3286 4349 3368 4414 ad
3416 4369 3641 4415 eorum

599 4442 1041 4531 collationem,
1089 4454 1554 4551 provisionem,
1602 4455 2171 4541 presentationem
2225 4475 2342 4518 seu
2390 4456 2684 4540 quamvis
2732 4456 2925 4519 aliam
2969 4455 3461 4542 dispositionem
3501 4476 3657 4520 con-

587 4548 868 4630 junctim
930 4555 1034 4618 vel
1095 4561 1442 4643 separatim
1504 4563 1953 4647 spectantibus
2030 4562 2191 4626 nulli
2258 4561 2508 4627 valeret
2553 4560 2884 4648 provideri
2928 4583 3046 4647 per
3092 4562 3345 4627 litteras
3392 4568 3654 4649 aposto-

597 4651 752 4718 licas
815 4679 948 4724 non
1007 4662 1320 4729 facientes
1382 4667 1643 4752 plenam
1705 4673 1772 4732 et
1837 4688 2227 4753 expressam
2292 4688 2365 4731 ac
2429 4667 2510 4732 de
2558 4668 2771 4744 verbo,
2807 4667 2889 4732 ad
2938 4667 3209 4732 verbum
3262 4668 3343 4732 de
3389 4667 3648 4732 indulto

599 4756 972 4844 hujusmodi
1041 4771 1477 4855 mentionem,
1548 4779 1615 4837 et
1677 4773 1970 4858 qualibet
2045 4774 2172 4838 alia
2239 4772 2411 4837 dicte
2475 4772 2647 4837 sedis
2709 4774 3124 4859 indulgentia
3184 4775 3478 4859 generali
3543 4774 3649 4839 vel

600 4870 862 4951 speciali
909 4876 1375 4962 cujuscumque
1423 4879 1667 4943 tenoris
1716 4880 2079 4961 existeret,
2128 4899 2247 4964 per
2294 4900 2489 4965 quam
2534 4879 2739 4965 ipsius
2786 4879 3301 4965 predecessoris,
3351 4881 3405 4945 si
3454 4901 3651 4967 super

598 4970 722 5037 hoc
769 4978 1063 5045 confecte
1109 4982 1421 5067 fuissent,
1468 4985 1705 5049 litteris
1754 5006 1886 5051 non
1938 5006 2326 5072 expressam
2372 4986 2478 5050 vel
2527 4986 2819 5051 totaliter
2865 5006 2997 5051 non
3030 4988 3342 5052 insertam
3374 4986 3646 5052 effectus

599 5078 972 5164 hujusmodi
1018 5091 1226 5171 gratie
1272 5090 1573 5176 impediri
1618 5093 1875 5157 valeret
1924 5091 2421 5180 quomodolibet
2466 5094 2571 5158 vel
2621 5093 2861 5158 differri
2911 5098 2979 5157 et
3026 5092 3107 5158 de
3155 5114 3285 5179 qua
3331 5095 3649 5179 cujusque

604 5192 743 5251 toto
790 5197 1017 5257 tenore
1066 5195 1371 5261 habenda
1419 5204 1593 5263 esset
1640 5200 1709 5263 in
1758 5198 2005 5264 eisdem
2053 5198 2296 5263 litteris
2342 5200 2589 5264 mentio
2640 5200 2967 5289 specialis
3017 5221 3134 5264 seu
3177 5198 3352 5285 quod
3390 5200 3659 5263 canoni-

602 5299 817 5357 catum
879 5304 946 5361 et
1005 5300 1405 5384 prebendam
1454 5303 1724 5368 ecclesie
1770 5305 2076 5369 Monaste
2092 5305 2325 5369 riensis
2372 5310 2440 5369 et
2485 5306 2952 5390 parrochialem
3001 5305 3340 5369 ecclesiam
3386 5305 3456 5369 in
3502 5305 3651 5369 Hil-

604 5400 1041 5491 ghersberghe
1102 5407 1272 5473 dicte
1333 5410 1771 5494 Trajectensis
1826 5411 2137 5496 dyocesis
2186 5412 2532 5476 obtinebas
2579 5417 2647 5475 et
2693 5410 3080 5476 beneficium
3128 5410 3640 5475 ecclesiasticum

604 5527 751 5573 cum
812 5531 967 5575 cura
1013 5512 1120 5577 vel
1165 5514 1306 5578 sine
1356 5535 1510 5579 cura
1554 5514 1634 5579 ad
1685 5516 2110 5581 collationem
2166 5537 2282 5581 seu
2330 5516 2887 5602 presentationem
2936 5515 3318 5579 dilectorum
3367 5515 3646 5579 filiorum

608 5614 836 5682 decani
883 5624 950 5683 et
999 5619 1267 5704 capituli
1320 5621 1592 5685 ecclesie
1646 5622 1854 5687 sancti
1899 5622 2226 5690 ,Iohannis
2277 5622 2715 5706 TraJectensis
2763 5622 2832 5685 in
2880 5642 2959 5686 ea
3003 5622 3236 5702 forma,
3286 5619 3646 5685 secundum

821 5757 905 5815 .
3408 5761 3442 5818 7
