4450 6684
1784 534 2185 599 Ganoomus
2233 533 2351 597 XI.
3469 535 3599 598 293

762 757 1019 822 Dilecto
1060 756 1193 820 filio
1225 753 1487 821 Amelio
1531 754 1613 820 de
1640 754 1931 840 Mynden
1964 754 2347 840 presbytero
2381 753 2822 839 TraJectensis
2856 753 3130 820 diocesis
3162 754 3441 820 salutem
3474 763 3584 819 etc.

758 863 1074 928 Provenit
1121 883 1207 927 ex
1256 867 1368 926 tue
1417 860 1790 926 devocionis
1837 861 2105 942 affectu,
2155 881 2285 946 quo
2335 879 2453 924 nos
2500 865 2568 924 et
2616 860 2982 926 Romanam
3022 862 3363 928 ecclesiam
3403 883 3586 928 reve·

537 971 728 1054 reris,
779 975 853 1034 ut
900 969 1260 1057 peticiones
1309 972 1485 1051 tuas,
1532 969 1676 1033 illas
1722 968 2096 1055 presertim,
2144 988 2272 1053 que
2321 968 2538 1033 anime
2584 973 2698 1032 tue
2746 967 3024 1032 salutem
3072 969 3458 1055 respiciunt,
3512 970 3595 1034 ad

538 1075 992 1143 exaudicionis
1061 1077 1344 1162 graciam
1414 1073 1856 1139 admittamus.
1949 1074 2125 1139 Hinc
2196 1080 2333 1157 est,
2398 1073 2574 1160 quod
2637 1096 2755 1141 nos
2819 1077 2950 1140 tuis
2997 1077 3589 1162 supplicacionibus

545 1184 877 1264 inclinati,
950 1188 1023 1247 ut
1093 1183 1423 1248 confessor
1493 1188 1679 1264 tuus,
1751 1202 1942 1268 quem
2014 1180 2283 1246 duxeris
2346 1181 2756 1268 eligendum,
2824 1184 3113 1248 omnium
3174 1191 3589 1270 peccatorum

540 1300 836 1372 tuorum,
901 1289 983 1355 de
1048 1289 1285 1375 quibus
1347 1288 1541 1354 corde
1604 1288 1924 1353 contritus
1987 1294 2055 1353 et
2118 1309 2232 1354 ore
2294 1290 2628 1354 confessus
2676 1290 2911 1373 fueris,
2970 1292 3172 1356 semel
3221 1297 3481 1356 tantum
3529 1292 3600 1356 in

538 1399 765 1463 mortis
827 1398 1099 1463 articulo
1164 1397 1426 1483 plenam
1490 1395 1937 1460 remissionem
2002 1396 2121 1461 tibi
2168 1397 2239 1460 in
2286 1397 2661 1461 sinceritate
2708 1396 2899 1479 fidei,
2949 1398 3018 1461 in
3067 1399 3319 1463 unitate
3367 1403 3594 1463 sancte

537 1505 837 1569 Romane
903 1503 1175 1569 ecclesie
1229 1524 1303 1567 ac
1354 1502 1738 1568 obediencia
1784 1508 1853 1567 et
1900 1501 2258 1568 devocione
2307 1510 2532 1569 nostra
2578 1504 2683 1568 vel
2732 1525 3179 1570 successorum
3228 1510 3598 1569 nostrorum

537 1613 985 1676 Romanorum
1049 1610 1429 1696 pontificum
1497 1612 1807 1675 canonice
1854 1611 2252 1675 intrancium
2300 1612 2711 1697 persistenti,
2762 1613 3153 1678 auctoritate
3204 1614 3595 1700 apostolica,

538 1717 607 1780 in
669 1723 984 1803 quantum
1033 1718 1175 1782 Deo
1223 1723 1480 1804 gratum
1532 1717 1866 1800 extiterit,
1915 1716 2274 1784 concedere
2323 1719 2576 1801 valeat,
2625 1720 2966 1785 devocioni
3015 1727 3127 1785 tue
3177 1726 3404 1786 tenore
3451 1740 3596 1806 pre-

544 1823 835 1887 sencium
883 1820 1334 1909 indulgemus;
1383 1824 1474 1888 sic
1524 1831 1775 1908 tamen,
1824 1823 1999 1910 quod
2047 1823 2220 1890 idem
2270 1825 2600 1891 confessor
2646 1826 2728 1892 de
2776 1827 2933 1911 hiis,
2981 1826 3064 1894 de
3111 1828 3349 1915 quibus
3395 1827 3593 1891 fuerit

545 1931 735 1996 alteri
784 1932 1138 1997 satisfactio
1186 1931 1661 2019 impendenda,
1712 1939 1845 1997 tam
1895 1933 2012 1997 tibi
2061 1954 2178 2020 per
2228 1941 2329 2015 te,
2378 1935 2432 1998 si
2480 1934 2957 2022 supervixeriS,
3007 1937 3112 2001 vel
3158 1956 3275 2021 per
3319 1933 3595 1999 heredes

546 2045 729 2119 tuos,
802 2038 857 2102 si
926 2039 1092 2103 forte
1164 2045 1320 2103 tunc
1396 2038 1762 2122 transieriS,
1835 2039 2197 2104 faciendam
2266 2040 2602 2127 injungat,
2675 2064 2869 2129 quam
2942 2049 3012 2107 tu
3074 2042 3180 2107 vel
3236 2042 3328 2105 illi
3377 2041 3589 2105 facere

541 2146 929 2228 teneamini,
997 2152 1070 2210 ut
1133 2145 1477 2232 prefertur.
1571 2145 1657 2210 Et
1723 2167 1842 2228 ne,
1908 2145 2081 2232 quod
2130 2146 2335 2231 absit,
2383 2155 2651 2235 propter
2697 2148 3070 2235 hujusmodi
3118 2148 3402 2234 graciam
3450 2146 3593 2212 red-

544 2248 719 2314 daris
781 2251 1127 2337 proclivior
1173 2252 1252 2317 ad
1302 2253 1529 2317 illicita
1575 2253 2000 2339 imposterum
2050 2253 2553 2337 committenda,
2602 2255 2938 2337 volumus,
2987 2254 3163 2341 quod
3212 2255 3266 2319 si
3314 2275 3399 2319 ex
3447 2274 3600 2318 con-

543 2356 827 2422 fidencia
887 2360 1284 2425 remissionis
1347 2359 1723 2445 hujusmodi
1788 2359 2007 2446 aliqua
2070 2359 2240 2425 forte
2308 2362 2767 2444 committeris,
2834 2383 2963 2448 quo
3024 2361 3104 2425 ad
3154 2362 3267 2426 illa
3312 2359 3608 2447 predicta

544 2465 838 2528 remissio
889 2466 1006 2530 tibi
1054 2467 1430 2532 nullatenus
1482 2465 1893 2552 suffragetur.
1983 2466 2069 2530 Et
2115 2468 2382 2553 insuper
2430 2468 2757 2550 volumus,
2829 2469 3003 2555 quod
3052 2489 3168 2555 per
3218 2474 3349 2533 tres
3397 2488 3602 2532 annos

542 2591 584 2633 a
635 2576 963 2658 tempore,
1013 2594 1141 2659 quo
1188 2572 1564 2658 hujusmodi
1616 2580 1839 2638 nostra
1887 2574 2217 2638 concessio
2267 2573 2350 2639 ad
2399 2580 2582 2638 tuam
2631 2574 2939 2639 noticiam
2980 2575 3384 2660 pervenerit,
3431 2595 3605 2639 com-

548 2678 912 2764 putandos,
974 2681 1199 2766 primis
1262 2679 1518 2746 duobus
1581 2681 1887 2746 videlicet
1949 2680 2221 2767 singulis
2290 2682 2494 2745 sextis
2556 2681 2734 2746 feriis
2783 2687 2852 2746 et
2898 2682 3100 2746 tercio
3150 2682 3338 2746 annis
3387 2681 3611 2766 hujus-

549 2786 724 2850 modi
788 2788 1059 2873 singulis
1121 2788 1353 2854 diebus
1401 2789 1691 2872 sabbati,
1740 2790 2035 2875 legitimo
2083 2789 2554 2876 impedimento
2603 2796 2937 2872 cessante,
2978 2791 3280 2875 jejunes3
3328 2787 3502 2876 quod
3552 2788 3606 2851 si

546 2892 860 2980 predictis
928 2895 1105 2959 feriis
1177 2901 1244 2961 et
1314 2894 1547 2961 diebus
1617 2897 1873 2962 sabbati
1943 2918 2029 2962 ex
2092 2902 2401 2984 precepto
2452 2897 2760 2980 ecclesie,
2816 2898 3099 2982 regulari
3147 2895 3609 2977 observancia,

555 3001 853 3086 injuncta
913 3004 1320 3089 penitencia,
1387 3010 1541 3069 voto
1604 3004 1710 3069 vel
1775 3005 1934 3069 alias
1973 3006 2279 3090 jejunare
2328 3005 2645 3086 tenearis,
2703 3025 2836 3069 una
2882 3004 3011 3069 alia
3058 3003 3163 3068 die
3211 3002 3616 3088 singularum

556 3108 1072 3195 septimanarum
1136 3110 1430 3196 ejusdem
1494 3112 1789 3195 triennii,
1855 3132 1985 3197 qua
2047 3110 2128 3175 ad
2183 3111 2658 3197 jejunandum,
2723 3117 2797 3176 ut
2849 3111 3288 3198 premittitur,
3339 3129 3471 3173 non
3519 3109 3607 3172 sis

550 3214 887 3298 astristus,
927 3218 1192 3303 jejunes
1240 3224 1308 3284 et
1355 3219 1409 3282 si
1458 3217 1632 3282 dicto
1681 3218 1965 3282 triennio
2013 3218 2117 3283 vel
2164 3219 2384 3304 aliqua
2430 3219 2573 3303 ejus
2620 3224 2807 3304 parte
2856 3238 3032 3283 esses
3077 3217 3370 3303 legitime
3416 3216 3622 3301 impe-

546 3319 768 3404 ditus,
818 3344 988 3389 anno
1038 3326 1338 3411 sequenti
1390 3324 1495 3389 vel
1542 3324 1701 3389 alias
1750 3324 2227 3412 quamprimum
2275 3326 2520 3411 poteris
2568 3325 2762 3390 modo
2811 3325 3002 3390 simili
3050 3324 3353 3410 supplere
3394 3323 3622 3408 hujus-

552 3429 729 3494 modi
768 3432 1097 3517 Jejunium
1146 3433 1461 3514 tenearis3
1510 3432 1804 3517 alioquin
1850 3431 2224 3517 hujusmodi
2276 3438 2500 3496 nostra
2529 3452 2800 3519 presens
2833 3432 3166 3497 concessio
3200 3450 3328 3517 quo
3363 3429 3445 3495 ad
3477 3449 3622 3514 pre·

561 3538 758 3602 missa
817 3559 952 3603 non
1012 3544 1382 3604 servantem
1445 3538 1687 3602 nullius
1749 3539 1835 3603 sit
1896 3538 2146 3603 roboris
2208 3538 2315 3603 vel
2374 3539 2709 3604 momenti.
2802 3538 2985 3603 Nulli
3034 3559 3189 3623 ergo
3236 3545 3348 3601 etc.
3398 3539 3620 3600 nostre

546 3647 995 3712 concessionis
1067 3653 1136 3712 et
1203 3647 1560 3712 voluntatis
1622 3645 1978 3732 infringere
2041 3653 2151 3711 etc.
2248 3646 2400 3712 Dat.
2464 3647 2676 3712 Rome
2725 3645 2899 3734 apud
2949 3646 3265 3712 Sanctum
3315 3643 3625 3722 Petrum,

562 3751 735 3817 VIII
780 3752 891 3817 Kl.
939 3754 1201 3836 Marcii,
1250 3774 1423 3818 anno
1474 3760 1727 3819 octavo.

980 3890 1104 3953 Ray.
1139 3890 1236 3939 Av.
1282 3890 1334 3940 T.
1371 3888 1463 3953 32,
1489 3890 1548 3953 s.
1583 3887 1721 3938 1780.

713 4033 769 4096 ¹)
807 4033 1040 4099 Mijnden
1075 4034 1224 4084 vicus
1260 4035 1313 4084 in
1354 4035 1624 4099 provincia
1661 4033 2027 4098 Ultrajectiua.
