4450 6684
1846 529 2178 595 Unnmus
2227 528 2312 594 V.
3489 523 3612 588 137

541 747 731 815 1769.
1502 713 1716 831 1:363,
1764 747 2123 812 Decembris
2169 750 2241 829 9,
2289 748 2657 812 Avenionis.

860 904 1314 988 Iasi-ascriptis
1382 903 1761 984 mandatur,
1836 910 1908 966 ut
1976 901 2174 966 Petro
2245 902 2410 966 dicto
2485 900 2767 965 Hollant
2834 901 3055 965 clerico
3135 898 3315 980 Traj.
3386 897 3613 980 dioec„

770 1015 1072 1097 neaqistro
1117 1013 1187 1075 in
1234 1010 1508 1091 artibus,
1559 1013 1673 1095 qui
1720 993 2001 1074 Parisii-{5
2048 1013 2117 1072 in
2163 1012 2408 1072 artium
2452 1007 2768 1090 facultate
2818 1008 2967 1093 leyit
3012 1013 3070 1069 et
3109 1007 3178 1068 in
3213 1025 3400 1067 sacra
3447 1002 3613 1068 theo-

776 1121 943 1203 loqia
986 1118 1232 1200 studet,
1269 1118 1606 1202 provideri
1650 1116 1901 1198 faciant
1955 1116 2032 1180 de
2065 1123 2384 1200 perpetua
2432 1116 2794 1199 capellania
2840 1116 2908 1177 in
2954 1114 3206 1177 ecclesia
3253 1108 3617 1195 parochiali

776 1226 1200 1290 Dordracensi
1249 1232 1402 1309 post
1455 1224 1689 1288 obitum
1736 1223 2059 1288 Johannis
2113 1222 2262 1287 Oom
2312 1223 2558 1286 diutius
2604 1229 2864 1286 vacante
2911 1228 2969 1285 et
3014 1221 3103 1282 22
3149 1218 3420 1300 florenos
3468 1217 3621 1278 auri

770 1332 1102 1394 annuatim
1149 1330 1411 1394 valente.

764 1515 1041 1579 Dilectis
1101 1513 1250 1577 filiis
1309 1561 1324 1576 .
1353 1562 1369 1577 .
1427 1512 1761 1599 preposito
1809 1512 2073 1596 majoris
2123 1517 2190 1575 et
2239 1509 2488 1575 decano
2538 1510 2750 1574 sancti
2797 1508 3091 1594 Agricoli
3136 1477 3609 1573 A'vinionensis

542 1620 965 1685 ecclesiarum
1012 1640 1086 1683 ac
1135 1617 1395 1682 officiali
1443 1617 1850 1701 Trajectensi
1901 1616 2181 1680 salutem
2231 1621 2299 1680 et
2347 1615 2776 1701 apostolicam
2828 1613 3379 1679 benedictionem.

765 1725 1167 1789 Litterarum
1215 1724 1510 1788 scientia.
1540 1771 1556 1787 .
1586 1771 1601 1786 .
1631 1771 1647 1786 .
1698 1723 1849 1787 Dat.
1902 1722 2269 1801 Avinione,
2322 1722 2386 1786 V
2433 1721 2531 1784 Id.
2581 1720 2999 1801 Decembris,
3048 1739 3221 1782 anno
3271 1715 3580 1782 secunde.

960 1860 1085 1922 Req.
1122 1859 1221 1908 Δυ.
1266 1860 1318 1909 Τ.
1352 1857 1411 1920 8,
1439 1860 1502 1923 s.
1533 1857 1648 1907 498.

543 2352 972 2421 1770-1771.
1487 2356 1697 2436 1363,
1748 2354 2103 2420 Decembris
2149 2358 2267 2438 18,
2315 2357 2681 2420 Avenionis.

862 2508 945 2572 A.
1027 2507 1304 2572 Henrico
1367 2509 1532 2574 dicto
1594 2509 1669 2573 de
1728 2509 2021 2574 Lonnam
2088 2513 2246 2576 laico
2318 2511 2500 2593 Traj.
2569 2511 2757 2575 dioec.
2807 2508 3164 2574 conceditur
3201 2508 3616 2591 privileqium

764 2616 1103 2699 plenariae
1138 2622 1543 2699 peccalorum
1592 2618 1975 2681 remissionis
2024 2619 2091 2681 in
2138 2619 2414 2682 articulo
2463 2620 2704 2682 mortiS.

861 2721 940 2785 B.
1015 2720 1288 2786 Oliveiio
1334 2722 1585 2787 domino
1636 2724 1753 2787 loci
1803 2721 1926 2804 „de
1966 2723 2386 2809 Henenghe’'
2435 2724 2628 2787 militi
2659 2730 2719 2788 et
2750 2722 3004 2786 Mariae
3034 2722 3167 2802 ejus
3201 2720 3388 2783 uxori
3426 2718 3606 2800 Traj.

765 2826 953 2890 dioec.
1002 2826 1165 2889 idem
1202 2828 1634 2913 privileyium.
2867 2827 2878 2834 ’

767 3004 1087 3071 Provenit
1135 3028 1240 3072 ΒΧ.
1271 3055 1286 3070 .
1316 3056 1331 3071 .
1362 3056 1376 3071 .
1427 3009 1578 3073 Dat.
1626 3009 1994 3091 Avinione,
2045 3010 2177 3077 XV
2227 3012 2337 3077 Kl.
2393 3011 2733 3094 Januarii,
2782 3030 2956 3075 anno
3005 3008 3313 3074 secundo.

965 3142 1090 3205 Ray.
1125 3143 1224 3192 Αυ.
1269 3144 1321 3192 T.
1360 3142 1420 3203 7,
1442 3145 1506 3208 s.
1540 3143 1654 3194 475.

2054 3409 2197 3414 -.-.—
2237 3408 2362 3415 ⁴—-

539 3625 719 3694 1772.
1500 3632 1718 3713 1364,
1765 3632 2084 3697 Januarii
2127 3633 2247 3714 26,
2297 3633 2663 3696 Avenionis.

852 3778 1083 3861 (Petro
1132 3781 1336 3865 Hoec)
1383 3782 1597 3846 abbati
1642 3782 2190 3868 Middelburqensi
2239 3785 2613 3867 mandatur,
2661 3791 2734 3847 ut
2787 3804 2950 3869 quae
2994 3783 3070 3847 de
3112 3765 3609 3847 boni-eecclesiae

774 3884 953 3967 Traj.
1003 3888 1286 3951 alienata
1331 3889 1553 3952 illicite
1601 3891 1911 3955 invenerit
1954 3892 2053 3956 vel
2098 3891 2450 3973 distracta,
2521 3891 2609 3955 acl
2635 3894 2757 3976 jus
2804 3897 2865 3955 et
2898 3893 3360 3976 proprietatem
3410 3894 3611 3975 ipsius

767 3992 1035 4077 leyitime
1076 4014 1365 4058 revocare
1411 4002 1606 4059 curel.

762 4173 1071 4239 Urbanus
1140 4177 1520 4265 episcopua,
1592 4199 1819 4245 servus
1891 4201 2225 4245 servorum
2296 4179 2457 4262 Dei,
2534 4178 2773 4244 dilecto
2848 4179 2983 4243 filio
3047 4226 3062 4243 .
3101 4226 3117 4242 .
3183 4178 3407 4244 abbati
3469 4200 3604 4244 mo·

540 4278 809 4343 nasterii
876 4279 1474 4368 Middelburgensis
1544 4285 1985 4370 Trajectensis
2058 4285 2336 4350 diocesis
2410 4285 2696 4350 salutem
2767 4290 2836 4348 et
2905 4283 3330 4370 apostolicam
3403 4283 3604 4349 bene-

543 4380 918 4449 dictionem.

760 4490 870 4556 Ad
917 4492 1322 4560 audientiam
1370 4503 1659 4561 nostram
1706 4500 2041 4584 pervenit,
2092 4499 2266 4584 quod
2318 4504 2452 4562 tam
2495 4496 2719 4562 dilecti
2757 4496 2875 4560 filii
2919 4545 2933 4560 .
2963 4544 2978 4559 .
3022 4495 3309 4561 decanus
3342 4503 3410 4560 et
3442 4495 3616 4582 capi·

481 4593 492 4603 '
541 4595 751 4660 tulum
798 4599 1074 4665 ecclesie
1120 4601 1564 4687 Trajectensis
1612 4625 1805 4690 quam
1855 4606 2354 4691 predecessores
2404 4625 2632 4670 eorum
2681 4603 3000 4685 decimae,
3051 4610 3286 4686 terrae,
3335 4601 3599 4686 domos,

538 4706 715 4766 ortos
759 4705 938 4789 (sic),
986 4713 1205 4793 prata,
1255 4730 1524 4795 pascua,
1575 4711 1914 4797 piscarias,
1965 4710 2406 4797 aqueductas,
2459 4711 2795 4797 grangias,
2845 4730 3142 4793 nemora,
3193 4708 3604 4792 molendina,

536 4807 763 4892 silvas,
826 4811 1154 4896 redditus,
1202 4836 1470 4900 census,
1516 4817 1872 4903 penciones
1919 4819 2070 4904 (sic)
2117 4840 2402 4901 annuas,
2443 4819 2633 4904 jura,
2670 4816 3166 4904 jurisdictiones
3214 4822 3282 4883 et
3327 4816 3608 4903 quedam

535 4914 666 4979 alia
725 4916 901 4983 bona
960 4920 1166 5005 ipsius
1230 4923 1537 5007 ecclesie,
1605 4922 1776 4988 datis
1839 4946 2037 5012 super
2101 4925 2226 4990 hoc
2287 4926 2565 5007 litteris,
2640 4925 2956 4990 confectis
3017 4923 3261 4989 exinde
3323 4925 3601 5010 publicis

540 5020 1032 5108 instrumentis,
1092 5026 1502 5113 interpositis
1550 5030 1973 5114 juramentis,
2035 5032 2226 5097 factis
2275 5032 2895 5098 renunciacionibus
2944 5037 3011 5096 et
3060 5031 3247 5116 penis
3293 5029 3603 5115 adjectis,

534 5126 605 5189 in
664 5148 930 5213 gravem
983 5131 1189 5217 ipsius
1235 5133 1511 5199 ecclesie
1560 5134 1875 5200 lesionem
1923 5137 2260 5201 nonnullis
2309 5138 2563 5202 clericis
2613 5144 2682 5202 et
2727 5137 2943 5219 laicis,
2992 5136 3321 5222 aliquibus
3369 5155 3595 5200 eorum

536 5231 620 5297 ad
666 5234 899 5317 vitam,
948 5236 1340 5322 quibusdam
1386 5261 1542 5304 vero
1590 5240 1673 5305 ad
1723 5262 1856 5306 non
1904 5242 2234 5308 modicum
2280 5249 2542 5330 tempus
2591 5250 2660 5308 et
2701 5244 2846 5308 aliis
2877 5247 3197 5329 perpetuo
3231 5241 3313 5306 ad
3347 5242 3597 5307 firmam

534 5338 640 5403 vel
703 5339 824 5404 snb
887 5361 1089 5407 censu
1149 5364 1372 5409 annuo
1436 5354 1940 5430 concesserunt,
2007 5370 2287 5435 quorum
2345 5349 2549 5436 aliqui
2599 5348 2907 5413 dicuntur
2952 5368 3148 5433 super
3192 5347 3320 5411 hiis
3367 5347 3599 5411 confir-

534 5445 848 5510 macionis
908 5446 1166 5513 litteras
1226 5451 1296 5514 in
1359 5453 1687 5516 communi
1751 5454 1958 5518 forma
2021 5476 2061 5519 a
2107 5454 2265 5520 sede
2313 5455 2676 5542 apostolica
2721 5455 3129 5540 impetrasse.
3224 5453 3394 5527 Quia
3444 5474 3593 5518 vero

534 5556 762 5615 nostra
801 5559 902 5615 est
942 5554 1252 5637 (intentio
1270 5557 1362 5639 Ρ),
1411 5578 1609 5642 super
1648 5557 1774 5623 hoc
1815 5558 1897 5624 de
1937 5568 2264 5646 oportuno
2307 5560 2598 5626 remedio
2639 5559 3021 5646 providere,
3072 5558 3447 5623 discretioni
3487 5565 3600 5624 tue

531 5677 650 5742 per
697 5658 1057 5743 apostolica
1103 5660 1346 5746 scripta
1389 5661 1808 5747 mandamus,
1858 5667 2170 5751 quatinus
2217 5686 2332 5748 ea,
2383 5687 2508 5752 que
2562 5664 2643 5730 de
2692 5664 2882 5730 bonis
2925 5663 3129 5749 ipsius
3174 5663 3449 5728 ecclesie
3480 5684 3599 5750 per

752 5792 838 5852 11.
3309 5800 3383 5856 18
