4450 6684
825 410 953 474 182
2072 407 2474 471 Guneossms
2521 405 2645 471 XI.

820 627 1120 694 Amoldo
1170 626 1252 692 de
1300 625 1583 692 Oollario
1633 625 2046 691 Coloniensis
2093 646 2167 690 ac
2216 623 2624 689 Theoderico
2675 623 2757 689 de
2807 623 3071 710 Campis
3108 623 3648 689 Monasteriensis
3694 643 3885 688 eano-

816 735 982 800 nieis
1029 733 1455 800 ecelesiarum
1504 732 1784 796 salutem
1831 739 1941 795 etc.

1240 866 1367 928 Ray.
1401 867 1500 914 Αυ.
1545 866 1598 913 Τ.
1634 863 1690 926 5,
1714 865 1777 928 s.
1814 863 1928 913 ¹80.

970 1010 1027 1075 1)
1064 1010 1172 1061 Cfr.
1206 1025 1367 1075 supra
1402 1024 1552 1060 num.
1586 1006 1735 1060 1721.

814 1412 1251 1481 1911-1912.
1769 1413 1945 1476 1371
1964 1462 1981 1494 ,
2030 1412 2353 1476 Januarii
2395 1413 2484 1474 27
2501 1459 2517 1494 ,
2565 1412 2931 1476 Avenionis.

1127 1569 1210 1634 A.
1308 1569 1684 1653 Praeposito
1731 1569 2018 1631 ecclesiae
2060 1567 2126 1630 S.
2161 1567 2488 1630 Johannis
2529 1565 2712 1648 Traj.
2749 1567 3117 1650 mandatur,
3166 1575 3241 1632 ut
3272 1567 3566 1632 Johanni
3612 1566 3887 1633 Walters·

1033 1676 1109 1740 de
1146 1674 1464 1756 Amhem,
1513 1674 1919 1737 baccalaureo
1967 1677 2035 1736 in
2083 1673 2347 1736 decretis
2393 1680 2451 1736 et
2497 1675 2565 1737 in
2613 1672 2861 1736 artibus
2907 1676 3245 1758 maqistrO,
3294 1674 3585 1756 conferat
3633 1676 3883 1739 canoni-

1034 1790 1278 1863 catum,
1314 1781 1744 1865 praebendam
1792 1800 1933 1843 vero
1980 1787 2039 1843 et
2085 1781 2590 1863 supplementum
2635 1787 2902 1843 reservet
2952 1782 3018 1843 in
3064 1781 3319 1844 ecclesia
3374 1780 3596 1865 Traj.;
3660 1779 3884 1866 quibus

1035 1896 1240 1952 tamen
1305 1888 1612 1969 beneficiis
1674 1888 1935 1951 obtentis
1984 1886 2145 1949 idem
2198 1886 2530 1950 Joharmes
2567 1885 3009 1970 parochialem
3056 1887 3376 1950 ecclesiam
3420 1886 3496 1950 de
3541 1887 3878 1953 Erinchem

1043 1995 1225 2078 Traj.
1274 1995 1463 2059 dioec.
1512 1994 1818 2057 dimittat.

1123 2102 1202 2167 B.
1298 2101 1522 2165 Eidem
1584 2100 1960 2182 mandatur,
2026 2107 2097 2163 ut
2162 2099 2540 2164 Theoderico
2588 2100 2663 2163 de
2724 2099 2789 2163 Y
2782 2101 3085 2184 sseLsteyn
3130 2102 3428 2165 canonico
3474 2101 3760 2165 ecclesiae
3806 2102 3874 2166 S.

1033 2209 1291 2274 Mariae
1358 2208 1681 2292 Haqensis
1761 2206 1942 2286 Trai.
2012 2205 2239 2288 dioec„
2318 2209 2621 2292 maqistro
2691 2209 2761 2271 in
2823 2205 3071 2271 artibus
3132 2215 3193 2271 et
3253 2208 3324 2271 in
3367 2210 3529 2290 jure
3584 2210 3875 2274 canonico

1037 2316 1354 2396 scholari,
1418 2322 1687 2378 reservet
1734 2314 2091 2395 beneficium
2138 2314 2586 2397 conferendum
2634 2335 2675 2378 a
2722 2316 3005 2398 capitulo
3055 2313 3123 2379 S.
3171 2314 3363 2378 Petri
3415 2314 3598 2398 Traj.
3646 2322 3706 2379 et
3748 2336 3884 2378 cum

1041 2444 1197 2487 cura
1244 2424 1361 2503 25,
1408 2424 1541 2486 sine
1587 2441 1745 2485 cura
1791 2441 1932 2484 vero
1976 2422 2066 2484 18
2116 2441 2477 2484 marcarum
2510 2424 2763 2505 arqenti
2790 2422 3066 2484 valorem
3098 2442 3384 2484 annuum
3417 2442 3542 2485 non
3573 2421 3882 2486 excedens.

1036 2605 1328 2689 Dignum
1375 2604 1784 2668 arbitramur.
1816 2650 1831 2666 .
1861 2649 1875 2665 .
1903 2649 1920 2665 .
1976 2601 2128 2665 Non
2176 2602 2596 2668 obstantibus
2647 2652 2661 2667 .
2691 2653 2706 2668 .
2736 2652 2752 2668 .
2802 2603 2975 2689 quod
3028 2603 3243 2668 dietus
3290 2603 3633 2668 «Iohannes
3679 2623 3872 2668 eano-

809 2711 1101 2776 nicatum
1149 2715 1216 2774 et
1262 2707 1666 2796 prebendam
1715 2706 1889 2770 dicte
1938 2706 2213 2770 ecclesie
2263 2707 2440 2770 beati
2490 2708 2676 2773 Petri
2723 2754 2740 2772 .
2771 2754 2787 2773 .
2816 2755 2833 2773 .
2881 2707 3181 2772 noscitur
3221 2707 3540 2773 obtinere.
3568 2754 3583 2771 .
3612 2755 3628 2771 .
3656 2755 3673 2771 .
3723 2707 3874 2771 Dat.

806 2817 1178 2899 Avinione‚
1227 2815 1326 2880 VI
1370 2814 1481 2880 Kl.
1532 2813 1910 2895 Februarii,
1961 2833 2134 2877 anno
2184 2813 2416 2899 prim0.

1229 2949 1357 3011 Rey.
1389 2949 1489 2998 Δυ.
1532 2949 1586 2997 Τ.
1620 2947 1676 3007 5,
1710 2949 1769 3013 f.
1803 2945 1900 2997 258
1934 2951 1984 2996 et
2025 2949 2080 2996 T.
2116 2946 2173 3009 9,
2201 2948 2263 3011 s.
2299 2947 2438 3001 1720.

809 3458 1261 3529 1913—1928.
1769 3463 1979 3543 1371,
2028 3461 2347 3526 Januarii
2391 3465 2508 3544 27,
2557 3462 2925 3527 Avenionis.

1126 3616 1209 3681 A.
1304 3615 1586 3680 Henrico
1648 3614 1864 3680 Monic
1925 3616 2146 3679 clerico
2205 3614 2387 3694 Trai.
2435 3616 2662 3698 dioec.‚
2720 3619 3026 3699 mayistro
3073 3619 3142 3680 in
3190 3615 3470 3698 artibus,
3521 3623 3880 3681 reservatur

1037 3722 1396 3803 beneficium
1455 3721 1901 3803 conferendum
1964 3743 2005 3784 a
2066 3723 2351 3806 capitulo
2417 3722 2483 3785 S.
2549 3722 2738 3786 Petri
2809 3723 2990 3806 Traj.
3056 3731 3116 3788 et
3177 3744 3318 3786 cum
3364 3744 3520 3787 cura
3567 3725 3690 3806 25,
3747 3724 3879 3787 sine

1033 3849 1191 3891 cura
1240 3848 1380 3891 vero
1429 3829 1518 3891 18
1564 3848 1929 3890 marcarum
1976 3830 2231 3911 arqenti
2275 3827 2551 3891 valorem
2603 3849 2887 3892 annuum
2935 3849 3060 3892 mm
3109 3828 3422 3892 excedens.

1121 3935 1198 3998 B.
1293 3933 1457 3998 Item
1526 3933 1806 3998 Henrico
1877 3933 1952 3996 de
2023 3934 2525 3997 Brandenborch
2594 3937 2818 3998 clerico
2897 3933 3080 4017 Traj.
3151 3935 3378 4018 dioec.‚
3450 3937 3755 4019 mayistro
3815 3935 3884 3998 in

1030 4041 1277 4105 artibus
1324 4049 1383 4104 et
1430 4041 1837 4104 baccalaureo
1883 4043 1953 4103 in
2000 4041 2289 4105 decretis.

1126 4148 1200 4213 O.
1295 4147 1457 4211 Item
1525 4148 1916 4211 Ghiselberto
1980 4148 2111 4211 Boc
2172 4149 2501 4232 capellano
2567 4150 2633 4211 in
2682 4149 3055 4232 parochiali
3109 4150 3364 4213 ecclesia
3417 4148 3537 4229 „de
3584 4146 3880 4230 Eten”1)

1042 4254 1223 4337 Traj.
1272 4255 1499 4336 dioec.,
1554 4256 1870 4318 licentiato
1916 4256 1987 4318 in
2033 4254 2318 4318 decretis.

1121 4361 1200 4424 D.
1298 4361 1534 4425 Jacobo
1581 4362 1656 4424 de
1704 4360 1967 4424 Wissem
2007 4362 2082 4424 de
2118 4361 2396 4444 Campen
2428 4362 2653 4425 clerico
2696 4360 2874 4442 Traj.
2908 4361 3132 4444 dioec„
3167 4365 3235 4425 in
3266 4361 3512 4426 artibus
3542 4363 3878 4447 Μαρίωνα,

1031 4477 1393 4532 reservatur
1438 4469 1641 4530 simite
1689 4467 2046 4548 beneficium
2094 4467 2540 4549 conferendum
2589 4488 2630 4531 a
2677 4469 2956 4551 capitulo
3008 4468 3061 4531 b.
3112 4467 3370 4533 Mariae
3425 4468 3606 4552 Traj.

1124 4573 1199 4639 E.
1295 4574 1589 4638 Arnoldo
1628 4574 1897 4658 Lanyhe
1934 4576 2155 4638 clerico
2207 4573 2391 4655 Traj.
2430 4575 2652 4655 dioec,
2693 4577 2761 4638 in
2801 4583 3069 4660 utroque
3097 4578 3257 4658 jure
3297 4578 3641 4659 licentiato,
3682 4597 3877 4640 reser-

1034 4690 1226 4746 vatur
1270 4683 1474 4746 simile
1522 4681 1880 4762 beneficium
1927 4681 2374 4762 conferendum
2424 4702 2464 4744 a
2511 4682 2796 4765 capitulo
2843 4680 2910 4745 S.
2960 4681 3320 4745 Salvator-is
3376 4681 3555 4765 Traj.

1121 4789 1197 4853 F.
1291 4787 1651 4851 Danka-rdo
1685 4788 1955 4851 Hem-ici
1985 4787 2059 4850 de
2092 4788 2299 4852 Brilis
2325 4788 2379 4870 2)
2427 4789 2648 4852 clerico
2690 4787 2868 4868 Traj.
2902 4786 3127 4868 dioec„
3163 4789 3467 4872 maqistro
3497 4791 3567 4852 in
3597 4788 3868 4871 artibus,

1031 4902 1393 4959 reservatur
1453 4895 1657 4958 simile
1718 4893 2073 4974 beneficium
2138 4893 2586 4973 conferendum
2650 4893 2729 4957 ab
2784 4892 3006 4956 abbate
3062 4900 3121 4957 et
3165 4902 3467 4959 conventu
3512 4895 3876 4958 monasterii

1033 5002 1510 5088 Eymondensis.

1126 5110 1204 5174 G.
1302 5108 1498 5173 Petro
1544 5106 1881 5171 Michaelis
1927 5105 2004 5169 de
2049 5106 2307 5191 Leyclen
2354 5109 2650 5170 canonico
2698 5107 2984 5170 ecclesiae
3025 5106 3093 5169 S.
3129 5108 3473 5172 Pancratii
3500 5107 3872 5194 Leydensis,

1034 5215 1441 5280 baccalaureo
1502 5218 1571 5279 in
1622 5213 1891 5299 leqibus,
1948 5220 2311 5276 reservatur
2356 5213 2561 5276 simile
2609 5212 2968 5293 beneficium
3015 5213 3461 5295 conferendum
3508 5235 3550 5277 a
3595 5215 3876 5302 capitulo

1032 5323 1500 5387 Daventriensi.

1125 5429 1213 5493 H.
1309 5427 1635 5514 Heynrico
1697 5428 1862 5490 dicto
1924 5425 1999 5488 de
2061 5424 2263 5487 Lecca
2323 5425 2545 5488 clerico
2612 5423 2794 5508 Traj.
2842 5426 3071 5507 dioec.,
3129 5428 3433 5511 magistro
3478 5429 3546 5489 in
3594 5424 3874 5508 artibus,

1035 5542 1395 5601 reservatur
1441 5536 1645 5599 simile
1692 5532 2049 5614 beneficium
2096 5530 2542 5612 conferendum
2593 5553 2635 5595 a
2679 5533 3040 5617 praeposito
3087 5531 3387 5597 Elstensi.
