4450 6684
1761 552 2219 617 quocnn‘rms
2266 552 2384 617 VI.
3528 556 3612 621 63

542 766 739 836 1508.
1423 775 1634 855 1354,
1684 773 1856 857 Maji
1899 776 2019 857 12,
2067 796 2173 858 ap.
2240 775 2725 840 Villamnovam.

858 922 1058 989 Petro
1123 923 1481 1010 Marqariti
1541 926 1871 1008 confertur
1923 937 2243 1014 perpetua
2303 931 2665 1015 capellania
2733 930 2789 995 b.
2842 930 3233 996 Gatharinae
3276 935 3409 996 sine
3455 954 3614 998 cura

767 1032 1067 1095 instituta
1137 1033 1208 1096 in
1281 1034 1534 1098 ecclesia
1593 1034 1670 1098 de
1733 1035 1954 1100 Wolde
2023 1035 2206 1118 Traj.
2273 1038 2460 1101 dioec.
2484 1088 2501 1120 ,
2555 1060 2683 1124 pro
2746 1060 2876 1125 qua
2934 1059 3073 1102 cum
3120 1038 3400 1104 Henrioo
3448 1040 3612 1105 dicto

771 1137 1041 1202 Cleuder
1104 1142 1540 1206 canonicatum
1600 1149 1660 1206 et
1709 1143 2138 1227 praebendam
2206 1144 2275 1208 S.
2342 1144 2617 1210 Servatii
2687 1146 3105 1228 Trajectensis
3168 1146 3362 1213 Leod.
3426 1147 3613 1212 dioec.

757 1246 1020 1329 putavit
1071 1247 1552 1331 per-mutandas.
1630 1286 1711 1296 —
1775 1250 2191 1334 Deputantur
2255 1260 2639 1335 executores,
2704 1255 2871 1317 inter
2934 1274 3090 1338 quos
3156 1253 3494 1318 Gobelinus
3541 1253 3617 1318 de

765 1352 1138 1418 Druihuseu
1166 1353 1221 1436 l)
1268 1360 1603 1421 canonicus
1658 1355 2099 1439 Trajectensis.

764 1534 1149 1622 Apostolice
1215 1538 1452 1605 sedis..
1480 1587 1496 1603 .
1527 1587 1541 1602 .
1606 1540 1758 1605 Dat.
1819 1541 1994 1628 apud
2041 1542 2529 1608 villamnovam
2579 1542 3051 1608 Avinionensis
3098 1543 3412 1626 diocesis,
3470 1542 3613 1607 IIII

549 1640 648 1707 Id.
697 1642 889 1728 Maji,
939 1665 1111 1710 811110
1161 1644 1470 1712 secundo.

969 1779 1089 1843 Ray.
1128 1781 1224 1830 Av.
1270 1781 1324 1830 Τ.
1359 1779 1416 1844 8,
1441 1783 1504 1845 s.
1541 1780 1676 1833 1932.

703 1905 759 1969 1)
794 1905 987 1974 Legae:
1027 1906 1330 1974 Drijhusen.

548 2327 744 2397 1509.
1431 2334 1639 2415 1354,
1687 2335 1859 2419 Maji
1905 2337 2022 2418 13,
2071 2358 2177 2422 ap.
2246 2337 2732 2402 Villamnovam.

870 2483 1226 2570 (Johanni)
1275 2488 1556 2573 episcopo
1611 2488 1792 2573 Traj.
1842 2493 2275 2573 committitur,
2325 2499 2396 2555 ut
2447 2490 2782 2555 Gherardo
2831 2491 2906 2554 de
2952 2490 3284 2574 Eqmonda
3329 2490 3526 2553 militi
3561 2496 3623 2552 et

776 2590 1118 2657 Johannae
1189 2593 1558 2659 Theoderici
1615 2604 1804 2660 natae
1867 2598 2186 2683 quondam
2259 2597 2624 2662 Theoderici
2675 2598 2752 2661 de
2796 2597 3158 2682 Raephorst
3202 2598 3460 2681 militis,
3508 2597 3622 2681 qui

773 2706 1006 2782 quarto
1069 2704 1641 2786 consanquinitatis
1697 2705 1914 2789 qradu
1974 2726 2039 2769 se
2101 2707 2337 2791 attinyi
2396 2707 2653 2769 scientes
2706 2707 3178 2768 matrimonium
3227 2703 3613 2768 clandestine

772 2806 1052 2869 inierunt
1121 2813 1179 2870 et
1248 2816 1795 2892 consummarunt,
1872 2809 2323 2875 absolutionem
2385 2809 2465 2875 ab
2512 2812 3163 2874 excommunicationis
3209 2811 3516 2873 sententia
3564 2815 3622 2872 et

772 2910 1295 2996 dispensationem
1344 2915 1638 2979 concedat
1686 2937 1922 2981 necnon
1966 2918 2186 2981 iisdem
2235 2919 2533 3002 injunqat
2566 2918 3021 3002 poenitentiam
3068 2918 3435 2980 salutarem.

769 3096 1153 3164 Venerabili
1202 3099 1389 3164 fratri
1437 3147 1454 3164 .
1483 3148 1498 3165 .
1550 3101 1863 3188 episcopo
1915 3102 2325 3187 Trajectensi
2376 3102 2656 3165 salutem
2702 3108 2812 3164 etc.

768 3204 1022 3270 Peticio
1095 3227 1212 3292 pro
1286 3213 1474 3293 parte
1544 3208 1782 3274 nobilis
1855 3209 1979 3273 viri
2051 3208 2374 3274 Gherardi
2437 3207 2518 3273 de
2584 3205 2929 3293 Egmonda
2991 3206 3220 3270 militis
3267 3210 3335 3269 et
3381 3203 3619 3267 nobilis

547 3309 836 3376 mulieris
898 3309 1204 3378 Jobanne
1271 3313 1676 3380 Theoderico
1704 3314 1758 3399 ¹)
1818 3321 1974 3381 nate
2021 3314 2353 3402 quondam
2399 3313 2790 3379 Theoderici
2840 3313 2920 3378 de
2968 3312 3343 3398 Raephorst
3392 3309 3616 3374 militis
3658 3308 3663 3314 ”

549 3420 661 3481 tue
708 3415 985 3484 diocesis
1032 3418 1223 3484 nobis
1273 3440 1483 3506 nuper
1530 3421 1831 3487 exhibita
1878 3422 2291 3505 continebat,
2342 3421 2517 3508 quod
2564 3420 2692 3507 ipsi
2725 3420 2880 3485 olim
2914 3419 3198 3484 scientes
3232 3438 3302 3482 00
3332 3415 3616 3481 invicem
3744 3440 3751 3449 ·

549 3521 618 3586 in
666 3530 899 3609 quarto
948 3528 1537 3613 consanguinitatis
1587 3529 1793 3616 gradu
1844 3529 1983 3594 fore
2031 3530 2421 3614 conjunctos
2469 3528 2553 3593 ad
2603 3525 2967 3593 sedandum
3016 3545 3285 3612 guerras
3307 3573 3325 3607 ,
3374 3522 3622 3587 dissen-

550 3630 768 3697 ciones
814 3638 883 3698 et
928 3634 1343 3721 inimiciciae,
1393 3658 1521 3722 que
1572 3642 1730 3703 tunc
1777 3637 1951 3704 inter
2001 3657 2379 3702 communes
2429 3656 2656 3700 eorum
2707 3634 3229 3718 consanguineos
3273 3637 3341 3697 et
3382 3630 3623 3694 amicos

548 3736 887 3823 vigebant,
937 3747 1005 3806 et
1052 3741 1135 3807 ad
1184 3742 1635 3811 reducendum
1683 3765 1797 3811 eos
1844 3765 1962 3831 per
2008 3744 2134 3810 1100
2184 3742 2266 3808 ad
2315 3763 2545 3829 pacem
2594 3746 2665 3806 et
2712 3739 3159 3821 concordiam,
3210 3736 3290 3801 de
3330 3736 3622 3822 ipsorum

445 3852 458 3861 '
552 3847 1186 3931 consanguineorum
1241 3858 1309 3916 et
1354 3853 1711 3917 amicorum
1761 3853 2181 3918 ordinacione
2235 3857 2302 3915 et
2350 3870 2675 3915 consensu
2722 3846 3209 3912 matrimonium
3256 3864 3374 3930 per
3420 3839 3624 3906 verba

551 3948 631 4014 de
692 3956 983 4037 presenti
1049 3957 1458 4025 clandestine
1524 3960 1806 4024 invicem
1877 3964 2350 4024 contraxerunt
2407 3955 2703 4043 illudque
2749 3953 2995 4020 carnali
3042 3951 3276 4038 copula
3323 3967 3622 4013 consum·

550 4064 829 4125 marunt.
899 4061 1067 4127 Cum
1115 4072 1336 4132 autem
1359 4115 1377 4150 ,
1424 4067 1593 4132 sicut
1644 4066 1876 4133 eadem
1919 4067 2162 4152 peticio
2201 4063 2682 4151 subjungebat,
2731 4083 2818 4127 ex
2849 4062 3139 4147 ipsorum
3172 4054 3619 4142 separacione,

556 4163 610 4227 si
656 4164 844 4235 fieret
889 4168 1063 4237 inter
1108 4194 1221 4238 eos
1247 4221 1265 4256 ,
1310 4173 1607 4260 predicte
1656 4173 2142 4257 dissenciones,
2190 4193 2425 4258 guerre
2473 4177 2542 4236 et
2588 4168 2934 4234 inimicicie
2967 4167 3140 4230 inter
3172 4161 3435 4229 eosdem
3469 4180 3621 4224 con-

555 4276 948 4360 sanguineos
996 4285 1065 4345 et
1110 4281 1351 4345 amicos
1399 4281 1810 4363 resuscitari,
1857 4279 2211 4345 homicidia
2259 4285 2328 4344 et
2374 4277 2761 4365 quamplura
2809 4275 2938 4339 alia
2983 4272 3163 4336 varia
3209 4267 3515 4334 scandala
3552 4271 3620 4329 et

548 4381 835 4466 pericula
878 4391 1151 4471 possent
1196 4387 1351 4454 inde
1405 4387 1844 4454 verisimiliter
1895 4387 2214 4469 suboriri,
2269 4408 2354 4451 ex
2401 4391 2588 4472 parte
2636 4379 2961 4448 Gherardi
3008 4384 3077 4444 et
3123 4377 3167 4443 J
3170 4376 3428 4441 ohanne
3475 4391 3620 4458 pre·

547 4488 792 4555 dictum
853 4493 1004 4578 (sic)
1067 4494 1194 4560 fuit
1240 4495 1430 4562 nobis
1475 4496 1816 4560 humiliter
1864 4494 2303 4580 supplicatum
2329 4543 2345 4576 ,
2411 4497 2487 4556 ut
2535 4492 2629 4556 eis
2678 4488 2760 4554 de
2808 4484 3245 4553 absolucionis
3294 4477 3615 4546 beneficio

546 4595 629 4661 ab
698 4603 1400 4667 excommunicacionis
1474 4602 1811 4668 sentencia
1833 4651 1849 4679 ,
1926 4623 2120 4687 quam
2184 4605 2451 4687 propter
2520 4596 2837 4684 premissa
2896 4594 3353 4671 incurrerunt,
3411 4607 3488 4652 ac
3536 4584 3617 4649 de

555 4713 874 4792 oportune
935 4707 1452 4797 dispensacionis
1514 4710 1806 4777 remedio
1865 4707 2210 4797 providere
2259 4706 2342 4771 de
2391 4705 2807 4790 benignitate
2854 4699 3213 4789 apostolica
3258 4694 3619 4760 misericor·

550 4810 720 4878 diter
788 4813 1227 4901 dignaremur.
1324 4816 1462 4882 Nos
1533 4816 1757 4903 itaque
1777 4866 1794 4900 ,
1867 4816 1980 4902 qui
2045 4815 2325 4879 salutem
2389 4817 2459 4877 et
2517 4830 2752 4897 pacem
2800 4806 3129 4893 querimus
3176 4801 3615 4887 singulorum,

550 4921 848 4988 volentes
891 4924 1183 5010 ipsorum
1230 4923 1553 4990 Gherardi
1609 4931 1677 4989 et
1723 4924 1767 4990 J
1771 4925 2030 4989 ohanne
2079 4922 2444 4987 animarum
2492 4915 2836 5005 providere
2884 4913 3080 4978 saluti
3127 4933 3201 4975 ac
3238 4903 3615 4995 hujusmodi

549 5027 1104 5113 dissencionibus,
1171 5033 1462 5117 guerris,
1524 5030 1925 5112 inimiciciis,
1993 5027 2315 5094 scandalis
2380 5031 2451 5092 et
2513 5022 2858 5112 periculis,
2909 5025 3228 5107 quantum
3276 5036 3425 5081 011111
3470 5012 3616 5078 Deo

545 5155 927 5222 possumus,
994 5136 1260 5204 obviare
1282 5187 1300 5221 ,
1365 5138 1761 5205 fraternitati
1820 5143 1933 5202 tue
1956 5185 1974 5219 ,
2024 5137 2106 5202 de
2156 5157 2289 5222 qua
2333 5134 2639 5199 fiduciam
2686 5131 2756 5196 in
2802 5128 3087 5194 Domino
3136 5126 3422 5212 gerimus
3472 5142 3615 5208 spe-

545 5241 809 5325 cialem,
868 5265 989 5331 per
1034 5245 1405 5332 apostolica
1450 5246 1693 5332 scripta
1740 5244 2208 5310 committimus
2258 5247 2329 5308 et
2374 5240 2797 5319 mandamus,
2846 5235 3189 5322 quatinus,
3239 5231 3293 5295 si
3341 5233 3443 5295 est
3485 5230 3613 5310 ita,

545 5347 704 5436 ipsis
749 5350 1088 5418 Gherardo
1137 5359 1208 5419 et
1263 5352 1572 5418 Johanna
1619 5352 1938 5440 separatis
1986 5349 2069 5417 ad
2119 5356 2410 5435 tempus,
2458 5346 2541 5413 de
2589 5367 2717 5433 quo
2753 5343 2871 5408 tibi
2904 5339 3234 5407 videbitur
3266 5334 3609 5454 expedire,

545 5476 655 5521 eos
720 5480 760 5523 a
811 5458 1109 5546 predicta
1173 5459 1876 5525 excommunicacionis
1923 5458 2297 5541 sentencia,
2347 5476 2543 5542 quam
2589 5457 2857 5539 propter
2902 5446 3218 5535 premissa
3261 5443 3610 5507 incurrisse

544 5571 944 5649 noscuntur,
1004 5566 1410 5633 auctoritate
1459 5572 1683 5631 nostra
1717 5566 1920 5651 juxta
1965 5564 2239 5630 ecclesie
2285 5562 2559 5626 formam
2607 5557 2944 5637 absolvas,
2990 5550 3304 5637 injunctis
3350 5548 3444 5612 eis
3491 5566 3609 5632 per

548 5674 614 5736 te
675 5671 850 5739 inter
910 5672 1040 5738 alia
1104 5671 1226 5737 sub
1292 5671 1537 5737 virtute
1595 5671 1959 5757 juramenti
2020 5690 2138 5756 per
2200 5689 2314 5734 000
2361 5662 2733 5753 prestandi,
2797 5657 2972 5747 quod
3018 5655 3253 5721 similia
3298 5651 3603 5718 decetero
