4450 6684
1906 504 2286 570 Appnumx.
3499 512 3631 577 319

560 726 810 792 tentiae
858 730 926 790 et
972 731 1225 791 reatum
1274 727 1544 813 perjurii
1592 727 1884 792 noscitur
1928 727 2314 811 incurrisse,
2362 729 2432 793 in
2477 728 2691 815 ipsum
2739 729 3109 816 specialiter
3154 733 3629 819 promulgatas,

556 839 636 899 et
683 833 774 899 sic
819 832 1093 919 ligatus,
1141 853 1274 898 non
1321 838 1541 899 tamen
1589 833 1659 898 in
1705 837 2155 921 contemptum
2202 835 2512 917 clavium,
2563 835 2633 899 in
2680 837 2815 901 suis
2861 837 3257 903 ministravit
3294 837 3632 904 ordinibus

570 946 640 1006 et
688 940 847 1005 alias
895 939 1249 1005 immiscuit
1294 959 1364 1004 se
1415 939 1672 1005 divinis.
1736 939 1986 1006 Verum
2034 962 2181 1006 cum
2233 963 2267 1006 a
2318 940 2626 1028 predictis
2660 942 3006 1008 sententiis
3039 948 3107 1009 et
3140 942 3314 1009 dicto
3346 944 3634 1030 perjurio

566 1048 692 1112 rite
741 1047 862 1129 sit,
912 1052 988 1111 ut
1033 1046 1380 1129 asseritur,
1430 1046 1799 1130 absolutus,
1849 1048 2201 1135 supplicari
2252 1047 2408 1114 fecit
2454 1048 2790 1114 humiliter
2820 1049 2945 1114 sibi
2978 1070 3096 1136 per
3127 1048 3346 1116 sedem
3380 1056 3641 1138 aposto·

567 1155 759 1220 licam
823 1154 1330 1220 misericorditer
1394 1154 1475 1219 de
1541 1153 2048 1242 dispensationis
2112 1156 2326 1242 gratia
2371 1155 2721 1243 provideri.
2815 1157 2953 1223 Nos
2999 1157 3201 1243 igitur
3247 1159 3639 1226 auctoritate

568 1261 817 1327 domini
878 1283 1084 1349 pape,
1149 1262 1335 1348 cujus
1398 1262 1861 1349 penitentiarie
1909 1283 2129 1327 curam
2177 1256 2498 1348 gerimus,
2551 1269 2664 1329 tue
2713 1263 3091 1330 discretioni
3137 1266 3641 1351 committimus,

567 1368 916 1454 quatinuS,
988 1368 1042 1431 si
1113 1372 1214 1432 est
1281 1368 1410 1450 ita,
1482 1366 1781 1454 injuncta
1846 1368 1969 1432 sibi
2027 1388 2223 1455 super
2271 1368 2584 1455 predictis
2630 1389 2748 1456 pro
2796 1368 2990 1435 modo
3040 1370 3230 1458 culpe
3277 1372 3647 1457 penitentia

565 1475 842 1540 salutari
888 1495 1098 1562 eoque
1146 1473 1229 1540 ad
1279 1480 1568 1561 tempus,
1617 1480 1813 1561 prout
1861 1474 2174 1562 expedire
2220 1475 2495 1559 videris,
2537 1496 2577 1540 a
2622 1496 2886 1541 suorum
2921 1476 3221 1542 ordinum
3254 1479 3645 1545 executione

568 1602 918 1669 suspenso,
969 1580 1264 1664 demum,
1314 1581 1823 1668 suffragantibus
1873 1582 1933 1648 ei
1980 1582 2230 1647 meritis
2270 1581 2531 1670 alioque
2564 1604 2697 1648 non
2731 1583 3067 1666 obstante,
3102 1585 3417 1651 canonica
3448 1607 3645 1673 super

574 1689 1054 1775 irregularitate
1119 1688 1292 1754 dicto
1359 1688 1551 1753 modo
1618 1694 1953 1755 contracta
2011 1688 2348 1776 dispenses
2395 1690 2901 1755 misericorditer
2947 1711 3095 1756 cum
3144 1691 3396 1758 eodem.
3491 1693 3645 1759 Dat.

574 1795 939 1879 Avinione,
986 1795 1087 1862 VI
1117 1795 1215 1861 Id.
1250 1796 1621 1880 Februarii,
1654 1795 2072 1882 pontificatus
2106 1795 2353 1861 domini
2384 1795 2429 1862 J
2431 1795 2708 1862 ohannis
2738 1817 2906 1884 pape
2939 1797 3147 1863 XXII
3177 1819 3351 1864 anno
3386 1804 3640 1866 octavo.

586 2373 660 2439 V.
1614 2376 1824 2459 1325,
1874 2374 2046 2459 Maji
2089 2377 2208 2456 26,
2257 2376 2621 2440 Avenionis.

904 2530 1281 2596 Wilhelmas
1325 2530 1694 2595 Cardinalis
1736 2551 1778 2594 a
1818 2530 1984 2594 dicto
2027 2529 2327 2594 Joharme
2369 2532 2652 2615 episcopo
2694 2537 3010 2615 acceptam
3043 2537 3314 2596 testatur
3341 2552 3652 2597 summam

808 2639 895 2702 46
939 2638 1325 2720 florenorum
1370 2640 1521 2702 auri
1565 2644 1623 2701 et
1669 2636 1928 2702 eundem
1974 2658 2016 2701 a
2062 2639 2343 2701 censuris
2388 2635 2654 2701 absolvit
2704 2644 2773 2701 ut
2817 2657 3039 2723 supra.

807 2816 944 2882 Nos
1009 2817 1442 2901 Guillermus,
1508 2816 1925 2883 miseratione
1990 2817 2213 2883 divina
2278 2817 2501 2884 Sancti
2562 2816 2799 2884 Giriaci
2861 2820 2930 2883 in
2994 2819 3249 2884 Termis
3311 2820 3655 2908 presbyter

577 2923 977 3008 Cardinalis,
1023 2925 1188 2990 sacri
1225 2924 1483 3010 collegii
1513 2923 2022 2990 reverendorum
2054 2930 2316 3011 patrum
2351 2923 2757 2990 dominorum
2793 2931 3017 2991 sancte
3049 2926 3349 2992 Romane
3382 2928 3655 2994 ecclesie

582 3030 1027 3098 Cardinalium
1075 3031 1496 3114 camerarius,
1547 3036 1775 3097 tenore
1809 3031 2214 3117 presentium
2245 3031 2769 3117 recognoscimus
2801 3037 2871 3097 et
2901 3031 3209 3117 fatemur,
3245 3032 3421 3120 quod
3456 3055 3652 3100 vene-

583 3137 806 3203 rabilis
852 3144 1041 3224 pater
1089 3136 1389 3203 dominus
1435 3136 1775 3205 Johannes
1823 3137 2168 3224 episcopus
2216 3138 2657 3223 Trajectensis
2702 3158 2820 3225 pro
2868 3138 3348 3225 complemento
3397 3141 3650 3206 servitii

580 3243 997 3310 familiarium
1059 3227 1470 3309 dominorum
1517 3243 1968 3310 cardinalium
2014 3243 2496 3331 predictorum,
2548 3245 2618 3309 in
2666 3265 2794 3331 quo
2841 3243 3097 3331 prefato
3145 3244 3421 3331 collegio
3473 3253 3659 3314 tene-

581 3350 804 3433 batur,
855 3350 1288 3438 quadraginta
1334 3372 1453 3415 sex
1500 3351 1782 3416 florenos
1823 3350 1966 3415 auri
1998 3370 2115 3436 per
2148 3370 2379 3414 manus
2413 3349 2841 3415 discretorum
2872 3349 3160 3415 virorum
3190 3350 3652 3436 magistrorum

579 3455 906 3522 «Iohannis
971 3456 1052 3523 de
1100 3458 1429 3540 Fumone,
1480 3457 1726 3522 domini
1772 3477 1942 3544 pape
1990 3456 2363 3543 scriptoris,
2414 3462 2480 3522 et
2527 3455 2887 3521 Franconis
2935 3455 3016 3521 de
3066 3456 3307 3522 Ruella
3353 3478 3658 3544 procura·

584 3566 799 3627 torum
869 3584 1135 3628 suorum
1208 3564 1398 3630 nobis
1467 3585 1585 3651 pro
1654 3562 1797 3649 ipso
1847 3563 2122 3649 collegio
2170 3563 2639 3649 recipientibus
2687 3562 2851 3628 solvi
2899 3562 3089 3647 fecit,
3150 3561 3230 3628 de
3278 3564 3517 3650 quibus
3565 3566 3659 3630 sic

580 3669 868 3734 solutum
937 3670 1151 3756 ipsum
1222 3671 1635 3758 episcopum,
1707 3670 2051 3736 ecclesiam
2127 3690 2346 3752 suam,
2411 3690 2816 3735 successores
2881 3690 3033 3734 suos
3099 3675 3167 3735 et
3213 3691 3438 3736 eorum
3485 3672 3660 3739 bona

580 3774 815 3861 prefati
887 3776 1147 3862 collegii
1216 3778 1481 3843 nomine
1550 3777 1948 3842 absolvimus
2012 3782 2080 3842 et
2143 3775 2491 3863 quitamus.
2585 3776 2867 3862 Insuper
2921 3777 3137 3863 ipsum
3184 3777 3565 3864 episcopum
3612 3800 3652 3844 a

578 3883 1027 3968 suspensionis
1099 3887 1169 3947 et
1236 3884 1931 3949 excommunicationis
1995 3882 2344 3948 sententiis
2408 3902 2484 3946 ac
2546 3886 2734 3947 reatu
2781 3882 3086 3968 perjurii,
3154 3881 3329 3970 quod
3377 3889 3448 3949 et
3493 3904 3654 3971 quas

579 3987 854 4054 incurrit
917 3995 1188 4077 propter
1250 3991 1644 4055 solutionem
1705 3989 1983 4077 predicti
2042 4010 2161 4077 per
2216 4009 2367 4054 eum
2415 3989 2716 4075 promissi
2764 3989 3012 4055 servitii
3057 4009 3191 4054 non
3239 3989 3476 4055 factam
3525 3998 3654 4057 ter-

581 4093 759 4160 mino
808 4097 1199 4180 constituto,
1248 4097 1641 4161 auctoritate
1690 4116 1818 4183 qua
1866 4094 2232 4181 fungimur,
2283 4094 2593 4160 duximus
2640 4093 3132 4161 absolvendum.
3198 4095 3278 4161 In
3325 4099 3513 4184 cujus
3559 4099 3655 4164 rei
3764 4155 3767 4159 .

592 4203 1041 4268 testimonium
1103 4208 1444 4291 presentes
1506 4205 1760 4268 litteras
1823 4202 1963 4269 fieri
2010 4202 2282 4268 fecimus
2331 4208 2401 4268 et
2446 4202 2641 4288 sigilli
2688 4204 2896 4267 nostri
2943 4203 3344 4290 appensione
3392 4205 3654 4271 muniri.

582 4308 827 4375 Datum
873 4311 1235 4395 Avinione,
1286 4312 1391 4377 die
1439 4312 1747 4377 vicesima
1788 4315 1981 4376 sexta
2013 4309 2255 4375 mensis
2285 4309 2476 4395 Maji‚
2520 4329 2693 4374 anno
2726 4308 2992 4375 Domini
3024 4310 3366 4376 millesimo
3401 4317 3653 4378 trecen·

582 4417 814 4482 tesimo
858 4417 1165 4483 vicesimo
1206 4418 1467 4506 quinto,
1498 4416 1857 4482 indictione
1892 4422 2152 4499 octava,
2186 4415 2608 4502 pontificatus
2643 4417 3033 4482 sanctissimi
3064 4418 3269 4503 patris
3302 4423 3370 4483 et
3403 4418 3650 4484 domini

580 4524 822 4608 nostri,
871 4523 1116 4591 domini
1162 4524 1486 4592 «Iohannis
1532 4544 1701 4612 pape
1748 4523 1991 4607 XXII,
2040 4543 2212 4588 anno
2263 4543 2461 4589 nono.

1000 4661 1387 4725 Autoyraplwm
1435 4660 1490 4710 in
1541 4661 1725 4710 charta
1775 4660 2109 4723 membrana,
2162 4675 2270 4708 cum
2321 4658 2491 4722 sigillo
2537 4673 2675 4708 cereo
2729 4658 3001 4709 Guillermi
3051 4660 3231 4723 θανά,
3280 4660 3489 4710 Archiv.
3532 4661 3667 4713 civit.

944 4744 1140 4810 Ultra-7⁶.
1174 4746 1233 4794 πθ
1265 4743 1381 4795 138.

1811 4976 2397 4983 -ῳ--ῄ--μ-ὑ-

580 5201 701 5271 VI.
1750 5204 1929 5268 1334
1951 5251 1969 5286 ,
2015 5200 2360 5267 Februarii
2407 5205 2470 5267 7.

902 5355 1317 5422 Theodericus
1362 5355 1552 5421 abbas
1597 5356 2061 5442 Eqmundensis
2106 5356 2299 5421 solvit
2343 5377 2594 5421 censum
2639 5355 2913 5420 duorum
2958 5375 3292 5420 annorum.
3324 5355 3374 5438 ι)

804 5537 931 5603 Die
999 5538 1133 5603 VH
1200 5538 1544 5604 Februarii
1606 5539 1789 5621 (anni
1864 5540 2064 5623 1334)
2133 5538 2436 5604 dominus
2498 5537 2944 5605 Theodericus
3007 5539 3209 5605 abbas
3270 5542 3648 5606 monasterii

580 5641 1063 5729 Egmundensis
1133 5643 1409 5710 diocesis
1477 5644 1918 5730 TraJectensis
1986 5665 2105 5731 pro
2176 5665 2379 5710 censu
2452 5643 2726 5710 duorum
2781 5666 3100 5711 annorum
3147 5646 3216 5711 in
3263 5645 3412 5712 Kal.
3461 5646 3648 5713 Junii
