4450 6684
1807 519 2209 584 Gnnconms
2255 517 2378 583 XI.
3492 521 3624 585 255

786 741 1187 805 Litterarum
1248 740 1542 805 scientia.
1573 788 1587 803 .
1615 787 1631 803 .
1659 787 1675 803 .
1750 737 1903 803 Non
1968 738 2384 804 obstantibus
2450 788 2464 802 .
2494 787 2509 803 .
2540 788 2556 804 .
2584 787 2599 803 .
2663 738 2838 826 quod
2901 739 3376 828 parrochialem
3423 741 3628 805 eccle-

562 845 726 912 siam
788 845 870 911 de
927 844 1341 911 Riderkerke
1388 845 1832 930 Trajectensis
1881 844 2194 927 diocesis,
2245 847 2432 931 cujus
2480 846 2765 929 fructus,
2814 845 3111 911 redditus
3159 851 3228 910 et
3274 852 3632 932 proventus

562 959 832 1041 propter
889 974 1204 1041 aquarum
1268 953 1767 1035 inundationeS,
1838 958 1913 1017 ut
1976 954 2326 1036 asseritur,
2386 951 2624 1019 modici
2672 953 2912 1019 valoris
2959 954 3293 1036 existunt,
3343 954 3631 1020 nosceris

564 1059 884 1125 obtinere.
915 1107 930 1124 .
960 1107 973 1123 .
1004 1108 1019 1123 .
1069 1059 1223 1124 Dat.
1273 1060 1640 1142 Avinione,
1689 1059 1791 1125 VI
1837 1037 2006 1125 Non.
2058 1060 2316 1144 Martii,
2366 1081 2538 1126 anno
2587 1067 2843 1147 quarte.

977 1178 1100 1241 Req-
1137 1179 1236 1226 Α..
1279 1180 1335 1227 T.
1368 1176 1460 1241 ⁶20,
1486 1179 1547 1242 f.
1582 1176 1699 1228 624.

716 1303 774 1369 1)
809 1304 980 1356 Codex
1016 1306 1175 1356 habet
1214 1307 1270 1356 in
1308 1306 1678 1370 inscriptione:
1716 1305 2094 1357 Brederkerke.

570 1737 754 1807 2178.
1412 1741 1626 1823 1374,
1675 1740 1911 1805 Martii
1954 1743 2078 1824 16,
2128 1763 2232 1826 ap.
2296 1738 2782 1806 Villamnovam.

885 1895 1167 1959 Henrico
1194 1895 1462 1960 Henrici
1486 1895 1779 1961 Scholten
1809 1896 1886 1961 de
1923 1895 2450 1983 „Depeldoren'’,
2473 1897 2523 1980 l)
2555 1898 2777 1962 clerico
2811 1897 2989 1978 Traj.
3025 1897 3244 1980 dioec.,
3277 1906 3639 1963 reservatur

798 2001 1153 2084 beneficium
1199 2004 1333 2066 sine
1378 2022 1535 2066 cura
1581 2004 1650 2067 in
1696 2004 1949 2068 ecclesia
1990 2002 2202 2086 Traj.‚
2253 2004 2344 2067 18
2375 2024 2737 2067 marcarum
2769 2006 3020 2089 arqenti
3049 2006 3322 2068 valorem
3356 2026 3640 2069 annuum

808 2129 934 2173 non
980 2108 1306 2188 excedens;
1352 2117 1643 2173 cassatur
1689 2118 1895 2174 autem
1945 2111 2082 2175 alia
2127 2111 2497 2192 reservatio,
2544 2131 2750 2195 nuper
2794 2111 2987 2174 eidem
3028 2111 3208 2192 facta
3245 2111 3320 2176 de
3357 2111 3643 2194 beneficio

800 2236 925 2280 non
971 2223 1223 2299 curato,
1272 2216 1359 2280 ad
1403 2218 1797 2282 collationem
1842 2217 2114 2282 duorum
2160 2224 2472 2282 rectorum
2520 2218 2804 2282 ecclesiae
2835 2217 2890 2282 b.
2924 2218 3181 2283 Mariae
3209 2220 3413 2284 civilis
3452 2219 3636 2303 Traj.

794 2330 1131 2407 spectante.
1184 2361 1265 2371 —
1314 2323 1730 2408 Deputantur
1775 2332 2145 2389 eoeecutores.

797 2506 1161 2572 Probitatis
1209 2514 1277 2572 et
1326 2507 1667 2572 virtutum.
1696 2556 1712 2572 .
1741 2556 1756 2572 .
1787 2557 1802 2573 .
1851 2509 2007 2574 Dat.
2059 2507 2233 2594 apud
2265 2508 2748 2573 villamnovam
2788 2516 2938 2591 etc.,
2986 2508 3192 2573 XVII
3220 2508 3331 2574 Kl.
3366 2509 3648 2595 Aprilis,

572 2633 743 2679 anno
792 2620 1046 2700 quarto.

991 2731 1117 2795 Ray.
1153 2732 1248 2780 Δυ.
1297 2732 1350 2781 Τ.
1385 2731 1475 2792 20,
1501 2734 1563 2796 s.
1598 2730 1706 2782 62³.

727 2852 785 2917 1)
819 2853 1124 2919 Legendum
1159 2855 1393 2906 videtur:
1430 2856 1757 2920 Aepeldoren
1791 2871 1861 2905 =
1895 2856 2219 2920 Apeldoorn,
2255 2869 2423 2922 pagus
2457 2855 2513 2904 in
2551 2853 2780 2905 velavia.

573 3272 760 3342 2179.
1581 3278 1791 3362 1374,
1839 3279 2097 3363 Aprilis
2143 3279 2216 3361 3,
2265 3279 2638 3344 Avenionis.

896 3430 1232 3497 Gherardo
1287 3432 1660 3520 Thenkippe
1703 3435 1779 3500 de
1826 3433 2180 3518 Dosborch,
2207 3433 2263 3515 1)
2307 3434 2529 3498 clerico
2584 3431 2766 3515 Traj.
2813 3431 3002 3497 dioec.
3017 3478 3035 3514 ,
3083 3430 3412 3515 confertur
3456 3430 3647 3496 tabel-

798 3538 1074 3620 lionatus
1121 3538 1425 3622 officium.

792 3721 894 3786 Ne
942 3727 1420 3788 contractuum.
1449 3770 1464 3787 .
1494 3771 1509 3786 .
1540 3771 1555 3787 .
1627 3723 1779 3788 Dat.
1831 3722 2199 3804 Avinione,
2248 3720 2356 3785 111
2399 3720 2571 3786 Non.
2621 3719 2908 3807 Aprilis,
2956 3718 3380 3806 pontificatus
3428 3718 3637 3784 nostri

571 3845 743 3892 anno
793 3832 1048 3913 quarto.

987 3945 1113 4008 Ray.
1147 3947 1247 3996 Ao.
1290 3948 1344 3996 T.
1378 3945 1468 4006 21,
1501 3948 1560 4011 f.
1594 3944 1708 3996 573.

715 4070 773 4134 1)
808 4070 1098 4138 Doesburg.

565 4402 761 4472 2180.
1567 4409 1785 4492 1374,
1833 4409 2094 4495 Aprilis
2141 4410 2221 4491 7,
2269 4408 2634 4472 Avenionis.

884 4560 1272 4644 Coloniensi,
1330 4562 1692 4629 Trevirensi
1730 4572 1791 4629 et
1819 4563 2301 4649 Moquntinensi
2329 4562 2815 4647 archiepiscopis
2845 4579 3183 4646 eorumque
3210 4559 3639 4644 suffraqaneis

793 4667 1065 4753 aliisque
1126 4670 1612 4757 archiepiscopis
1674 4679 1735 4737 et
1795 4673 2097 4757 episcopis
2156 4692 2274 4756 per
2318 4670 2780 4735 Alamanniam
2798 4716 2816 4752 ,
2863 4666 3289 4731 Brabantiam
3333 4673 3392 4730 et
3436 4663 3639 4730 Flan-

794 4773 1005 4839 driam
1054 4779 1408 4842 constitutis
1453 4780 1899 4863 committitur,
1946 4785 2020 4843 ut
2065 4779 2352 4864 ipsorum
2402 4776 2666 4862 quilibet
2709 4776 2844 4839 suis
2889 4777 2959 4839 in
3004 4775 3255 4838 civitate
3287 4778 3347 4837 et
3383 4772 3642 4837 dioecesi

800 4881 879 4945 de
935 4884 1066 4948 vita
1131 4890 1190 4948 et
1247 4888 1708 4951 conversatione
1752 4887 2214 4951 nonnullarum
2249 4904 2677 4971 personarum
2723 4884 3059 4968 utriusque
3101 4901 3317 4964 sexus,
3366 4900 3527 4966 quae
3568 4880 3640 4944 in

782 4998 1172 5075 paupertate
1200 4999 1261 5056 et
1289 4995 1577 5058 castitate
1606 4995 1854 5078 vivunt,
1887 4994 2225 5080 diliyenter
2257 4995 2550 5079 inquirat
2579 4998 2640 5057 et
2668 4991 2992 5057 dominum
3016 4990 3270 5075 Papam
3303 4988 3638 5072 informet,·

792 5117 954 5183 quas
999 5099 1344 5184 culpabiles
1388 5104 1728 5187 repererit,
1775 5101 2115 5166 secundum
2162 5102 2494 5166 canonicas
2522 5100 2766 5185 puniat
2801 5098 3181 5179 sanctiones,
3230 5115 3393 5180 quas
3429 5101 3638 5160 autem

792 5205 1145 5270 innocentes
1163 5255 1182 5290 ,
1229 5206 1574 5291 efficaciter
1605 5215 1924 5294 proteyat.

791 5383 896 5449 Ex
940 5387 1238 5472 injuncto
1287 5389 1499 5454 nobie.
1532 5437 1548 5453 .
1577 5438 1593 5454 .
1622 5437 1637 5453 .
1688 5389 1842 5454 Dat.
1890 5388 2255 5471 Avinione,
2300 5387 2438 5454 VII
2482 5386 2584 5452 Id.
2625 5385 2904 5473 Aprilis,
2953 5383 3375 5473 pontificatus
3422 5383 3631 5449 nostri

564 5509 739 5555 anno
787 5497 1040 5577 quarto.

986 5610 1237 5660 Moeheim
1271 5612 1348 5660 Dc
1381 5610 1671 5675 chkardis
1694 5630 1753 5678 p.
1787 5611 1888 5663 304
1947 5612 2221 5676 Redeo-icq
2262 5613 2453 5677 Gorpu
2487 5611 2672 5661 docum.
2711 5610 2761 5661 I.
2793 5608 2911 5660 230.
2942 5609 3002 5658 κ’
3034 5606 3149 5659 220.
