4450 6684
894 467 1036 529 268
2150 471 2553 537 Gnsoonws
2598 475 2719 539 XI.

1115 689 1390 755 Dilectis
1439 691 1589 756 filiis
1639 741 1652 755 .
1686 740 1699 754 .
1748 695 2078 780 preposito
2129 694 2568 760 Embricensis
2616 697 3058 781 Trajectensis
3107 699 3384 766 diocesis
3433 710 3502 767 et
3544 702 3837 768 Johanni
3884 705 3964 770 de

890 795 1203 860 Lautario
1237 800 1550 863 canonico
1586 800 2096 866 Conseranensis
2129 802 2552 867 ecclesiarum
2585 825 2659 868 ac
2704 853 2720 868 .
2745 853 2760 868 .
2805 806 3064 871 officiali
3096 808 3506 893 Trajectensi
3538 812 3815 876 salutem
3850 820 3960 876 etc.

1116 903 1505 978 Laudabilia
1567 907 1934 991 probitatis.
1966 956 1979 969 .
2013 956 2028 973 .
2056 956 2072 971 .
2146 909 2299 973 Non
2363 911 2779 975 obstantibus
2843 961 2857 975 .
2888 961 2903 976 .
2932 961 2947 976 .
2977 961 2992 977 .
3059 915 3234 1000 quod
3292 916 3469 980 idem
3515 917 3960 984 Theodericus

888 1030 1086 1096 super
1128 1012 1517 1097 parrochiali
1567 1013 1841 1078 ccclesia
1886 1016 1952 1078 in
2003 1016 2177 1101 Wye
2203 1016 2258 1098 2)
2306 1017 2477 1082 dicte
2526 1017 2801 1082 diocesis
2845 1020 2913 1082 in
2947 1021 3190 1105 palatio
3224 1024 3582 1109 apostolico
3619 1047 3688 1090 se
3723 1026 3953 1089 asserit

885 1114 1163 1200 litigare.
1194 1165 1253 1182 ..
1285 1167 1298 1181 .
1349 1119 1501 1183 Dat.
1550 1120 1909 1204 Avinione,
1959 1121 2028 1185 II
2076 1123 2182 1186 Kl.
2237 1124 2607 1205 Februarii,
2656 1125 3076 1211 pontificatus
3124 1130 3328 1192 nostri
3380 1150 3552 1194 anno
3601 1131 3855 1217 quinto.

1304 1237 1428 1300 Ray.
1466 1238 1561 1286 Αυ.
1609 1239 1663 1286 Τ.
1698 1237 1790 1299 26,
1820 1241 1881 1302 s.
1916 1239 2053 1289 283⁰.

1040 1347 1094 1404 1)
1131 1346 1372 1397 Bakhum
1411 1348 1464 1396 in
1508 1348 1781 1397 Hellandia
1817 1350 2247 1412 septentrionali,
2281 1352 2367 1401 cui
2404 1353 2528 1400 olim
2564 1353 2725 1402 etiam
2764 1369 2956 1403 nomeu
2997 1355 3216 1405 Bathem
3255 1357 3333 1405 vel
3374 1357 3659 1408 Bacchum.

1037 1429 1092 1486 2)
1133 1428 1234 1480 Csr.
1274 1445 1432 1493 supra
1470 1446 1617 1481 num.
1660 1431 1801 1481 ¹8¹5.

881 1721 1065 1787 2211.
1906 1728 2114 1807 1375,
2172 1727 2402 1790 Martii
2447 1731 2518 1808 2,
2573 1729 2930 1792 Avenionis.

1130 1939 1133 1942 .
1196 1880 1432 1945 Jacobo
1481 1881 1549 1944 S.
1602 1881 1858 1965 Gecryii
1904 1881 1990 1944 ad
2046 1882 2263 1946 Velum
2314 1885 2600 1947 Aureum
2649 1886 2908 1949 diacono
2954 1886 3296 1950 cardenola·
3341 1887 3737 1971 indulqetur,
3785 1889 3953 1973 quod

1103 1991 1541 2066 canonicatus,
1614 1988 2011 2072 praebendae
2079 1997 2137 2051 ct
2202 1992 2657 2074 supplementi,
2730 2015 2891 2077 quae
2964 1997 3026 2056 in
3096 1995 3349 2056 ecclesia
3429 1994 3610 2078 Traj.
3687 1995 3949 2076 obtinet,

1108 2098 1381 2178 ἰηιερνοε
1441 2097 1697 2176 fructus
1746 2100 2074 2181 percipere
2136 2099 2383 2178 valcat,
2448 2119 2570 2161 non
2631 2099 2911 2164 obstante
2958 2101 3128 2185 quod
3173 2103 3240 2164 in
3287 2100 3459 2165 dicta
3505 2102 3759 2165 ecclesia
3803 2103 3955 2164 resi·

1105 2204 1378 2266 dentiam
1432 2225 1551 2266 non
1600 2204 1821 2284 fecerit
1866 2226 1974 2268 nec
2020 2207 2348 2289 epistolam
2404 2208 2644 2290 leqerit.

1116 2387 1373 2452 Dilecto
1440 2389 1571 2452 filio
1633 2387 1881 2452 Jacobo
1944 2389 2166 2454 Sancti
2226 2391 2490 2475 Georgii
2538 2390 2620 2454 ad
2670 2392 2905 2456 Velum
2959 2392 3249 2456 Aureum
3300 2391 3574 2458 diacono
3624 2393 3954 2460 Cardinali

878 2496 1161 2559 salutem
1211 2503 1318 2559 etc.

1110 2604 1252 2668 Tue
1317 2602 1683 2667 devotionis
1747 2604 2121 2686 sinceritas,
2184 2627 2379 2691 quam
2441 2605 2523 2670 ad
2588 2627 2705 2670 nos
2770 2614 2837 2671 et
2895 2608 3264 2672 Romanam
3327 2608 3707 2690 ecclesiam,
3768 2611 3953 2692 cujus

890 2708 1273 2773 honorabile
1323 2709 1685 2773 membrum
1733 2710 1991 2792 existis,
2044 2731 2271 2795 gerere
2321 2711 2750 2796 dignosceris,
2800 2714 3033 2777 merito
3081 2735 3201 2777 nos
3241 2713 3521 2794 inducit,
3571 2715 3753 2778 utin
3796 2714 3950 2796 hiis,

884 2837 1015 2903 que
1065 2816 1259 2901 digne
1307 2825 1583 2903 possunt
1629 2817 1799 2898 fieri,
1852 2817 1969 2880 tibi
2017 2819 2218 2881 simus
2269 2819 2761 2904 opportunitate
2804 2819 3114 2905 temporis
3156 2820 3452 2904 graciosi.
3519 2820 3693 2886 Sane
3736 2842 3945 2907 nuper

879 2943 997 3009 pro
1062 2930 1246 3008 parte
1293 2930 1408 2988 tua
1456 2923 1646 2987 nobis
1692 2923 1817 2987 fuit
1865 2923 2278 3008 expositum,
2336 2923 2510 3010 quod
2557 2925 2713 2989 licet
2763 2926 2879 2989 tibi
2929 2925 3012 2990 de
3060 2927 3449 2991 canonicatu
3497 2935 3565 2991 et
3612 2927 3947 3013 prebenda

888 3053 1035 3096 cum
1102 3032 1557 3118 supplemento
1607 3032 1881 3096 ecclesie
1928 3032 2371 3115 Trajectensis
2420 3038 2576 3097 tunc
2624 3033 3007 3098 vacantibus
3055 3041 3124 3098 et
3169 3034 3240 3098 in
3289 3039 3485 3099 antea
3534 3034 3952 3121 disposicioni

888 3141 1243 3225 apostolice
1291 3139 1637 3204 reservatis
1683 3159 1801 3226 per
1847 3160 1965 3203 nos
2014 3139 2212 3204 fuerit
2259 3141 2571 3204 canonice
2620 3142 2948 3225 provisum
2983 3142 3059 3222 ¹),
3113 3146 3335 3205 tamen
3381 3142 3502 3206 tibi
3536 3141 3617 3205 de
3653 3141 3952 3206 omnibus

877 3245 1243 3311 redditibus
1292 3246 1715 3311 canonicatus
1765 3253 1831 3310 et
1879 3245 2212 3331 prebende
2261 3269 2337 3312 ac
2384 3248 2822 3332 supplementi
2871 3248 3315 3335 predictorum
3362 3271 3479 3335 pro
3522 3271 3599 3314 eo
3642 3270 3776 3313 non
3821 3271 3950 3314 res-

878 3352 1243 3441 pondetur,
1313 3351 1487 3438 quod
1551 3353 1619 3415 in
1684 3353 1960 3417 ecclesia
2023 3354 2165 3439 ipsa
2227 3354 2654 3419 residenciam
2720 3362 3102 3419 consuetam
3165 3375 3297 3419 non
3361 3356 3573 3421 fecisti
3633 3362 3700 3421 et
3747 3357 3950 3422 eciam

882 3460 1226 3547 epistolam
1274 3480 1409 3523 non
1457 3459 1697 3543 legisti.
1771 3459 1908 3524 Nos
1955 3460 2156 3545 igitur
2203 3460 2657 3543 attendentes,
2710 3462 2884 3546 quod
2933 3462 3262 3527 instancia
3306 3463 3638 3529 cotidiana
3684 3485 3953 3529 venera-

886 3568 1115 3633 bilium
1162 3569 1434 3631 fratrum
1484 3572 1850 3630 nostrorum
1901 3573 2125 3632 sancte
2174 3568 2473 3633 Romane
2522 3569 2794 3634 ecclesie
2841 3568 3289 3634 Cardinalium
3325 3577 3392 3635 et
3426 3572 3716 3635 omnium
3751 3573 3953 3636 eccle·

881 3677 1158 3757 siarum,
1206 3673 1747 3739 monasteriorum
1797 3679 1865 3737 et
1911 3673 2202 3737 locorum
2252 3675 2839 3740 ecclesiasticorum
2876 3675 3246 3740 sollicitudo
3281 3677 3626 3759 continua,
3677 3683 3745 3742 et
3777 3677 3949 3764 quod

877 3784 1005 3872 ipsi
1052 3805 1168 3869 pro
1212 3781 1568 3847 eorundem
1604 3781 2053 3862 ecclesiarum,
2104 3783 2644 3847 monasteriorum
2681 3790 2749 3848 et
2779 3784 3068 3848 locorum
3105 3785 3694 3849 ecclesiasticorum
3730 3786 3949 3871 quiete

881 3911 956 3956 ac
1022 3889 1403 3955 defensione
1471 3895 1537 3952 et
1584 3889 2087 3952 conservacione
2137 3888 2458 3953 bonorum
2510 3896 2576 3954 et
2614 3891 2866 3972 jurium
2915 3891 3243 3977 ipsorum,
3294 3892 3554 3955 illorum
3601 3893 3947 3978 precipue,

877 3999 946 4062 in
1009 3997 1244 4082 quibus
1304 4016 1420 4060 seu
1469 4016 1745 4081 quorum
1794 3994 2185 4079 dignitates,
2236 4002 2626 4080 personatus
2674 4002 2788 4058 aut
2838 3996 2966 4060 alia
3012 3996 3333 4061 beneficia
3382 3997 3720 4079 obtinent,
3767 3996 3951 4062 inde·

879 4106 1172 4169 sinenter
1243 4101 1636 4188 impendunt
1706 4100 1924 4166 studia
1987 4108 2055 4164 et
2115 4101 2411 4184 labores,
2479 4109 2746 4187 propter
2807 4122 2934 4189 que
2999 4124 3147 4167 cum
3201 4103 3506 4188 justicia,
3576 4105 3836 4168 racione
3884 4111 3951 4169 et

872 4213 1170 4299 equitate
1219 4209 1649 4277 suadentibus
1696 4210 1764 4273 in
1813 4209 2059 4273 eisdem
2108 4210 2426 4291 ecclesiis,
2479 4211 2890 4274 monasteriis
2941 4219 3139 4296 atque
3187 4211 3375 4293 locis,
3425 4212 3495 4275 in
3544 4212 3782 4297 quibus
3830 4233 3946 4277 seu

885 4341 1160 4406 quorum
1234 4318 1658 4384 canonicatus
1730 4324 1798 4381 et
1869 4316 2273 4402 prebendas,
2344 4316 2739 4401 dignitates,
2815 4324 3203 4404 personatus
3268 4340 3385 4383 seu
3446 4319 3575 4383 alia
3631 4319 3952 4384 beneficia

879 4428 1217 4511 optinent,
1271 4432 1343 4489 ut
1390 4425 1752 4510 prefertur,
1803 4431 2144 4508 presentes
2190 4424 2485 4509 profecto
2535 4423 2663 4488 dici
2712 4432 2781 4490 et
2829 4425 3080 4489 censeri
3127 4424 3376 4490 debent
3423 4446 3552 4490 non
3604 4425 3947 4507 absentes,

879 4538 948 4599 et
1007 4540 1359 4620 propterea
1423 4532 1540 4595 tibi
1602 4530 1673 4594 in
1736 4529 2068 4616 premissis
2129 4530 2475 4617 providere
2523 4531 2861 4614 volentes,
2929 4533 3060 4596 tuis
3106 4533 3176 4597 in
3223 4533 3346 4597 hac
3392 4538 3579 4619 parte
3628 4533 3950 4618 supplica-

881 4640 1179 4704 cionibus
1226 4638 1555 4719 inclinati,
1605 4637 1903 4702 volumus
1953 4643 2021 4701 et
2069 4637 2189 4701 tibi
2238 4639 2631 4703 auctoritate
2679 4639 3038 4725 apostolica
3083 4638 3529 4721 concedimus,
3581 4638 3756 4724 quod
3804 4659 3948 4725 pre-

880 4747 1096 4812 missis
1159 4766 1416 4810 necnon
1485 4745 1981 4830 quibuscunque
2045 4744 2188 4807 aliis
2259 4746 2524 4809 statutis
2588 4751 2654 4810 et
2702 4745 3289 4812 consuetudinibus
3338 4746 3635 4832 ejusdem
3683 4746 3948 4830 Trajec-

882 4853 1088 4917 tensis
1151 4852 1423 4917 ecclesie
1488 4851 1864 4933 contrariis,
1920 4853 2337 4934 juramento,
2402 4852 2901 4917 confirmacione
2964 4854 3326 4939 apostolica
3389 4853 3494 4918 vel
3557 4872 3946 4939 quacunque

879 4959 1189 5023 firmitate
1254 4958 1381 5022 alia
1441 4958 1760 5024 roboratis
1826 4979 2239 5043 nequaquam
2303 4957 2743 5041 obstantibus,
2794 4960 3079 5040 fructus,
3129 4958 3425 5024 redditus
3472 4966 3541 5024 et
3585 4963 3943 5045 proventus

881 5064 1257 5151 hujusmodi
1324 5065 1745 5130 canonicatus
1809 5070 1877 5129 et
1924 5062 2259 5150 prebende
2307 5085 2381 5128 ac
2430 5066 2869 5152 supplementi
2916 5065 3190 5153 perinde
3239 5065 3576 5153 percipere
3621 5065 3833 5150 possis
3881 5070 3948 5129 et

870 5171 1156 5257 debeas,
1220 5193 1296 5238 ac
1357 5173 1411 5236 si
1473 5170 1848 5257 hujusmodi
1913 5171 2345 5236 residenciam
2410 5179 2789 5237 consuetam
2854 5173 3118 5238 fecisses
3166 5180 3234 5237 et
3282 5173 3626 5259 epistolam
3673 5172 3946 5256 legisses

874 5281 944 5345 in
993 5280 1268 5346 ecclesia
1314 5279 1721 5365 Trajectensi
1769 5278 2083 5365 predicta.
2154 5277 2336 5341 Nulli
2389 5298 2544 5363 ergo
2595 5286 2708 5343 etc.
2757 5286 2980 5344 nostre
3011 5279 3373 5343 voluntatis
3406 5284 3475 5343 et
3508 5278 3945 5344 concessionis

874 5387 1229 5473 infringere
1278 5395 1385 5451 etc.
1447 5386 1601 5451 Dat.
1651 5385 2019 5465 Avinione,
2067 5383 2166 5448 VI
2212 5381 2387 5448 Non.
2433 5384 2690 5467 Martii,
2741 5384 3159 5472 pontificatus
3207 5385 3415 5451 nostri
3462 5405 3635 5449 anno
3688 5386 3941 5471 quinto.

1296 5504 1421 5567 περ.
1455 5505 1555 5553 Αυ.
1597 5504 1649 5553 r.
1686 5502 1776 5567 25,
1802 5505 1863 5567 s.
1897 5500 2014 5552 399.

1027 5614 1082 5679 1)
1120 5614 1226 5665 Cfr.
1259 5628 1422 5678 supra
1456 5629 1606 5664 num.
1639 5613 1788 5665 2191.
