4450 6684
893 489 1021 552 128
2192 488 2528 554 Usamus
2582 487 2669 554 V.

891 705 1080 773 1742.
1859 711 2068 792 1363,
2118 709 2469 774 Februarii
2513 713 2590 793 7,
2637 711 2999 774 Avenionis.

1207 862 1489 928 Luberto
1549 862 1736 926 Bolle
1796 865 2104 947 maqistro
2165 867 2234 926 in
2299 862 2547 927 artibus
2610 871 2670 927 et
2730 865 2797 928 in
2840 865 3001 946 jure
3046 864 3343 928 canonico
3390 861 3675 927 scholari
3717 864 3968 927 intuitu

1118 967 1439 1034 Joliannis
1486 968 1594 1050 (de
1638 968 1879 1051 Arkel)
1925 970 2200 1054 episcopi
2254 968 2435 1052 Traj.
2475 990 2603 1054 pro
2648 969 2979 1034 domestico
3024 989 3138 1034 suo
3168 969 3596 1054 supplicantis
3626 968 3969 1052 confertur

1117 1077 1523 1140 canonicatus
1568 1082 1627 1138 et
1671 1081 2031 1138 reservatur
2058 1074 2428 1160 praebenda
2466 1096 2607 1139 cum
2646 1077 3077 1162 supplemento
3117 1078 3186 1139 in
3223 1076 3479 1140 ecclesia
3528 1074 3752 1158 Traj.,·
3796 1096 3965 1161 quae

1117 1189 1329 1246 autem
1389 1202 1527 1245 cum
1591 1187 1910 1244 assecutus
1971 1180 2212 1262 fuerit,
2277 1183 2714 1245 canonicatum
2769 1189 2828 1246 et
2863 1181 3333 1266 praebendam,
3380 1202 3543 1268 quas
3588 1184 3658 1246 in
3703 1182 3964 1247 ccclesia

1118 1287 1567 1351 Daventriensi
1611 1287 1877 1370 obtinet,
1927 1289 2178 1351 omnino
2224 1287 2528 1351 dimittat.
2582 1325 2664 1336 —
2712 1287 3130 1373 Deputantur
3176 1295 3548 1353 executores.

1114 1471 1515 1536 Litterarum
1564 1471 1858 1535 scientia.
1887 1518 1901 1533 .
1934 1518 1949 1533 .
1981 1518 1996 1533 .
2047 1469 2199 1535 Dat.
2251 1471 2618 1554 Avinione,
2668 1472 2804 1537 VII
2852 1472 2948 1537 Id.
2999 1472 3377 1555 Februarii,
3428 1493 3602 1538 anno
3649 1474 3881 1561 primo.

1312 1607 1435 1669 Ray.
1471 1607 1569 1656 Ac.
1615 1608 1668 1656 T.
1705 1605 1757 1668 2,
1785 1608 1847 1670 s.
1881 1604 1997 1656 364.

2128 1803 2716 1810 ———-—-—-————-——-—a——

884 2005 1070 2073 1743.
1847 2009 2061 2090 1363,
2110 2008 2456 2073 Februarii
2500 2012 2574 2091 7,
2623 2010 2990 2075 Avenionis.

1199 2162 1489 2248 Reynero
1536 2162 1771 2227 Modde
1816 2165 2055 2227 intuitu
2098 2163 2422 2228 Johannis
2466 2164 2574 2247 (de
2614 2165 2855 2248 Arkel)
2900 2167 3175 2251 episcopi
3227 2165 3410 2249 Traj.
3447 2187 3578 2252 pro
3624 2165 3952 2230 domestico

1115 2289 1229 2333 suo
1297 2269 1623 2350 familiari
1689 2271 2113 2354 supplicantis
2182 2271 2512 2351 confertur
2580 2273 2986 2336 canonicatus
3054 2279 3115 2336 et
3175 2280 3539 2337 reservatur
3586 2270 3958 2357 praebenda

1111 2398 1252 2440 cum
1297 2378 1726 2461 supplemento
1774 2380 1841 2440 in
1890 2379 2144 2440 ecclesia
2193 2377 2259 2441 S.
2312 2377 2670 2442 Salvatoris
2717 2378 2936 2462 Traj.,·
2983 2400 3146 2464 quae
3190 2386 3400 2443 autem
3445 2401 3586 2444 cum
3631 2386 3948 2443 assecutus

1108 2482 1341 2564 fuerit,
1394 2482 1825 2567 praebendam
1887 2484 2254 2546 animarum
2315 2492 2750 2568 nuncupatam
2811 2486 2878 2548 in
2924 2486 3180 2550 ecclesia
3233 2484 3452 2569 Traj.,
3513 2488 3956 2550 canonicatum

1107 2597 1167 2653 et
1222 2588 1655 2674 praebendam
1728 2588 2257 2653 Gheervlietenses
2323 2597 2381 2653 et
2450 2591 2767 2654 ecclesiam
2836 2598 3128 2655 curatam
3195 2593 3265 2655 in
3327 2591 3613 2656 Zuubert
3647 2592 3699 2675 ¹)
3769 2589 3952 2673 Traj.

1106 2694 1325 2778 dioec.‚
1376 2715 1538 2779 quas
1588 2694 1888 2758 hactenus
1935 2694 2202 2777 obtinet,
2251 2698 2502 2760 omnino
2549 2697 2855 2761 dimittat.
2909 2735 2988 2745 —
3038 2696 3457 2783 Deputantur
3500 2704 3873 2762 executores.

1110 2877 1502 2943 Laudabilia
1547 2879 1960 2966 probitatis..
1988 2928 2004 2944 .
2035 2929 2049 2943 .
2097 2880 2251 2944 Dat.
2300 2879 2664 2963 Avinione,
2713 2881 2849 2946 VII
2896 2879 2995 2947 Id.
3043 2880 3423 2963 Februarii,
3471 2900 3644 2944 anno
3691 2879 3924 2966 primo.

1303 3014 1428 3077 περ.
1462 3016 1558 3064 Aa.
1604 3017 1657 3065 r.
1692 3014 1750 3079 2,
1776 3018 1835 3080 s.
1873 3013 2014 3067 364³.

1038 3142 1094 3208 1)
1127 3143 1508 3195 Probabiliter:
1547 3144 1831 3196 Zubburch
1867 3147 1947 3197 vel
1984 3145 2417 3215 West-souburg
2452 3149 2507 3199 in
2543 3147 2867 3200 Walachria.

885 3566 1074 3633 1744.
1822 3570 2038 3654 1363,
2089 3571 2438 3635 Februarii
2484 3573 2608 3657 13,
2657 3575 3023 3638 Avenionis.

1202 3722 1401 3786 Petro
1469 3722 1546 3786 de
1618 3723 1895 3788 Calstris
1965 3727 2031 3789 in
2086 3729 2246 3806 jure
2307 3728 2604 3791 canonico
2671 3728 2989 3792 licentiato
3055 3726 3387 3810 confertur
3440 3729 3851 3793 canonicatus
3895 3735 3958 3793 et

1111 3836 1475 3892 reservatur
1532 3829 1903 3913 praebenda
1974 3851 2113 3894 cum
2182 3832 2617 3915 supplemento
2686 3834 2754 3896 in
2817 3835 3070 3897 ecclesia
3141 3832 3325 3918 Traj.
3393 3870 3474 3881 -
3537 3833 3955 3919 Deputantur

1109 3942 1481 3999 executores.

1109 4120 1512 4185 Litterarum
1559 4120 1853 4185 scientia.
1885 4168 1900 4185 .
1930 4169 1945 4183 .
1974 4168 1989 4185 .
2041 4120 2192 4186 Dat.
2244 4120 2614 4204 Avinione,
2664 4120 2764 4185 Id.
2811 4120 3191 4205 Februarii,
3239 4142 3412 4187 anno
3459 4122 3690 4209 primo.

1302 4256 1427 4317 Rey.
1463 4251 1559 4303 Δυ.
1605 4255 1658 4304 Τ.
1696 4253 1752 4317 2,
1776 4256 1837 4318 s.
1873 4252 1980 4304 95³.

878 4650 1067 4719 1745.
1835 4658 2044 4736 1363,
2094 4657 2445 4722 Februarii
2488 4660 2599 4741 17,
2645 4658 3010 4724 Avenionis.

1198 4807 1531 4872 Gen-ardus
1586 4809 1662 4872 de
1720 4809 1889 4875 Veno
1923 4814 2333 4896 praepositus
2378 4812 2832 4877 Arnhemensis
2879 4812 2955 4876 de
2997 4833 3154 4878 novo
3201 4815 3612 4878 constituitur
3654 4814 3948 4879 colkctor

1103 4914 1439 4994 fructuum
1489 4914 1790 4979 Gamerae
1835 4918 2244 5001 Apostolicae
2287 4919 2641 4983 debitorum
2686 4923 2755 4983 in
2800 4921 3053 4984 civitate
3095 4927 3157 4985 et
3201 4919 3394 4985 dioec.
3450 4919 3635 5005 Traj.

1105 5090 1415 5158 Urbanus
1476 5093 1859 5181 episcopus,
1924 5117 2150 5162 servus
2206 5119 2542 5164 servorum
2589 5100 2749 5182 Dei,
2799 5100 3039 5165 dilecto
3081 5099 3222 5165 'filio
3270 5099 3562 5167 Gerardo
3612 5099 3695 5166 de
3741 5101 3934 5168 Veuo

882 5199 1213 5286 preposito
1274 5199 1753 5286 Arnhemensi,
1819 5205 2175 5291 apostolice
2239 5205 2412 5270 sedis
2476 5207 2752 5291 nuncio,
2818 5207 3096 5273 salutem
3153 5211 3221 5273 et
3266 5207 3692 5295 apostolicam
3739 5208 3939 5274 bene·

881 5304 1254 5371 dictionem.
2054 5309 2058 5313 Α

1102 5411 1205 5477 De
1249 5413 1508 5478 illorum
1554 5416 1904 5504 probitate.
1934 5466 1950 5482 .
1981 5466 1991 5480 .
2025 5465 2040 5483 .
2088 5420 2303 5505 Igitur
2350 5441 2497 5485 oum
2545 5426 2646 5504 tu,
2696 5420 2809 5507 qui
2853 5420 2924 5485 iu
2970 5421 3238 5486 civitate
3284 5426 3353 5487 et
3393 5419 3637 5487 diocesi
3677 5421 3941 5507 Trajeo-

881 5518 1182 5583 tenuibus
1243 5519 1574 5586 fructuum
1639 5544 1893 5589 camere
1957 5526 2317 5612 apostolice
2380 5525 2773 5613 debitorum¹
2813 5526 3125 5591 collector
3167 5525 3487 5593 hactenus
3533 5528 3925 5593 auctoritate

882 5623 1245 5710 apostolica
1305 5625 1625 5710 extitisti,
1689 5628 1759 5692 iu
1819 5628 2195 5714 hujusmodi
2259 5631 2634 5697 collectorie
2696 5629 2900 5696 offitio
2963 5636 3030 5696 te
3076 5629 3496 5698 laudabiliter
3539 5632 3820 5718 gesseris
3865 5635 3934 5696 et
