4450 6684
848 481 980 545 146
2151 470 2487 539 Unsuws
2535 471 2615 538 V.

1066 700 1385 767 Militanti
1430 699 1728 764 ecclesie.
1758 745 1773 760 .
1806 745 1820 760 .
1851 745 1865 759 .
1918 697 2071 761 Dat.
2121 695 2494 776 Avinione‚
2545 693 2648 758 III
2696 692 2798 758 Id.
2848 691 3223 774 Februarii,
3275 709 3450 755 anno
3500 688 3719 754 tertio.

1262 834 1386 897 say.
1427 835 1520 884 Αυ.
1564 835 1619 883 τ.
1655 832 1742 896 12,
1770 834 1833 897 s.
1868 830 2008 881 scau.

997 962 1056 1024 1)
1089 960 1481 1025 Ludingakerk.
1681 959 1740 1022 Ξ)
1776 958 1993 1023 Anjum.

997 1044 1054 1106 3)
1094 1043 1581 1094 Hasker-Convent.
1649 1043 1914 1103 Quattuor
1948 1044 2049 1094 loci
2086 1044 2174 1095 hic
2209 1046 2472 1096 nominati
2508 1045 2706 1112 singuli
2743 1046 2798 1095 in
2835 1043 3020 1094 Frisia.

2109 1308 2550 1317 --—--.-—-—.
2595 1310 2634 1314 -—

848 1515 1044 1583 1802.
1799 1517 2011 1597 1365,
2061 1514 2411 1580 Februarii
2455 1517 2575 1597 15,
2623 1517 2984 1579 Avenionis.

1161 1668 1401 1733 Jacobo
1448 1668 1685 1732 Braem
1715 1668 1767 1750 1)
1815 1666 2282 1750 confirmantur
2328 1670 2737 1732 canonicatus
2769 1676 2830 1731 ct
2851 1668 3223 1753 praebenda
3257 1668 3545 1732 ecclesiae
3577 1666 3635 1730 b.
3673 1664 3919 1728 Mariae

1084 1775 1311 1857 Traj.,
1375 1796 1536 1859 quas
1582 1778 1747 1837 sicut
1786 1776 2284 1858 permutationis
2331 1794 2525 1837 causa
2575 1774 2769 1857 Huyo
2823 1774 3054 1837 Braem
3083 1774 3162 1857 ¹),
3222 1776 3318 1837 ita
3363 1780 3424 1837 et
3469 1774 3603 1857 ipsc
3649 1768 3920 1834 Jacobus

1072 1881 1514 1966 parochialem
1575 1881 1891 1944 ecclesiam
1965 1880 2522 1960 „Nonesthaldie”
2549 1882 2605 1964 2)
2659 1901 2896 1944 necnon
2943 1880 3277 1944 Abraham
3337 1873 3924 1943 Utcrcoernemarck

1064 1996 1445 2073 perpetuam
1508 1988 1934 2072 capellaniam
1996 1988 2235 2051 altaris
2299 1987 2356 2051 b.
2420 1987 2681 2051 Mariae
2742 1996 2800 2051 et
2865 1986 3160 2052 Omnium
3224 1987 3642 2066 Sanctorum,
3702 1984 3813 2047 siti
3853 1983 3919 2044 in

1079 2097 1333 2159 ecclesia
1382 2094 1448 2158 S.
1502 2094 1846 2158 Gcrtrudis
1903 2094 2124 2176 Traj.,
2173 2097 2242 2158 in
2292 2095 2581 2159 manibus
2627 2094 2951 2159 Johannis
2995 2094 3072 2158 de
3116 2093 3380 2158 Menart
3424 2093 3646 2157 decani
3675 2090 3920 2154 Daven-

1082 2204 1335 2266 triensi-s
1381 2209 1439 2265 et
1485 2200 1810 2264 Johannis
1858 2202 2133 2284 episcopi
2187 2200 2371 2283 Traj.
2422 2202 2649 2264 vicarii
2689 2201 3042 2285 yencralis,
3096 2200 3284 2264 libere
3327 2200 3758 2283 resiqnarunt.

1078 2386 1470 2452 Laudabilia
1517 2386 1884 2472 probitatis.
1916 2434 1930 2449 .
1961 2433 1977 2449 .
2009 2435 2024 2450 .
2073 2385 2227 2450 Dat.
2278 2385 2647 2467 Avinione,
2698 2386 2830 2451 XV
2877 2386 2988 2449 Kl.
3036 2385 3300 2466 Marcii,
3350 2403 3522 2447 anno
3572 2380 3797 2446 tercio.

1274 2523 1397 2585 περ.
1435 2523 1531 2571 Αυ.
1579 2522 1632 2571 ⁷¹.
1670 2520 1756 2578 10,
1784 2523 1845 2583 f.
1881 2519 1995 2570 5¹8.

1009 2667 1066 2730 1)
1102 2667 1271 2717 Codex
1310 2667 1493 2717 habet:
1536 2667 1723 2717 Braen.
1924 2665 1980 2728 2)
2016 2665 2447 2718 Nieuwe-Scbild
2486 2668 2541 2717 in
2580 2666 2753 2717 insula
2788 2667 2962 2716 Texel.

867 3137 1064 3205 1803.
1818 3141 2027 3218 1365,
2078 3138 2427 3202 Februarii
2472 3140 2581 3220 16,
2631 3141 2995 3204 AvenioniS.

1190 3293 1548 3378 (Johanni)
1594 3296 1878 3378 episcopo
1937 3293 2119 3376 Traj.
2170 3295 2605 3375 committitur,
2653 3301 2726 3357 ut
2762 3291 3156 3355 Ghiselberto
3194 3290 3270 3355 de
3307 3286 3726 3352 Walenborch
3756 3305 3936 3349 cano-

1086 3403 1224 3464 nico
1283 3400 1465 3483 Traj.
1514 3401 1829 3465 licentiam·
1864 3401 2194 3483 concedat,
2243 3400 2575 3483 fundandi
2603 3408 2663 3464 et
2693 3400 2963 3464 dotandi
2992 3420 3190 3463 unum
3223 3396 3534 3481 hospitale
3553 3413 3936 3479 pauperum.

1096 3581 1475 3646 Venerabili
1524 3582 1705 3647 fratri
1754 3630 1770 3646 .
1799 3631 1814 3646 .
1867 3584 2173 3670 episcopo
2220 3584 2630 3669 Trajectensi
2678 3584 2959 3647 salutem
3006 3589 3116 3645 etc.

1095 3687 1232 3750 Piis
1282 3689 1452 3751 votis
1498 3687 1790 3753 fidelium
1824 3695 1892 3753 et
1922 3690 2052 3753 illis
2085 3691 2466 3775 presertim,
2516 3710 2642 3775 que
2678 3690 3041 3753 animarum
3076 3688 3355 3752 salutem
3389 3691 3457 3751 et
3490 3685 3696 3748 divini
3728 3683 3941 3748 cultus

875 3800 1305 3878 augmentum
1354 3797 1677 3880 respicere
1725 3794 2177 3877 dinoscuntur,
2228 3796 2608 3861 benivolum
2641 3796 3052 3880 impertimur
3084 3814 3439 3858 assensum.
3499 3791 3673 3856 Sane
3705 3788 3945 3876 peticio

871 3921 991 3986 pro
1065 3906 1251 3986 parte
1323 3900 1545 3964 dilecti
1615 3902 1730 3966 filii
1803 3902 2205 3966 Ghiselberti
2280 3901 2361 3966 de
2432 3902 2849 3967 Valenborch
2923 3902 3072 3985 (sic)
3141 3900 3435 3964 canonici
3506 3895 3946 3981 Trajectensis

868 4007 1058 4070 nobis
1109 4028 1318 4093 nuper
1363 4007 1663 4072 exhibita
1711 4009 2129 4086 continebat,
2181 4008 2355 4094 quod
2403 4010 2544 4094 ipse
2593 4010 2866 4095 cupiens
2916 4014 3179 4072 terrena
3226 4007 3293 4070 in
3340 4005 3609 4070 celestia
3655 4008 3723 4067 et
3770 4008 3944 4066 tran-

871 4115 1099 4179 sitoria
1161 4116 1230 4178 in
1280 4121 1510 4180 eterna
1556 4116 1730 4180 felici
1777 4117 2164 4180 commercio
2215 4129 2655 4193 commutare,
2710 4138 2829 4203 pro
2881 4136 2996 4179 sue
3046 4120 3114 4179 et
3158 4120 3506 4200 parentum
3554 4116 3622 4175 et
3672 4109 3945 4173 aliorum

874 4219 1370 4285 benefactorum
1435 4241 1698 4285 suorum
1763 4222 2130 4285 animarum
2195 4222 2406 4286 salute
2469 4243 2673 4287 unum
2733 4222 3057 4308 hospitale
3105 4240 3467 4309 pauperum
3515 4216 3685 4281 infra
3730 4233 3948 4301 parro-

879 4327 1095 4392 chiam
1145 4328 1418 4392 ecclesie
1468 4326 1550 4392 de
1597 4327 1860 4393 Doerne
1888 4329 1941 4411 1)
1992 4334 2104 4392 tue
2147 4329 2589 4413 Trajectensis
2624 4328 2900 4394 diocesis
2933 4329 3038 4393 vel
3070 4329 3140 4392 in
3174 4327 3302 4392 alio
3332 4326 3478 4390 1666
3514 4323 3798 4389 civitatis
3831 4340 3946 4384 seu

875 4433 1049 4497 dicte
1099 4439 1212 4499 tue
1261 4433 1537 4498 diocesis
1584 4434 2059 4519 Trajectensis,
2110 4436 2223 4499 ubi
2273 4438 2478 4521 magis
2527 4435 2877 4501 crediderit
2931 4435 3276 4521 expedire,
3325 4435 3396 4497 in
3439 4430 3643 4496 fundo
3685 4427 3946 4516 proprio

872 4538 980 4602 vel
1029 4539 1156 4603 alio
1206 4560 1322 4625 per
1370 4560 1520 4604 eum
1559 4542 1743 4624 justo
1796 4543 1987 4606 titulo
2036 4542 2473 4627 acquirend0,
2527 4542 2610 4606 ad
2658 4543 2979 4608 honorem
3027 4543 3151 4606 Dei
3200 4548 3267 4606 et
3314 4541 3509 4605 beate
3556 4537 3764 4602 Maris
3805 4534 3951 4598 Vir-

878 4645 1049 4729 ginis
1098 4652 1167 4708 et
1215 4646 1423 4710 sancti
1469 4645 1720 4712 Mathis
1768 4648 2074 4735 Apostoli
2121 4670 2196 4713 ac
2245 4657 2472 4714 sancte
2518 4649 2874 4735 Margarite
2916 4671 3174 4715 necnon
3207 4648 3497 4714 omnium
3531 4647 3947 4724 Sanctorum,

874 4749 959 4815 de
1009 4751 1198 4815 bonis
1248 4752 1328 4816 ad
1379 4774 1529 4818 eum
1578 4755 1837 4819 racione
1885 4776 2166 4840 persone
2214 4777 2332 4821 sue
2381 4758 2834 4843 spectantibus
2882 4756 3157 4821 fundare
3205 4777 3280 4820 ac
3329 4753 3620 4819 construi
3662 4758 3729 4817 et
3772 4749 3952 4815 edifi-

876 4859 1010 4923 cari
1058 4865 1124 4923 et
1174 4861 1242 4924 in
1290 4858 1522 4924 eodem
1570 4861 1910 4947 hospitali,
1962 4869 2306 4950 postquam
2360 4864 2706 4929 fundatum
2749 4873 2814 4929 et
2859 4870 3307 4928 constructum
3347 4861 3574 4942 fuerit,
3624 4855 3951 4945 quoddam

883 4965 1088 5030 altare
1138 4967 1300 5051 erigi
1349 4969 1562 5032 facere
1611 4975 1679 5032 et
1726 4969 2230 5054 gubernatorem
2283 4971 2497 5035 eidem
2545 4971 2855 5058 hospitali
2906 4971 3223 5056 deputare
3263 4968 3617 5054 dotemque
3656 4987 3773 5053 pro
3814 4984 3956 5050 per-

881 5077 1086 5158 petuo
1152 5075 1527 5160 capellam,
1595 5075 1706 5161 qui
1773 5076 1842 5140 in
1907 5076 2083 5140 dicto
2132 5077 2322 5142 altari
2370 5086 2688 5165 perpetuo
2741 5079 2964 5142 divina
3010 5078 3299 5143 celebret
3347 5075 3594 5156 officia,
3643 5069 3960 5157 assignari

880 5180 1213 5264 proponit.
1312 5179 1530 5253 Quare
1594 5202 1712 5268 pro
1777 5187 1962 5269 parte
2013 5182 2171 5247 dicti
2221 5186 2520 5249 canonici
2566 5185 2757 5249 nobis
2808 5185 2933 5248 fuit
2979 5183 3315 5249 humiliter
3362 5181 3834 5268 supplicatum,
3882 5181 3958 5240 ut

881 5286 942 5348 ei
1005 5286 1290 5352 faciendi
1354 5289 1668 5374 premissa
1712 5291 2054 5354 licenciam
2103 5291 2464 5356 concedere
2514 5291 2596 5356 de
2645 5292 3059 5377 benignitate
3108 5291 3470 5377 apostolica
3517 5287 3954 5373 dignaremur.

884 5392 1022 5456 Nos
1088 5396 1350 5479 itaque,
1416 5397 1623 5482 ipsius
1687 5399 1983 5462 canonici
2047 5400 2226 5485 pium
2292 5399 2698 5486 propositum
2761 5400 3111 5486 plurimum
3175 5400 3244 5462 in
3305 5397 3589 5461 Domino
3637 5413 3962 5459 commen-

888 5497 1155 5581 dantes,
1207 5501 1584 5585 hujusmodi
1616 5505 2205 5591 supplicationibus
2239 5506 2566 5588 inclinati,
2608 5506 3003 5570 fraternitati
3040 5513 3150 5569 tue
3182 5525 3300 5591 per
3333 5503 3690 5590 apostolica
3722 5501 3961 5586 scripta

884 5606 1353 5672 committimus
1402 5614 1470 5673 et
1518 5609 1926 5694 mandamus,
1983 5612 2293 5696 quatinus
2336 5611 2549 5677 eidem
2583 5612 2957 5677 Giselberto
2990 5612 3305 5676 canonico
3340 5608 3707 5695 predictum
3741 5606 3959 5692 hospi-
