4450 6684
842 561 1016 608 xv111
2127 542 2613 607 Inraoncc‘rio.

843 763 1079 850 quibus
1147 762 1561 828 commissum
1632 768 1802 848 erat,
1864 767 1941 828 ut
2001 784 2040 828 a
2099 761 2449 828 Frederico
2513 760 2918 848 Imperatore
2979 760 3350 827 cautionem
3400 760 3484 827 de
3533 781 3693 848 pace
3741 781 3888 825 cum

842 866 1159 953 Gregorio
1206 888 1378 954 papa
1421 867 1526 932 IX
1571 867 1697 933 rite
1745 864 2068 932 servanda
2113 866 2482 954 reciperent
2527 865 2735 950 (num.
2792 866 2964 949 125).

1068 971 1234 1037 Cum
1293 970 1682 1036 Fredericus
1744 971 2110 1059 Imperator
2171 970 2273 1053 ΙΙ,
2333 970 2417 1036 ob
2465 969 2892 1057 multiplicem
2940 990 3097 1056 erga
3145 968 3505 1035 Ecclesiam
3549 968 3888 1056 perfidiam

841 1098 917 1143 ac
980 1083 1435 1143 contumacem
1481 1098 1638 1162 erga
1683 1077 1897 1143 Deum
1945 1082 2014 1141 et
2059 1076 2358 1143 homines
2406 1076 2751 1159 malitiam,
2801 1097 2905 1141 an.
2961 1077 3132 1140 1245
3181 1076 3254 1140 in
3300 1075 3576 1140 concilio
3622 1072 3891 1159 Lugdu·

842 1182 1031 1248 nensi
1079 1181 1190 1266 Il)
1238 1181 1617 1246 solemniter
1661 1166 1899 1246 iterum
1949 1181 2555 1247 excommunicatus
2603 1202 2849 1268 suaque
2899 1179 3221 1267 dignitate
3270 1180 3627 1244 destitutus
3676 1185 3886 1259 esset,

841 1285 1141 1350 nonnulli
1197 1286 1476 1372 praelati
1522 1286 1978 1370 Trajectenses
2025 1284 2093 1348 in
2142 1284 2474 1352 sectandis
2520 1286 2664 1370 ejus
2712 1284 3009 1372 partibus
3056 1303 3509 1370 perseverasse
3555 1281 3890 1347 videntur:

843 1390 1093 1456 scilicet
1155 1390 1486 1456 Gobertus
1532 1388 1616 1453 de
1662 1389 1970 1455 Perewez
2017 1392 2460 1477 praepositus,
2520 1389 2850 1455 Henricus
2897 1388 2979 1455 de
3027 1388 3246 1455 Breda
3290 1388 3578 1455 decanus
3624 1386 3889 1473 MaJoris

843 1496 1158 1560 ecclesiae
1221 1495 1662 1579 Trajectensis
1723 1515 1977 1560 necnon
2039 1495 2451 1581 praepositus
2513 1495 3048 1577 Daventriensis,
3111 1493 3551 1579 Engelbertus
3598 1492 3703 1558 vel
3750 1491 3884 1557 Gil-

843 1599 1071 1664 bertus
1120 1597 1333 1662 dictus
1381 1596 1463 1662 de
1512 1598 1851 1664 Anestelle
1898 1600 2210 1683 (Amstel)
2260 1599 2543 1665 decanus
2590 1600 2655 1664 b.
2703 1600 2951 1665 Mariae
2991 1599 3465 1685 Trajectensis3
3514 1618 3675 1685 quos
3722 1595 3892 1660 hanc

846 1704 931 1769 ob
979 1723 1243 1768 causam
1291 1700 1629 1767 Oonradus
1671 1702 1751 1767 de
1785 1703 2213 1769 Hochstaden
2247 1704 2771 1792 archiepiscopus
2805 1704 3214 1771 coloniensis
3249 1702 3639 1769 auctoritate
3673 1700 3891 1788 papali

848 1806 1437 1873 excommunicavit
1482 1807 1947 1894 beneficiisque
1998 1809 2282 1894 privavit
2326 1810 2597 1893 (numm.
2653 1812 3055 1893 181—183).

1071 1911 1265 1977 Tales
1327 1918 1549 1977 autem
1610 1911 1942 1978 Frederici
1990 1912 2271 1999 Imperio
2309 1916 2448 2000 jam
2498 1914 2738 2001 dejecti
2786 1920 3141 1980 sectatores
3187 1914 3256 1978 in
3308 1912 3602 2000 partibus
3650 1910 3889 1975 nostris

849 2022 983 2083 tam
1039 2017 1213 2080 inter
1265 2015 1533 2081 clericos
1581 2038 1774 2103 quam
1820 2018 1993 2083 inter
2037 2018 2239 2083 la‘fcos
2285 2019 2486 2084 fuisse
2534 2041 2727 2106 quam
2777 2019 3136 2084 rarissimos
3187 2024 3328 2082 tuto
3376 2035 3667 2081 asserere
3716 2014 3890 2080 licet.

848 2122 1016 2187 Nam
1050 2120 1208 2186 Otto
1240 2120 1347 2185 ΠΙ
1378 2126 1535 2185 tunc
1567 2121 1912 2208 episcopus
1943 2124 2413 2209 Trajectensis,
2464 2126 2577 2210 qui
2608 2123 2806 2188 fratre
2841 2144 2959 2187 suo
2992 2123 3328 2188 Florentio
3361 2122 3459 2187 IV
3491 2118 3887 2185 Hollandiae

849 2226 1085 2291 comite
1147 2226 1284 2290 vita
1345 2225 1568 2290 functo
1627 2225 2059 2292 Wilhelmum
2105 2227 2521 2293 domicellum
2567 2229 2638 2292 in
2687 2228 2962 2292 tutelam
3010 2232 3418 2313 susceperat,
3467 2224 3681 2290 eidem
3727 2222 3896 2288 Wil-

848 2330 1065 2395 helmo
1127 2329 1355 2417 nepoti
1417 2350 1567 2412 suc,
1630 2352 1854 2396 mense
1914 2329 2182 2397 Octobri
2231 2333 2386 2397 anni
2440 2334 2609 2397 1247
2660 2334 3108 2398 Romanorum
3158 2332 3295 2416 regi
3342 2331 3593 2411 electo,
3642 2327 3901 2394 assiduo

849 2434 1087 2499 favisse
1135 2435 1446 2519 regioque
1494 2433 1715 2500 favore
1764 2435 2046 2500 vicissim
2093 2436 2355 2521 gavisus
2404 2436 2604 2501 fuisse
2650 2437 2893 2521 legitur
2915 2437 2992 2520 2).
3066 2436 3303 2501 Hieme
3352 2456 3455 2500 an.
3513 2435 3681 2498 1248
3740 2433 3901 2497 Wil-

851 2537 1142 2602 helmum
1189 2558 1443 2623 regem,
1490 2536 1765 2605 Colonia
1796 2540 2173 2624 Trajectum
2206 2539 2636 2606 decedentem
2695 2542 2893 2621 „Otto
2924 2541 3237 2606 Pontifex
3271 2541 3413 2625 ejus
3448 2543 3720 2626 patruus
3752 2559 3902 2603 cum

852 2642 1162 2728 praelatis
1210 2648 1278 2707 et
1309 2641 1560 2706 civibus
1595 2643 1874 2727 gloriose
1907 2644 2267 2732 suscepit’';
2317 2645 2602 2710 civitatis
2634 2668 2790 2712 suae
2825 2653 3022 2732 atque
3067 2646 3380 2711 ecclcsiae
3413 2642 3901 2730 privilegiorum

853 2746 1415 2810 confirmationem
1480 2748 1724 2832 regiam
1789 2747 2105 2832 obtinuit3
2170 2750 2240 2813 in
2304 2748 2714 2814 vindicandis
2781 2751 2914 2815 suis
2969 2750 3230 2835 juribus
3292 2748 3662 2834 adjutorem
3720 2766 3905 2832 prae-

852 2856 1190 2936 potentem
1236 2849 1669 2915 Wilhelmum
1715 2850 1948 2916 habuit
1970 2852 2046 2936 3).
2115 2853 2349 2918 Laicos
2394 2855 2640 2939 pariter
2681 2854 2750 2918 in
2783 2853 3066 2920 dioecesi
3099 2853 3506 2939 Trajectensi
3538 2850 3898 2916 Wilhelmo

855 2976 1024 3021 novo
1073 2956 1521 3021 Romanorum
1568 2957 1705 3041 regi
1754 2957 1994 3042 passim
2045 2958 2211 3023 bene
2254 2960 2567 3039 voluisse,
2618 2958 2975 3046 diplomata
3023 2957 3382 3025 ostendunt
3428 2959 3703 3042 (numm.
3743 2955 3900 3035 195,

859 3064 1008 3145 197,
1063 3062 1221 3144 198,
1270 3062 1430 3144 206,
1483 3064 1643 3143 223,
1694 3064 1873 3146 264).
2078 3136 2087 3145 .

1079 3164 1370 3239 Quorum
1433 3164 1862 3252 diplomatum
1929 3187 2240 3232 numerus
2287 3168 2483 3252 longe
2532 3169 2775 3253 major,
2827 3174 3056 3255 utpote
3105 3167 3430 3254 Registris
3477 3164 3722 3231 archivi
3767 3164 3901 3230 Va-

856 3269 1055 3333 ticani
1114 3269 1275 3334 item
1339 3267 1796 3356 depromptus,
1852 3271 1991 3355 jam
2049 3293 2090 3336 a
2143 3270 2481 3336 Meerman
2508 3273 2566 3355 4)
2615 3272 2830 3337 editus
2879 3278 3009 3358 est,
3060 3271 3177 3337 sed
3225 3272 3291 3335 in
3339 3270 3632 3334 Bullario
3681 3272 3902 3334 nostro

856 3373 1155 3437 nonnihil
1202 3378 1481 3458 augetur
1527 3375 1799 3456 (numm.
1849 3377 2017 3458 201,
2067 3376 2237 3457 211,
2290 3376 2456 3457 217,
2507 3378 2673 3459 218,
2725 3378 2904 3459 264).

467 3477 652 3556 Ῑῑιῒὶξῡα
696 3475 813 3554 Wil:
1082 3476 1443 3541 wilhelmo
1499 3498 1653 3562 rege
1714 3479 2164 3543 Romanorum
2210 3481 2452 3545 artiore
2502 3501 2647 3544 cum
2696 3482 3096 3547 Pontificatu
3145 3480 3446 3546 Romano
3495 3479 3904 3544 connexione

445 3543 834 3670 ξῗέωἳὲῃῗὲἲοῖ
859 3581 1078 3646 nullus
1141 3601 1428 3667 uuquam
1489 3582 1861 3667 praesulum
1919 3583 2022 3647 vel
2072 3584 2438 3670 principum
2488 3592 2858 3651 nostrorum
2907 3585 3142 3650 fruitus
3191 3592 3310 3650 est.
3407 3585 3575 3650 Eum
3623 3583 3905 3664 etenim,

446 3695 837 3797 ἑζᾙξῧέἕέ]
859 3685 1249 3751 Innocentio
1311 3706 1482 3771 papa
1543 3685 1642 3750 IV
1706 3686 2024 3753 suadente
2078 3694 2278 3775 atque
2329 3689 2528 3753 Petro
2578 3688 2660 3755 de
2710 3690 2990 3777 Caputio
3038 3690 3257 3774 legato
3306 3688 3663 3777 apostolico
3711 3684 3908 3751 vehe-

448 3816 617 3864 ficibus
650 3815 838 3864 relatio.
864 3793 1120 3854 menter
1167 3794 1480 3873 urgente,
1529 3810 1749 3874 regem
1797 3791 1996 3855 fuisse
2046 3792 2328 3857 electum
2377 3800 2675 3858 auctores
2701 3796 2754 3877 5)
2803 3796 3234 3859 communiter
3283 3792 3573 3857 tradunt.
3645 3790 3911 3855 Favori-

857 3895 1108 3980 busque
1156 3914 1232 3958 ac
1278 3894 1636 3979 privilegiis
1684 3916 1833 3960 eum
1881 3918 1920 3960 a
1966 3896 2122 3961 sede
2171 3897 2532 3984 apostolica
2577 3899 2675 3961 ita
2722 3898 3132 3962 cumulatum
3172 3897 3371 3962 fuisse
3405 3917 3481 3962 ac
3513 3896 3568 3959 si
3601 3892 3911 3960 Pontifici

857 3999 1157 4065 Romano
1222 4003 1290 4063 et
1352 3998 1687 4064 Ecclesiae
1749 4020 1882 4064 una
1944 4006 2117 4065 esset
2181 4023 2330 4066 cum
2403 4000 2760 4067 Wilhelmo
2823 4024 2978 4087 rege
3026 4001 3388 4087 eademque
3435 4022 3667 4084 causa,
3717 3998 3912 4063 docu-

857 4110 1082 4169 menta
1143 4109 1368 4168 nostra
1426 4104 1795 4168 luculenter
1860 4106 2252 4170 ostendunt:
2326 4108 2395 4170 in
2457 4106 2745 4172 favorem
2814 4110 2956 4193 ejus
3019 4114 3244 4173 votum
3311 4113 3656 4179 Frisonum
3719 4121 3909 4175 cruce

860 4208 1263 4293 signatorum
1319 4214 1760 4271 commutatur
1807 4209 2079 4290 (numm.
2137 4212 2299 4294 195,
2355 4214 2517 4294 197,
2569 4213 2763 4295 206);
2814 4210 3041 4277 Crucis
3089 4215 3424 4300 expeditio
3475 4216 3910 4305 praedicanda

860 4312 1290 4376 committitur
1336 4313 1543 4394 (num.
1596 4314 1783 4395 211);
1833 4312 2230 4378 decimarum
2277 4315 2527 4380 fructus
2573 4316 2992 4403 expendendi
3032 4318 3260 4384 Ottoni
3293 4320 3363 4383 II
3396 4322 3658 4388 Gelriae
3690 4322 3911 4387 comiti

858 4415 1310 4481 conceduntur
1357 4418 1562 4501 (num.
1613 4418 1802 4500 223);
1851 4418 2318 4483 beneficiorum
2366 4420 2950 4485 ecclesiasticorum
2992 4421 3241 4487 fructus
3275 4425 3564 4490 Henrico
3598 4426 3679 4491 de
3712 4426 3913 4491 Vian·

863 4518 993 4583 den
1040 4519 1348 4606 episcopo
1395 4520 1802 4605 Trajectensi
1849 4543 1966 4607 per
2012 4543 2213 4587 unum
2259 4544 2501 4588 annum
2534 4525 3000 4610 impertiuntur
3032 4529 3237 4610 (num.
3273 4530 3462 4612 252);
3511 4529 3907 4595 decimarum

861 4627 1218 4707 proventus
1279 4623 1349 4687 in
1410 4624 1706 4710 partibus
1755 4625 2003 4691 Frisiae
2053 4647 2169 4713 per
2216 4628 2734 4715 quinquennium
2786 4630 3190 4718 percipiendi
3238 4634 3461 4698 comiti
3509 4634 3902 4700 Hollandiae

860 4725 1288 4812 indulgentur
1334 4730 1540 4811 (num.
1594 4730 1772 4812 264).
1866 4731 2074 4796 Immo
2121 4734 2320 4798 etiam
2370 4733 2810 4798 consiliarium
2856 4756 2931 4799 ac
2978 4741 3326 4821 patronum
3377 4737 3683 4804 Summus
3728 4740 3906 4806 Pon·

863 4829 1027 4894 tifex
1094 4851 1163 4895 se
1224 4832 1564 4917 praebuit,
1623 4838 1696 4896 ut
1740 4833 2137 4900 Wilhelmus
2186 4858 2305 4902 rex
2352 4838 2525 4902 inter
2573 4838 2921 4924 optimates
2971 4840 3362 4907 Germaniae
3411 4841 3674 4927 dignam
3724 4865 3908 4931 repe·

1034 5196 1086 5259 1)
1122 5196 1183 5248 V.
1220 5196 1398 5247 Ilefele
1438 5198 1963 5262 Concilienyoschichte
1995 5201 2079 5261 (20
2110 5201 2272 5266 Auss.)
2310 5202 2367 5254 V.
2405 5202 2537 5253 1124
2572 5220 2680 5268 seq.

1031 5277 1087 5341 2)
1123 5275 1228 5329 cfr.
1263 5277 1310 5328 J.
1345 5280 1408 5329 de
1442 5279 1583 5329 Beka
1625 5280 1873 5331 Chronica
1908 5281 2129 5347 78-803
2168 5284 2252 5336 W.
2290 5284 2434 5335 Ileda
2468 5285 2714 5336 Historia
2747 5286 2861 5338 206.

1031 5355 1089 5420 3)
1124 5359 1229 5408 Cfr.
1264 5358 1407 5409 Beka
1443 5361 1480 5411 l.
1514 5359 1549 5409 1.
1584 5359 1665 5411 80.

1033 5437 1088 5500 4)
1128 5439 1476 5490 Gesohiedenis
1520 5458 1619 5491 van
1667 5442 1856 5507 Graas
1896 5444 2097 5494 Willem
2129 5463 2227 5496 van
2264 5446 2503 5497 Holland
2538 5447 2781 5499 Roomsoh
2822 5450 3025 5516 Koniny
3060 5451 3239 5516 (1797)
3278 5453 3458 5505 1-1V.
3496 5453 3666 5505 Codex
3704 5455 3915 5518 diplom.

865 5517 1009 5568 Tom.
1045 5519 1115 5583 V;
1164 5521 1228 5570 de
1260 5519 1362 5571 hoc
1397 5528 1713 5587 argumento
1747 5525 1840 5574 cfr.
1877 5526 2035 5577 etiam
2072 5526 2309 5578 Theodor
2345 5527 2510 5578 flasse
2546 5529 2714 5593 Kc'niy
2760 5531 2996 5582 Wilhelm
3033 5550 3074 5584 υ.
3111 5534 3349 5585 Bolland
3382 5535 3726 5602 (Strassburg
3759 5534 3920 5602 1885)

866 5603 919 5649 et
955 5598 1078 5649 Otto
1113 5615 1161 5650 v.
1200 5601 1387 5652 Hiutze
1421 5604 1517 5652 das
1553 5604 1859 5668 Koniyreicla
1890 5623 1985 5657 von
2030 5608 2266 5659 wilhelm
2299 5627 2344 5661 υ.
2379 5610 2616 5660 Holland
2650 5611 2704 5660 in
2741 5612 3061 5663 Hister-ischa
3097 5614 3307 5665 Studien
3339 5615 3521 5680 (1885)
3559 5615 3680 5666 Hen
3718 5616 3801 5668 15.

1032 5680 1088 5742 5)
1125 5680 1433 5734 Laudamur
1468 5686 1607 5749 apud
1646 5685 1913 5738 Meerman
1954 5688 1993 5739 1.
2028 5688 2143 5739 173.
