<?xml version="1.0" encoding="UTF-8"?>
<!DOCTYPE html PUBLIC "-//W3C//DTD XHTML 1.0 Transitional//EN"
    "http://www.w3.org/TR/xhtml1/DTD/xhtml1-transitional.dtd">
<html xmlns="http://www.w3.org/1999/xhtml" xml:lang="en" lang="en">
 <head>
  <title>
</title>
<meta http-equiv="Content-Type" content="text/html;charset=utf-8" />
  <meta name='ocr-system' content='tesseract 3.04.00' />
  <meta name='ocr-capabilities' content='ocr_page ocr_carea ocr_par ocr_line ocrx_word'/>
</head>
<body>
  <div class='ocr_page' id='page_1' title='image "./bullariumtrajec00nethgoog_0277.png"; bbox 0 0 4450 6684; ppageno 0'>
   <div class='ocr_carea' id='block_1_1' title="bbox 1762 511 3588 579">
    <p class='ocr_par' dir='ltr' id='par_1_1' title="bbox 1762 511 3588 579">
     <span class='ocr_line' id='line_1_1' title="bbox 1762 511 3588 579; baseline -0.003 -1"><span class='ocrx_word' id='word_1_1' title='bbox 1762 513 2167 579; x_wconf 75' lang='lat' dir='ltr'><em>GREGomus</em></span> <span class='ocrx_word' id='word_1_2' title='bbox 2212 513 2339 578; x_wconf 87' lang='lat' dir='ltr'><em>XI.</em></span> <span class='ocrx_word' id='word_1_3' title='bbox 3461 511 3588 574; x_wconf 79' lang='lat'><em>179</em></span> 
     </span>
    </p>
   </div>
   <div class='ocr_carea' id='block_1_2' title="bbox 505 733 2622 818">
    <p class='ocr_par' dir='ltr' id='par_1_2' title="bbox 505 733 2622 818">
     <span class='ocr_line' id='line_1_2' title="bbox 505 733 2622 818; baseline -0.003 -15"><span class='ocrx_word' id='word_1_4' title='bbox 505 735 690 803; x_wconf 79' lang='lat'><strong>1897.</strong></span> <span class='ocrx_word' id='word_1_5' title='bbox 1453 736 1629 799; x_wconf 86' lang='lat'><strong><em>1371</em></strong></span> <span class='ocrx_word' id='word_1_6' title='bbox 1653 783 1671 818; x_wconf 97' lang='lat'><strong><em>,</em></strong></span> <span class='ocrx_word' id='word_1_7' title='bbox 1719 733 2037 797; x_wconf 87' lang='lat' dir='ltr'><em>Januarii</em></span> <span class='ocrx_word' id='word_1_8' title='bbox 2083 735 2165 797; x_wconf 91' lang='lat'><em>11</em></span> <span class='ocrx_word' id='word_1_9' title='bbox 2189 783 2206 816; x_wconf 98' lang='lat'><strong><em>,</em></strong></span> <span class='ocrx_word' id='word_1_10' title='bbox 2262 734 2622 797; x_wconf 70' lang='lat' dir='ltr'><em>AvenioniS.</em></span> 
     </span>
    </p>
   </div>
   <div class='ocr_carea' id='block_1_3' title="bbox 732 885 3580 1186">
    <p class='ocr_par' dir='ltr' id='par_1_3' title="bbox 732 885 3580 1186">
     <span class='ocr_line' id='line_1_3' title="bbox 825 885 3580 970; baseline -0.002 -16"><span class='ocrx_word' id='word_1_11' title='bbox 825 889 1116 954; x_wconf 80' lang='lat' dir='ltr'><em>Gerardo</em></span> <span class='ocrx_word' id='word_1_12' title='bbox 1174 889 1408 952; x_wconf 86' lang='lat' dir='ltr'><em>Droem</em></span> <span class='ocrx_word' id='word_1_13' title='bbox 1457 890 1524 951; x_wconf 87' lang='lat' dir='ltr'><em>in</em></span> <span class='ocrx_word' id='word_1_14' title='bbox 1570 886 1819 951; x_wconf 78' lang='lat' dir='ltr'><em>artibus</em></span> <span class='ocrx_word' id='word_1_15' title='bbox 1868 888 2171 970; x_wconf 73' lang='lat' dir='ltr'><em>mayistro</em></span> <span class='ocrx_word' id='word_1_16' title='bbox 2190 935 2207 968; x_wconf 98' lang='lat'><strong><em>,</em></strong></span> <span class='ocrx_word' id='word_1_17' title='bbox 2276 885 2572 970; x_wconf 76' lang='lat' dir='ltr'><em>Huqonis</em></span> <span class='ocrx_word' id='word_1_18' title='bbox 2621 887 2717 950; x_wconf 88' lang='lat' dir='ltr'><em>tit.</em></span> <span class='ocrx_word' id='word_1_19' title='bbox 2769 885 2836 948; x_wconf 80' lang='lat' dir='ltr'><em>S.</em></span> <span class='ocrx_word' id='word_1_20' title='bbox 2884 885 3144 949; x_wconf 83' lang='lat' dir='ltr'><em>Mariae</em></span> <span class='ocrx_word' id='word_1_21' title='bbox 3190 892 3260 949; x_wconf 83' lang='lat' dir='ltr'><em>in</em></span> <span class='ocrx_word' id='word_1_22' title='bbox 3306 885 3580 949; x_wconf 82' lang='lat' dir='ltr'><em>Porticu</em></span> 
     </span>
     <span class='ocr_line' id='line_1_4' title="bbox 732 990 3577 1076; baseline -0.002 -16"><span class='ocrx_word' id='word_1_23' title='bbox 732 996 983 1060; x_wconf 85' lang='lat' dir='ltr'><em>diaconi</em></span> <span class='ocrx_word' id='word_1_24' title='bbox 1032 995 1403 1059; x_wconf 83' lang='lat' dir='ltr'><em>Cardinalis</em></span> <span class='ocrx_word' id='word_1_25' title='bbox 1449 994 1806 1076; x_wconf 75' lang='lat' dir='ltr'><em>familiari,</em></span> <span class='ocrx_word' id='word_1_26' title='bbox 1866 992 2196 1074; x_wconf 76' lang='lat' dir='ltr'><em>confertur</em></span> <span class='ocrx_word' id='word_1_27' title='bbox 2245 996 2652 1057; x_wconf 78' lang='lat' dir='ltr'><strong><em>canonicatus</em></strong></span> <span class='ocrx_word' id='word_1_28' title='bbox 2698 999 2756 1056; x_wconf 89' lang='lat' dir='ltr'><em>et</em></span> <span class='ocrx_word' id='word_1_29' title='bbox 2803 998 3168 1056; x_wconf 82' lang='lat' dir='ltr'><em>reservatur</em></span> <span class='ocrx_word' id='word_1_30' title='bbox 3203 990 3577 1076; x_wconf 79' lang='lat' dir='ltr'><em>praebenda</em></span> 
     </span>
     <span class='ocr_line' id='line_1_5' title="bbox 732 1099 3023 1186; baseline -0.001 -21"><span class='ocrx_word' id='word_1_31' title='bbox 732 1123 872 1166; x_wconf 86' lang='lat' dir='ltr'><em>cum</em></span> <span class='ocrx_word' id='word_1_32' title='bbox 916 1102 1348 1186; x_wconf 78' lang='lat' dir='ltr'><em>supplemento</em></span> <span class='ocrx_word' id='word_1_33' title='bbox 1394 1104 1463 1164; x_wconf 88' lang='lat' dir='ltr'><em>in</em></span> <span class='ocrx_word' id='word_1_34' title='bbox 1511 1101 1764 1164; x_wconf 86' lang='lat' dir='ltr'><em>ecclesia</em></span> <span class='ocrx_word' id='word_1_35' title='bbox 1818 1099 2002 1182; x_wconf 83' lang='lat' dir='ltr'><em>Traj.</em></span> <span class='ocrx_word' id='word_1_36' title='bbox 2054 1135 2139 1148; x_wconf 92' lang='lat'>—</span> <span class='ocrx_word' id='word_1_37' title='bbox 2190 1101 2608 1185; x_wconf 81' lang='lat' dir='ltr'><em>Deputantur</em></span> <span class='ocrx_word' id='word_1_38' title='bbox 2653 1107 3023 1163; x_wconf 72' lang='lat' dir='ltr'><em>executores·</em></span> 
     </span>
    </p>
   </div>
   <div class='ocr_carea' id='block_1_4' title="bbox 738 1279 3427 1482">
    <p class='ocr_par' dir='ltr' id='par_1_4' title="bbox 738 1279 3427 1482">
     <span class='ocr_line' id='line_1_6' title="bbox 738 1279 3427 1367; baseline -0.003 -17"><span class='ocrx_word' id='word_1_39' title='bbox 738 1285 1143 1351; x_wconf 79' lang='lat' dir='ltr'>Litterarum</span> <span class='ocrx_word' id='word_1_40' title='bbox 1189 1283 1484 1348; x_wconf 78' lang='lat' dir='ltr'><em>scientia.</em></span> <span class='ocrx_word' id='word_1_41' title='bbox 1514 1331 1530 1346; x_wconf 88' lang='lat'><strong>.</strong></span> <span class='ocrx_word' id='word_1_42' title='bbox 1559 1330 1574 1345; x_wconf 91' lang='lat'><strong>.</strong></span> <span class='ocrx_word' id='word_1_43' title='bbox 1604 1330 1619 1346; x_wconf 91' lang='lat'><strong>.</strong></span> <span class='ocrx_word' id='word_1_44' title='bbox 1669 1282 1824 1346; x_wconf 83' lang='lat' dir='ltr'><em>Dat.</em></span> <span class='ocrx_word' id='word_1_45' title='bbox 1870 1282 2240 1366; x_wconf 78' lang='lat' dir='ltr'><em>Avinione,</em></span> <span class='ocrx_word' id='word_1_46' title='bbox 2285 1282 2391 1347; x_wconf 95' lang='grc' dir='ltr'><em>ΠΙ</em></span> <span class='ocrx_word' id='word_1_47' title='bbox 2437 1282 2536 1346; x_wconf 89' lang='lat' dir='ltr'><em>Id.</em></span> <span class='ocrx_word' id='word_1_48' title='bbox 2586 1282 2925 1363; x_wconf 79' lang='lat' dir='ltr'><em>Januarii,</em></span> <span class='ocrx_word' id='word_1_49' title='bbox 2975 1301 3148 1345; x_wconf 81' lang='lat' dir='ltr'><em>anno</em></span> <span class='ocrx_word' id='word_1_50' title='bbox 3198 1279 3427 1367; x_wconf 78' lang='lat' dir='ltr'><em>primo·</em></span> 
     </span>
     <span class='ocr_line' id='line_1_7' title="bbox 932 1416 1641 1482; baseline -0.003 -14"><span class='ocrx_word' id='word_1_51' title='bbox 932 1420 1059 1482; x_wconf 63' lang='grc' dir='ltr'><em>περ.</em></span> <span class='ocrx_word' id='word_1_52' title='bbox 1092 1420 1187 1470; x_wconf 73' lang='grc' dir='ltr'><em>Αυ.</em></span> <span class='ocrx_word' id='word_1_53' title='bbox 1232 1420 1288 1467; x_wconf 82' lang='grc' dir='ltr'><em>Τ.</em></span> <span class='ocrx_word' id='word_1_54' title='bbox 1323 1417 1378 1480; x_wconf 85' lang='grc'><em>5,</em></span> <span class='ocrx_word' id='word_1_55' title='bbox 1405 1418 1467 1481; x_wconf 85' lang='lat' dir='ltr'><em>s.</em></span> <span class='ocrx_word' id='word_1_56' title='bbox 1501 1416 1641 1466; x_wconf 67' lang='lat'>172⁶.</span> 
     </span>
    </p>
   </div>
   <div class='ocr_carea' id='block_1_5' title="bbox 508 1885 2630 1968">
    <p class='ocr_par' dir='ltr' id='par_1_5' title="bbox 508 1885 2630 1968">
     <span class='ocr_line' id='line_1_8' title="bbox 508 1885 2630 1968; baseline -0.002 -15"><span class='ocrx_word' id='word_1_57' title='bbox 508 1886 961 1954; x_wconf 71' lang='lat'><em>1898—1901.</em></span> <span class='ocrx_word' id='word_1_58' title='bbox 1458 1887 1634 1949; x_wconf 86' lang='lat'><strong><em>1371</em></strong></span> <span class='ocrx_word' id='word_1_59' title='bbox 1657 1933 1674 1968; x_wconf 96' lang='lat'><strong><em>,</em></strong></span> <span class='ocrx_word' id='word_1_60' title='bbox 1723 1885 2042 1949; x_wconf 86' lang='lat' dir='ltr'><em>Januarii</em></span> <span class='ocrx_word' id='word_1_61' title='bbox 2087 1887 2171 1948; x_wconf 92' lang='lat'><em>11</em></span> <span class='ocrx_word' id='word_1_62' title='bbox 2197 1934 2213 1967; x_wconf 94' lang='lat'><strong><em>,</em></strong></span> <span class='ocrx_word' id='word_1_63' title='bbox 2263 1885 2630 1949; x_wconf 67' lang='lat' dir='ltr'><em>AvenioniS.</em></span> 
     </span>
    </p>
   </div>
   <div class='ocr_carea' id='block_1_6' title="bbox 734 2037 3587 2656">
    <p class='ocr_par' dir='ltr' id='par_1_6' title="bbox 737 2037 3581 2317">
     <span class='ocr_line' id='line_1_9' title="bbox 823 2037 3581 2124; baseline -0.001 -20"><span class='ocrx_word' id='word_1_64' title='bbox 823 2040 907 2105; x_wconf 83' lang='lat' dir='ltr'><em>A.</em></span> <span class='ocrx_word' id='word_1_65' title='bbox 1010 2039 1392 2104; x_wconf 76' lang='lat' dir='ltr'><em>Theodorico</em></span> <span class='ocrx_word' id='word_1_66' title='bbox 1435 2040 1712 2124; x_wconf 80' lang='lat' dir='ltr'><em>Polleyn</em></span> <span class='ocrx_word' id='word_1_67' title='bbox 1746 2040 2166 2123; x_wconf 76' lang='lat' dir='ltr'><em>procuratori</em></span> <span class='ocrx_word' id='word_1_68' title='bbox 2203 2038 2498 2124; x_wconf 70' lang='lat' dir='ltr'><em>Huyonis</em></span> <span class='ocrx_word' id='word_1_69' title='bbox 2533 2038 2598 2102; x_wconf 82' lang='lat' dir='ltr'><em>S.</em></span> <span class='ocrx_word' id='word_1_70' title='bbox 2633 2038 2890 2102; x_wconf 87' lang='lat' dir='ltr'><em>Mariae</em></span> <span class='ocrx_word' id='word_1_71' title='bbox 2919 2041 2989 2102; x_wconf 88' lang='lat' dir='ltr'><em>in</em></span> <span class='ocrx_word' id='word_1_72' title='bbox 3021 2037 3294 2102; x_wconf 87' lang='lat' dir='ltr'><em>Porticu</em></span> <span class='ocrx_word' id='word_1_73' title='bbox 3326 2038 3581 2103; x_wconf 83' lang='lat' dir='ltr'><em>diaconi</em></span> 
     </span>
     <span class='ocr_line' id='line_1_10' title="bbox 737 2144 3581 2229; baseline -0.001 -19"><span class='ocrx_word' id='word_1_74' title='bbox 737 2145 1108 2211; x_wconf 79' lang='lat' dir='ltr'><em>Cardinalis</em></span> <span class='ocrx_word' id='word_1_75' title='bbox 1153 2145 1485 2227; x_wconf 81' lang='lat' dir='ltr'><em>confertur</em></span> <span class='ocrx_word' id='word_1_76' title='bbox 1531 2147 1935 2209; x_wconf 81' lang='lat' dir='ltr'><em>canonicatus</em></span> <span class='ocrx_word' id='word_1_77' title='bbox 1968 2153 2025 2208; x_wconf 89' lang='lat' dir='ltr'><em>et</em></span> <span class='ocrx_word' id='word_1_78' title='bbox 2060 2153 2420 2209; x_wconf 75' lang='lat' dir='ltr'><em>reservatur</em></span> <span class='ocrx_word' id='word_1_79' title='bbox 2443 2145 2810 2229; x_wconf 81' lang='lat' dir='ltr'><em>praebenda</em></span> <span class='ocrx_word' id='word_1_80' title='bbox 2845 2147 2911 2208; x_wconf 90' lang='lat' dir='ltr'><em>in</em></span> <span class='ocrx_word' id='word_1_81' title='bbox 2943 2146 3196 2209; x_wconf 78' lang='lat' dir='ltr'><em>ecclesia</em></span> <span class='ocrx_word' id='word_1_82' title='bbox 3235 2144 3288 2208; x_wconf 83' lang='lat' dir='ltr'><em>b.</em></span> <span class='ocrx_word' id='word_1_83' title='bbox 3323 2144 3581 2209; x_wconf 87' lang='lat' dir='ltr'><em>Mariae</em></span> 
     </span>
     <span class='ocr_line' id='line_1_11' title="bbox 744 2253 929 2317; baseline -0.011 0"><span class='ocrx_word' id='word_1_84' title='bbox 744 2253 880 2317; x_wconf 83' lang='lat' dir='ltr'><em>Tra</em></span> <span class='ocrx_word' id='word_1_85' title='bbox 897 2255 929 2315; x_wconf 77' lang='lat'><em>⁶.</em></span> 
     </span>
    </p>

    <p class='ocr_par' dir='ltr' id='par_1_7' title="bbox 734 2276 3584 2551">
     <span class='ocr_line' id='line_1_12' title="bbox 828 2276 3584 2444; baseline -0.001 -20"><span class='ocrx_word' id='word_1_86' title='bbox 828 2276 905 2424; x_wconf 59' lang='lat' dir='ltr'><em>By.</em></span> <span class='ocrx_word' id='word_1_87' title='bbox 998 2359 1359 2424; x_wconf 80' lang='lat' dir='ltr'><em>Dankardo</em></span> <span class='ocrx_word' id='word_1_88' title='bbox 1403 2358 1584 2444; x_wconf 80' lang='lat' dir='ltr'><em>Bays</em></span> <span class='ocrx_word' id='word_1_89' title='bbox 1637 2357 1757 2438; x_wconf 85' lang='lat' dir='ltr'><em>„de</em></span> <span class='ocrx_word' id='word_1_90' title='bbox 1790 2357 2111 2443; x_wconf 81' lang='lat' dir='ltr'><em>Wyfliet”</em></span> <span class='ocrx_word' id='word_1_91' title='bbox 2140 2359 2192 2442; x_wconf 84' lang='lat' dir='ltr'><em>l)</em></span> <span class='ocrx_word' id='word_1_92' title='bbox 2241 2357 2649 2440; x_wconf 80' lang='lat' dir='ltr'><em>subdiaconO,</em></span> <span class='ocrx_word' id='word_1_93' title='bbox 2690 2359 2963 2442; x_wconf 76' lang='lat' dir='ltr'><em>ejusdem</em></span> <span class='ocrx_word' id='word_1_94' title='bbox 3004 2358 3375 2423; x_wconf 81' lang='lat' dir='ltr'><em>Cardinalis</em></span> <span class='ocrx_word' id='word_1_95' title='bbox 3413 2358 3584 2422; x_wconf 83' lang='lat' dir='ltr'><em>cubi-</em></span> 
     </span>
     <span class='ocr_line' id='line_1_13' title="bbox 734 2465 2945 2551; baseline -0.002 -19"><span class='ocrx_word' id='word_1_96' title='bbox 734 2468 1008 2550; x_wconf 85' lang='lat' dir='ltr'><em>culario,</em></span> <span class='ocrx_word' id='word_1_97' title='bbox 1056 2468 1350 2531; x_wconf 84' lang='lat' dir='ltr'><em>similiter</em></span> <span class='ocrx_word' id='word_1_98' title='bbox 1384 2466 1764 2551; x_wconf 80' lang='lat' dir='ltr'><em>providetur</em></span> <span class='ocrx_word' id='word_1_99' title='bbox 1810 2468 1879 2529; x_wconf 88' lang='lat' dir='ltr'><em>in</em></span> <span class='ocrx_word' id='word_1_100' title='bbox 1925 2466 2179 2529; x_wconf 85' lang='lat' dir='ltr'><em>ecclesia</em></span> <span class='ocrx_word' id='word_1_101' title='bbox 2225 2465 2294 2530; x_wconf 80' lang='lat' dir='ltr'><em>S.</em></span> <span class='ocrx_word' id='word_1_102' title='bbox 2347 2465 2706 2530; x_wconf 78' lang='lat' dir='ltr'><em>Salvatoris</em></span> <span class='ocrx_word' id='word_1_103' title='bbox 2765 2466 2945 2548; x_wconf 83' lang='lat' dir='ltr'><em>Traj.</em></span> 
     </span>
    </p>

    <p class='ocr_par' dir='ltr' id='par_1_8' title="bbox 824 2571 3587 2656">
     <span class='ocr_line' id='line_1_14' title="bbox 824 2571 3587 2656; baseline -0 -19"><span class='ocrx_word' id='word_1_104' title='bbox 824 2572 897 2637; x_wconf 82' lang='lat' dir='ltr'><em>O.</em></span> <span class='ocrx_word' id='word_1_105' title='bbox 990 2572 1274 2637; x_wconf 88' lang='lat' dir='ltr'><em>Henrico</em></span> <span class='ocrx_word' id='word_1_106' title='bbox 1334 2571 1499 2636; x_wconf 81' lang='lat' dir='ltr'><em>dicto</em></span> <span class='ocrx_word' id='word_1_107' title='bbox 1563 2571 1880 2634; x_wconf 84' lang='lat' dir='ltr'><em>Standart</em></span> <span class='ocrx_word' id='word_1_108' title='bbox 1942 2571 2214 2652; x_wconf 83' lang='lat' dir='ltr'><em>ejusdem</em></span> <span class='ocrx_word' id='word_1_109' title='bbox 2286 2572 2656 2636; x_wconf 82' lang='lat' dir='ltr'><em>Cardinalis</em></span> <span class='ocrx_word' id='word_1_110' title='bbox 2720 2571 3047 2653; x_wconf 86' lang='lat' dir='ltr'><em>familiari</em></span> <span class='ocrx_word' id='word_1_111' title='bbox 3100 2572 3397 2635; x_wconf 83' lang='lat' dir='ltr'><em>similiter</em></span> <span class='ocrx_word' id='word_1_112' title='bbox 3429 2591 3587 2656; x_wconf 80' lang='lat' dir='ltr'><em>pro-</em></span> 
     </span>
    </p>
   </div>
   <div class='ocr_carea' id='block_1_7' title="bbox 733 2678 3589 3083">
    <p class='ocr_par' dir='ltr' id='par_1_9' title="bbox 733 2678 1912 2743">
     <span class='ocr_line' id='line_1_15' title="bbox 733 2678 1912 2743; baseline -0.002 -2"><span class='ocrx_word' id='word_1_113' title='bbox 733 2679 981 2742; x_wconf 82' lang='lat' dir='ltr'><em>videtur</em></span> <span class='ocrx_word' id='word_1_114' title='bbox 1025 2682 1094 2743; x_wconf 85' lang='lat' dir='ltr'><em>in</em></span> <span class='ocrx_word' id='word_1_115' title='bbox 1141 2680 1394 2743; x_wconf 84' lang='lat' dir='ltr'><em>ecclesia</em></span> <span class='ocrx_word' id='word_1_116' title='bbox 1448 2678 1912 2742; x_wconf 83' lang='lat' dir='ltr'><em>Daventriensi.</em></span> 
     </span>
    </p>

    <p class='ocr_par' dir='ltr' id='par_1_10' title="bbox 733 2784 3589 3083">
     <span class='ocr_line' id='line_1_16' title="bbox 825 2784 3589 2870; baseline -0.001 -20"><span class='ocrx_word' id='word_1_117' title='bbox 825 2786 909 2850; x_wconf 90' lang='lat' dir='ltr'><em>D.</em></span> <span class='ocrx_word' id='word_1_118' title='bbox 1003 2785 1323 2870; x_wconf 79' lang='lat' dir='ltr'><em>Stephano</em></span> <span class='ocrx_word' id='word_1_119' title='bbox 1394 2784 1621 2848; x_wconf 84' lang='lat' dir='ltr'><em>Heron</em></span> <span class='ocrx_word' id='word_1_120' title='bbox 1690 2785 1764 2847; x_wconf 84' lang='lat' dir='ltr'><em>de</em></span> <span class='ocrx_word' id='word_1_121' title='bbox 1835 2784 2225 2848; x_wconf 91' lang='lat' dir='ltr'><em>Bellomonte</em></span> <span class='ocrx_word' id='word_1_122' title='bbox 2297 2787 2367 2849; x_wconf 90' lang='lat' dir='ltr'><em>in</em></span> <span class='ocrx_word' id='word_1_123' title='bbox 2436 2786 2648 2850; x_wconf 84' lang='lat' dir='ltr'><em>eadem</em></span> <span class='ocrx_word' id='word_1_124' title='bbox 2711 2786 2965 2849; x_wconf 85' lang='lat' dir='ltr'><em>ecclesia</em></span> <span class='ocrx_word' id='word_1_125' title='bbox 3023 2786 3322 2849; x_wconf 78' lang='lat' dir='ltr'><em>similiter</em></span> <span class='ocrx_word' id='word_1_126' title='bbox 3361 2786 3589 2869; x_wconf 78' lang='lat' dir='ltr'><em>provi-</em></span> 
     </span>
     <span class='ocr_line' id='line_1_17' title="bbox 733 2891 3582 2977; baseline -0 -21"><span class='ocrx_word' id='word_1_127' title='bbox 733 2891 939 2956; x_wconf 85' lang='lat' dir='ltr'><em>detur.</em></span> <span class='ocrx_word' id='word_1_128' title='bbox 1004 2929 1087 2939; x_wconf 90' lang='lat'>—</span> <span class='ocrx_word' id='word_1_129' title='bbox 1151 2891 1291 2956; x_wconf 88' lang='lat' dir='ltr'><em>Pro</em></span> <span class='ocrx_word' id='word_1_130' title='bbox 1352 2892 1626 2975; x_wconf 75' lang='lat' dir='ltr'><em>sinyulis</em></span> <span class='ocrx_word' id='word_1_131' title='bbox 1672 2891 2067 2974; x_wconf 76' lang='lat' dir='ltr'><em>deputantur</em></span> <span class='ocrx_word' id='word_1_132' title='bbox 2115 2900 2504 2975; x_wconf 66' lang='lat' dir='ltr'><em>executoreS,</em></span> <span class='ocrx_word' id='word_1_133' title='bbox 2553 2894 2718 2958; x_wconf 85' lang='lat' dir='ltr'><em>inter</em></span> <span class='ocrx_word' id='word_1_134' title='bbox 2766 2913 2921 2977; x_wconf 77' lang='lat' dir='ltr'><em>quos</em></span> <span class='ocrx_word' id='word_1_135' title='bbox 2953 2912 3085 2976; x_wconf 77' lang='lat' dir='ltr'><em>pro</em></span> <span class='ocrx_word' id='word_1_136' title='bbox 3133 2891 3218 2954; x_wconf 91' lang='lat' dir='ltr'><em>D.</em></span> <span class='ocrx_word' id='word_1_137' title='bbox 3267 2891 3582 2955; x_wconf 77' lang='lat' dir='ltr'><em>Robertus</em></span> 
     </span>
     <span class='ocr_line' id='line_1_18' title="bbox 734 2997 1886 3083; baseline 0 -22"><span class='ocrx_word' id='word_1_138' title='bbox 734 2998 809 3062; x_wconf 85' lang='lat' dir='ltr'><em>de</em></span> <span class='ocrx_word' id='word_1_139' title='bbox 853 2998 1264 3083; x_wconf 74' lang='lat' dir='ltr'><em>Dronqhelen</em></span> <span class='ocrx_word' id='word_1_140' title='bbox 1310 3002 1645 3062; x_wconf 86' lang='lat' dir='ltr'><em>canonicus</em></span> <span class='ocrx_word' id='word_1_141' title='bbox 1702 2997 1886 3080; x_wconf 82' lang='lat' dir='ltr'><em>Traj.</em></span> 
     </span>
    </p>
   </div>
   <div class='ocr_carea' id='block_1_8' title="bbox 730 3179 3488 3380">
    <p class='ocr_par' dir='ltr' id='par_1_11' title="bbox 730 3179 3488 3380">
     <span class='ocr_line' id='line_1_19' title="bbox 730 3179 3488 3266; baseline -0 -20"><span class='ocrx_word' id='word_1_142' title='bbox 730 3180 1121 3247; x_wconf 80' lang='lat' dir='ltr'><em>Laudabilia</em></span> <span class='ocrx_word' id='word_1_143' title='bbox 1164 3181 1532 3266; x_wconf 53' lang='lat' dir='ltr'><em>probitati&amp;</em></span> <span class='ocrx_word' id='word_1_144' title='bbox 1562 3229 1577 3245; x_wconf 91' lang='lat'><strong>.</strong></span> <span class='ocrx_word' id='word_1_145' title='bbox 1606 3227 1623 3244; x_wconf 90' lang='lat'><strong>.</strong></span> <span class='ocrx_word' id='word_1_146' title='bbox 1653 3228 1668 3245; x_wconf 92' lang='lat'><strong>.</strong></span> <span class='ocrx_word' id='word_1_147' title='bbox 1719 3181 1871 3245; x_wconf 80' lang='lat' dir='ltr'><em>Dat.</em></span> <span class='ocrx_word' id='word_1_148' title='bbox 1922 3180 2295 3265; x_wconf 80' lang='lat' dir='ltr'><em>Avinione,</em></span> <span class='ocrx_word' id='word_1_149' title='bbox 2343 3182 2450 3246; x_wconf 92' lang='grc' dir='ltr'><em>ΠΙ</em></span> <span class='ocrx_word' id='word_1_150' title='bbox 2497 3181 2597 3246; x_wconf 91' lang='lat' dir='ltr'><em>Id.</em></span> <span class='ocrx_word' id='word_1_151' title='bbox 2646 3179 2983 3264; x_wconf 80' lang='lat' dir='ltr'><em>Januarii,</em></span> <span class='ocrx_word' id='word_1_152' title='bbox 3033 3201 3209 3245; x_wconf 84' lang='lat' dir='ltr'><em>anno</em></span> <span class='ocrx_word' id='word_1_153' title='bbox 3258 3181 3488 3266; x_wconf 78' lang='lat' dir='ltr'><em>primo·</em></span> 
     </span>
     <span class='ocr_line' id='line_1_20' title="bbox 928 3313 3111 3380; baseline -0.001 -15"><span class='ocrx_word' id='word_1_154' title='bbox 928 3317 1054 3379; x_wconf 60' lang='lat' dir='ltr'><em>neq.</em></span> <span class='ocrx_word' id='word_1_155' title='bbox 1087 3318 1186 3367; x_wconf 72' lang='grc' dir='ltr'><em>Αυ.</em></span> <span class='ocrx_word' id='word_1_156' title='bbox 1220 3317 1411 3367; x_wconf 60' lang='lat' dir='ltr'><em>scilieet</em></span> <span class='ocrx_word' id='word_1_157' title='bbox 1444 3316 1488 3366; x_wconf 78' lang='lat' dir='ltr'>A</span> <span class='ocrx_word' id='word_1_158' title='bbox 1534 3318 1587 3365; x_wconf 91' lang='lat' dir='ltr'><em>T.</em></span> <span class='ocrx_word' id='word_1_159' title='bbox 1624 3315 1682 3379; x_wconf 88' lang='lat'><em>7,</em></span> <span class='ocrx_word' id='word_1_160' title='bbox 1709 3317 1772 3379; x_wconf 81' lang='lat' dir='ltr'><em>f.</em></span> <span class='ocrx_word' id='word_1_161' title='bbox 1806 3315 1932 3380; x_wconf 74' lang='lat'><em>1513</em></span> <span class='ocrx_word' id='word_1_162' title='bbox 1971 3317 2009 3365; x_wconf 86' lang='lat' dir='ltr'>B</span> <span class='ocrx_word' id='word_1_163' title='bbox 2035 3318 2096 3380; x_wconf 79' lang='lat' dir='ltr'><em>f.</em></span> <span class='ocrx_word' id='word_1_164' title='bbox 2132 3314 2259 3379; x_wconf 77' lang='lat'><strong>277;</strong></span> <span class='ocrx_word' id='word_1_165' title='bbox 2297 3315 2335 3364; x_wconf 85' lang='lat' dir='ltr'><em>c</em></span> <span class='ocrx_word' id='word_1_166' title='bbox 2361 3316 2423 3378; x_wconf 79' lang='lat' dir='ltr'><em>f.</em></span> <span class='ocrx_word' id='word_1_167' title='bbox 2460 3314 2605 3378; x_wconf 71' lang='lat'><strong>29503</strong></span> <span class='ocrx_word' id='word_1_168' title='bbox 2646 3314 2685 3363; x_wconf 85' lang='lat' dir='ltr'><em>o</em></span> <span class='ocrx_word' id='word_1_169' title='bbox 2731 3316 2786 3364; x_wconf 91' lang='lat' dir='ltr'><em>T.</em></span> <span class='ocrx_word' id='word_1_170' title='bbox 2822 3313 2881 3376; x_wconf 83' lang='lat'><em>8,</em></span> <span class='ocrx_word' id='word_1_171' title='bbox 2910 3316 2970 3379; x_wconf 78' lang='lat' dir='ltr'><em>s.</em></span> <span class='ocrx_word' id='word_1_172' title='bbox 3004 3314 3111 3364; x_wconf 71' lang='lat'><em>95„‚</em></span> 
     </span>
    </p>
   </div>
   <div class='ocr_carea' id='block_1_9' title="bbox 663 3445 1866 3512">
    <p class='ocr_par' dir='ltr' id='par_1_12' title="bbox 663 3445 1866 3512">
     <span class='ocr_line' id='line_1_21' title="bbox 663 3445 1866 3512; baseline -0.001 -15"><span class='ocrx_word' id='word_1_173' title='bbox 663 3446 721 3512; x_wconf 77' lang='lat'><em>1)</em></span> <span class='ocrx_word' id='word_1_174' title='bbox 757 3446 1046 3512; x_wconf 80' lang='lat' dir='ltr'><em>Wijtvliet,</em></span> <span class='ocrx_word' id='word_1_175' title='bbox 1082 3451 1239 3496; x_wconf 81' lang='lat' dir='ltr'><em>autea</em></span> <span class='ocrx_word' id='word_1_176' title='bbox 1274 3445 1476 3497; x_wconf 82' lang='lat' dir='ltr'><em>flumen</em></span> <span class='ocrx_word' id='word_1_177' title='bbox 1511 3447 1567 3496; x_wconf 86' lang='lat' dir='ltr'><em>in</em></span> <span class='ocrx_word' id='word_1_178' title='bbox 1604 3446 1866 3496; x_wconf 84' lang='lat' dir='ltr'><em>Zelandia.</em></span> 
     </span>
    </p>
   </div>
   <div class='ocr_carea' id='block_1_10' title="bbox 505 3869 2624 4000">
    <p class='ocr_par' dir='ltr' id='par_1_13' title="bbox 505 3869 2624 4000">
     <span class='ocr_line' id='line_1_22' title="bbox 505 3869 2624 4000; baseline -0.002 -18"><span class='ocrx_word' id='word_1_179' title='bbox 505 3914 704 3982; x_wconf 75' lang='lat'><strong>1902.</strong></span> <span class='ocrx_word' id='word_1_180' title='bbox 1356 3869 1365 3878; x_wconf 27' lang='grc' dir='ltr'><em>ο</em></span> <span class='ocrx_word' id='word_1_181' title='bbox 1464 3917 1676 4000; x_wconf 88' lang='grc'><em>1371,</em></span> <span class='ocrx_word' id='word_1_182' title='bbox 1724 3916 2042 3980; x_wconf 89' lang='lat' dir='ltr'><em>Januarii</em></span> <span class='ocrx_word' id='word_1_183' title='bbox 2087 3916 2211 3997; x_wconf 83' lang='lat'><em>12,</em></span> <span class='ocrx_word' id='word_1_184' title='bbox 2259 3916 2624 3980; x_wconf 72' lang='lat' dir='ltr'><em>AvenioniS.</em></span> 
     </span>
    </p>
   </div>
   <div class='ocr_carea' id='block_1_11' title="bbox 732 4065 3583 4262">
    <p class='ocr_par' dir='ltr' id='par_1_14' title="bbox 732 4065 3583 4278">
     <span class='ocr_line' id='line_1_23' title="bbox 821 4065 3583 4153; baseline -0.001 -20"><span class='ocrx_word' id='word_1_185' title='bbox 821 4068 1154 4153; x_wconf 77' lang='lat' dir='ltr'><em>Reynaldo</em></span> <span class='ocrx_word' id='word_1_186' title='bbox 1201 4065 1527 4152; x_wconf 81' lang='lat' dir='ltr'><em>Reynaldi</em></span> <span class='ocrx_word' id='word_1_187' title='bbox 1572 4068 1648 4132; x_wconf 84' lang='lat' dir='ltr'><em>de</em></span> <span class='ocrx_word' id='word_1_188' title='bbox 1679 4068 2070 4153; x_wconf 74' lang='lat' dir='ltr'><em>Noviomaqo</em></span> <span class='ocrx_word' id='word_1_189' title='bbox 2105 4070 2435 4152; x_wconf 80' lang='lat' dir='ltr'><em>confertur</em></span> <span class='ocrx_word' id='word_1_190' title='bbox 2469 4074 2876 4135; x_wconf 81' lang='lat' dir='ltr'><em>canonicatus</em></span> <span class='ocrx_word' id='word_1_191' title='bbox 2907 4077 2966 4134; x_wconf 92' lang='lat' dir='ltr'><em>et</em></span> <span class='ocrx_word' id='word_1_192' title='bbox 2996 4076 3357 4134; x_wconf 86' lang='lat' dir='ltr'><em>reservatur</em></span> <span class='ocrx_word' id='word_1_193' title='bbox 3387 4088 3583 4152; x_wconf 77' lang='lat' dir='ltr'><em>prae·</em></span> 
     </span>
     <span class='ocr_line' id='line_1_24' title="bbox 732 4174 3012 4262; baseline 0 -23"><span class='ocrx_word' id='word_1_194' title='bbox 732 4174 930 4239; x_wconf 82' lang='lat' dir='ltr'><em>benda</em></span> <span class='ocrx_word' id='word_1_195' title='bbox 974 4178 1045 4240; x_wconf 86' lang='lat' dir='ltr'><em>in</em></span> <span class='ocrx_word' id='word_1_196' title='bbox 1090 4177 1343 4258; x_wconf 82' lang='lat' dir='ltr'><em>ecclesia</em></span> <span class='ocrx_word' id='word_1_197' title='bbox 1391 4175 1446 4239; x_wconf 79' lang='lat' dir='ltr'><em>b.</em></span> <span class='ocrx_word' id='word_1_198' title='bbox 1497 4174 1753 4239; x_wconf 87' lang='lat' dir='ltr'><em>Mariae</em></span> <span class='ocrx_word' id='word_1_199' title='bbox 1808 4175 1990 4259; x_wconf 82' lang='lat' dir='ltr'><em>Traj.</em></span> <span class='ocrx_word' id='word_1_200' title='bbox 2043 4214 2126 4224; x_wconf 90' lang='lat'>—</span> <span class='ocrx_word' id='word_1_201' title='bbox 2175 4177 2593 4262; x_wconf 80' lang='lat' dir='ltr'><em>Deputantur</em></span> <span class='ocrx_word' id='word_1_202' title='bbox 2646 4185 3012 4241; x_wconf 78' lang='lat' dir='ltr'><em>executores,</em></span> 
     </span>
    </p>
   </div>
   <div class='ocr_carea' id='block_1_12' title="bbox 735 4356 3454 4555">
    <p class='ocr_par' dir='ltr' id='par_1_15' title="bbox 735 4356 3454 4555">
     <span class='ocr_line' id='line_1_25' title="bbox 735 4356 3454 4445; baseline -0.001 -23"><span class='ocrx_word' id='word_1_203' title='bbox 735 4356 1128 4422; x_wconf 80' lang='lat' dir='ltr'><em>Laudabilia</em></span> <span class='ocrx_word' id='word_1_204' title='bbox 1170 4356 1544 4444; x_wconf 77' lang='lat' dir='ltr'><em>probitatis,</em></span> <span class='ocrx_word' id='word_1_205' title='bbox 1574 4405 1591 4422; x_wconf 89' lang='lat'><strong>.</strong></span> <span class='ocrx_word' id='word_1_206' title='bbox 1728 4358 1881 4422; x_wconf 80' lang='lat' dir='ltr'><em>Dat.</em></span> <span class='ocrx_word' id='word_1_207' title='bbox 1930 4358 2301 4441; x_wconf 83' lang='lat' dir='ltr'><em>Avinione,</em></span> <span class='ocrx_word' id='word_1_208' title='bbox 2351 4359 2421 4422; x_wconf 96' lang='lat' dir='ltr'><em>II</em></span> <span class='ocrx_word' id='word_1_209' title='bbox 2466 4358 2568 4423; x_wconf 88' lang='lat' dir='ltr'><em>Id.</em></span> <span class='ocrx_word' id='word_1_210' title='bbox 2617 4357 2953 4440; x_wconf 81' lang='lat' dir='ltr'><em>Januarii,</em></span> <span class='ocrx_word' id='word_1_211' title='bbox 3004 4378 3176 4422; x_wconf 84' lang='lat' dir='ltr'><em>anno</em></span> <span class='ocrx_word' id='word_1_212' title='bbox 3224 4359 3454 4445; x_wconf 87' lang='lat' dir='ltr'><em>primo.</em></span> 
     </span>
     <span class='ocr_line' id='line_1_26' title="bbox 930 4491 1606 4555; baseline 0.004 -16"><span class='ocrx_word' id='word_1_213' title='bbox 930 4491 1056 4553; x_wconf 64' lang='lat' dir='ltr'><em>Ray.</em></span> <span class='ocrx_word' id='word_1_214' title='bbox 1092 4492 1189 4540; x_wconf 75' lang='grc' dir='ltr'><em>Αυ.</em></span> <span class='ocrx_word' id='word_1_215' title='bbox 1232 4493 1287 4540; x_wconf 85' lang='lat' dir='ltr'><em>T.</em></span> <span class='ocrx_word' id='word_1_216' title='bbox 1323 4491 1377 4554; x_wconf 87' lang='lat'><em>5,</em></span> <span class='ocrx_word' id='word_1_217' title='bbox 1405 4493 1468 4555; x_wconf 78' lang='lat' dir='ltr'><em>s.</em></span> <span class='ocrx_word' id='word_1_218' title='bbox 1502 4491 1606 4542; x_wconf 71' lang='lat'><strong>4312.</strong></span> 
     </span>
    </p>
   </div>
   <div class='ocr_carea' id='block_1_13' title="bbox 508 4910 2622 4998">
    <p class='ocr_par' dir='ltr' id='par_1_16' title="bbox 508 4910 2622 4998">
     <span class='ocr_line' id='line_1_27' title="bbox 508 4910 2622 4998; baseline -0.001 -20"><span class='ocrx_word' id='word_1_219' title='bbox 508 4910 707 4979; x_wconf 76' lang='lat'><strong>1903.</strong></span> <span class='ocrx_word' id='word_1_220' title='bbox 1464 4915 1675 4995; x_wconf 90' lang='lat'><strong><em>1371,</em></strong></span> <span class='ocrx_word' id='word_1_221' title='bbox 1724 4913 2043 4978; x_wconf 88' lang='lat' dir='ltr'><em>Januarii</em></span> <span class='ocrx_word' id='word_1_222' title='bbox 2088 4916 2204 4998; x_wconf 83' lang='lat'><em>12,</em></span> <span class='ocrx_word' id='word_1_223' title='bbox 2257 4916 2622 4979; x_wconf 77' lang='lat' dir='ltr'><em>Avenionis.</em></span> 
     </span>
    </p>
   </div>
   <div class='ocr_carea' id='block_1_14' title="bbox 727 5065 3582 5364">
    <p class='ocr_par' dir='ltr' id='par_1_17' title="bbox 727 5065 3582 5364">
     <span class='ocr_line' id='line_1_28' title="bbox 824 5065 3578 5152; baseline 0 -22"><span class='ocrx_word' id='word_1_224' title='bbox 824 5066 1126 5151; x_wconf 76' lang='lat' dir='ltr'><em>Adolpho</em></span> <span class='ocrx_word' id='word_1_225' title='bbox 1188 5075 1339 5131; x_wconf 88' lang='lat' dir='ltr'><em>nato</em></span> <span class='ocrx_word' id='word_1_226' title='bbox 1403 5067 1723 5152; x_wconf 83' lang='lat' dir='ltr'><em>quondam</em></span> <span class='ocrx_word' id='word_1_227' title='bbox 1785 5065 2060 5132; x_wconf 89' lang='lat' dir='ltr'><em>Henrici</em></span> <span class='ocrx_word' id='word_1_228' title='bbox 2119 5068 2274 5132; x_wconf 84' lang='lat' dir='ltr'><em>dicti</em></span> <span class='ocrx_word' id='word_1_229' title='bbox 2334 5066 2621 5130; x_wconf 81' lang='lat' dir='ltr'><em>Vridach</em></span> <span class='ocrx_word' id='word_1_230' title='bbox 2669 5067 2928 5150; x_wconf 76' lang='lat' dir='ltr'><em>militis,</em></span> <span class='ocrx_word' id='word_1_231' title='bbox 2988 5065 3311 5130; x_wconf 73' lang='lat' dir='ltr'><em>Johannis</em></span> <span class='ocrx_word' id='word_1_232' title='bbox 3364 5069 3457 5131; x_wconf 87' lang='lat' dir='ltr'><em>tit.</em></span> <span class='ocrx_word' id='word_1_233' title='bbox 3509 5066 3578 5130; x_wconf 82' lang='lat' dir='ltr'><em>S.</em></span> 
     </span>
     <span class='ocr_line' id='line_1_29' title="bbox 737 5170 3582 5257; baseline 0 -23"><span class='ocrx_word' id='word_1_234' title='bbox 737 5170 954 5236; x_wconf 84' lang='lat' dir='ltr'><em>Marci</em></span> <span class='ocrx_word' id='word_1_235' title='bbox 1002 5171 1364 5257; x_wconf 80' lang='lat' dir='ltr'><em>presbyteri</em></span> <span class='ocrx_word' id='word_1_236' title='bbox 1429 5171 1800 5237; x_wconf 79' lang='lat' dir='ltr'><em>Cardinalis</em></span> <span class='ocrx_word' id='word_1_237' title='bbox 1859 5172 2221 5256; x_wconf 82' lang='lat' dir='ltr'><em>familiari,</em></span> <span class='ocrx_word' id='word_1_238' title='bbox 2288 5172 2619 5254; x_wconf 82' lang='lat' dir='ltr'><em>confertur</em></span> <span class='ocrx_word' id='word_1_239' title='bbox 2663 5173 3070 5236; x_wconf 78' lang='lat' dir='ltr'><em>canonicatus</em></span> <span class='ocrx_word' id='word_1_240' title='bbox 3117 5179 3176 5234; x_wconf 91' lang='lat' dir='ltr'><em>et</em></span> <span class='ocrx_word' id='word_1_241' title='bbox 3220 5179 3582 5235; x_wconf 81' lang='lat' dir='ltr'><em>reservatur</em></span> 
     </span>
     <span class='ocr_line' id='line_1_30' title="bbox 727 5278 2934 5364; baseline -0 -22"><span class='ocrx_word' id='word_1_242' title='bbox 727 5278 1096 5364; x_wconf 76' lang='lat' dir='ltr'><em>praebenda</em></span> <span class='ocrx_word' id='word_1_243' title='bbox 1142 5299 1279 5343; x_wconf 88' lang='lat' dir='ltr'><em>cum</em></span> <span class='ocrx_word' id='word_1_244' title='bbox 1325 5280 1759 5364; x_wconf 76' lang='lat' dir='ltr'><em>supplemento</em></span> <span class='ocrx_word' id='word_1_245' title='bbox 1806 5282 1875 5344; x_wconf 90' lang='lat' dir='ltr'><em>in</em></span> <span class='ocrx_word' id='word_1_246' title='bbox 1923 5281 2175 5344; x_wconf 80' lang='lat' dir='ltr'><em>ecclesia</em></span> <span class='ocrx_word' id='word_1_247' title='bbox 2222 5279 2291 5343; x_wconf 83' lang='lat' dir='ltr'><em>S.</em></span> <span class='ocrx_word' id='word_1_248' title='bbox 2342 5279 2700 5344; x_wconf 81' lang='lat' dir='ltr'><em>Salvatoris</em></span> <span class='ocrx_word' id='word_1_249' title='bbox 2754 5279 2934 5362; x_wconf 84' lang='lat' dir='ltr'><em>Traj.</em></span> 
     </span>
    </p>
   </div>
   <div class='ocr_carea' id='block_1_15' title="bbox 734 5456 3303 5659">
    <p class='ocr_par' dir='ltr' id='par_1_18' title="bbox 734 5456 3303 5659">
     <span class='ocr_line' id='line_1_31' title="bbox 734 5456 3303 5545; baseline 0.001 -25"><span class='ocrx_word' id='word_1_250' title='bbox 734 5456 1063 5521; x_wconf 80' lang='lat' dir='ltr'><em>Nobilitas</em></span> <span class='ocrx_word' id='word_1_251' title='bbox 1109 5458 1388 5544; x_wconf 53' lang='lat' dir='ltr'><em>generi&amp;</em></span> <span class='ocrx_word' id='word_1_252' title='bbox 1417 5503 1434 5522; x_wconf 90' lang='lat'><strong>.</strong></span> <span class='ocrx_word' id='word_1_253' title='bbox 1462 5506 1478 5522; x_wconf 91' lang='lat'><strong>.</strong></span> <span class='ocrx_word' id='word_1_254' title='bbox 1508 5506 1525 5524; x_wconf 88' lang='lat'><strong>.</strong></span> <span class='ocrx_word' id='word_1_255' title='bbox 1576 5459 1729 5523; x_wconf 83' lang='lat' dir='ltr'><em>Dat.</em></span> <span class='ocrx_word' id='word_1_256' title='bbox 1778 5459 2145 5545; x_wconf 82' lang='lat' dir='ltr'><em>Avinione,</em></span> <span class='ocrx_word' id='word_1_257' title='bbox 2193 5461 2266 5525; x_wconf 91' lang='grc' dir='ltr'>Π</span> <span class='ocrx_word' id='word_1_258' title='bbox 2313 5461 2412 5525; x_wconf 89' lang='lat' dir='ltr'><em>Id.</em></span> <span class='ocrx_word' id='word_1_259' title='bbox 2464 5460 2797 5541; x_wconf 83' lang='lat' dir='ltr'><em>Januarii,</em></span> <span class='ocrx_word' id='word_1_260' title='bbox 2852 5480 3024 5522; x_wconf 80' lang='lat' dir='ltr'><em>anno</em></span> <span class='ocrx_word' id='word_1_261' title='bbox 3073 5459 3303 5544; x_wconf 88' lang='lat' dir='ltr'><em>primo.</em></span> 
     </span>
     <span class='ocr_line' id='line_1_32' title="bbox 927 5593 1574 5659; baseline 0.008 -19"><span class='ocrx_word' id='word_1_262' title='bbox 927 5593 1053 5655; x_wconf 66' lang='lat' dir='ltr'><em>Rey.</em></span> <span class='ocrx_word' id='word_1_263' title='bbox 1085 5594 1182 5643; x_wconf 66' lang='lat' dir='ltr'><em>An.</em></span> <span class='ocrx_word' id='word_1_264' title='bbox 1227 5596 1281 5643; x_wconf 91' lang='lat' dir='ltr'><em>T.</em></span> <span class='ocrx_word' id='word_1_265' title='bbox 1316 5593 1371 5657; x_wconf 88' lang='lat'><em>5,</em></span> <span class='ocrx_word' id='word_1_266' title='bbox 1396 5596 1457 5659; x_wconf 79' lang='lat' dir='ltr'><em>s.</em></span> <span class='ocrx_word' id='word_1_267' title='bbox 1492 5593 1574 5645; x_wconf 77' lang='lat'><em>91.</em></span> 
     </span>
    </p>
   </div>
   <div class='ocr_carea' id='block_1_16' title="bbox 4429 1666 4434 2210">
    <p class='ocr_par' dir='ltr' id='par_1_19' title="bbox 4429 1666 4434 2210">
     <span class='ocr_line' id='line_1_33' title="bbox 4429 1666 4434 2210; baseline 0 0"><span class='ocrx_word' id='word_1_268' title='bbox 4429 1666 4434 2210; x_wconf 95' lang='lat' dir='ltr'><em> </em></span> 
     </span>
    </p>
   </div>
  </div>
 </body>
</html>
