4450 6684
1835 502 2152 569 Onnms
2211 503 2334 570 VI.
3533 510 3615 574 21

549 720 740 790 1295.
1478 723 1691 807 1349,
1739 722 2109 788 Novembris
2155 725 2276 807 24,
2324 724 2689 790 Avenionis.

863 874 1155 941 Johanni
1199 876 1384 961 Pape
1429 876 1598 941 alias
1642 875 1719 941 de
1767 876 2013 942 Gasleto
2050 875 2474 958 conferuntur
2502 880 2937 960 canonicatus,
2980 878 3342 963 praebenda
3373 887 3432 944 et
3461 901 3613 965 sup·

760 981 1150 1066 plementum
1208 985 1278 1047 in
1339 982 1594 1046 ecclesia
1647 981 2067 1065 Trajectensi,
2124 984 2423 1048 vacantia
2455 1004 2582 1069 per
2627 983 2863 1048 obitum
2908 983 3182 1049 Henrici
3225 985 3302 1050 dc
3345 984 3609 1069 Jutfaes

773 1094 833 1152 et
890 1087 992 1153 die
1050 1089 1141 1152 26
1197 1088 1371 1172 Maji
1413 1109 1519 1153 an.
1566 1089 1746 1153 1349
1793 1088 2194 1174 dispositioni
2237 1089 2402 1154 sedis
2448 1092 2828 1177 apostolicae
2874 1098 3212 1156 reservata.
3271 1128 3352 1141 —
3400 1091 3616 1178 Depu-

777 1201 999 1259 tantur
1042 1200 1411 1258 executores.

765 1373 1023 1441 Morum
1069 1374 1283 1441 decor.
1313 1421 1330 1440 .
1357 1421 1373 1438 .
1400 1420 1417 1438 .
1467 1374 1621 1440 Dat.
1667 1374 2034 1459 Avinione,
2081 1374 2255 1441 VIII
2299 1375 2410 1441 Kl.
2459 1376 2871 1461 Decembris,
2920 1398 3095 1443 anno
3143 1384 3396 1444 octavo.

966 1492 1092 1556 Bey.
1127 1494 1225 1542 Ac.
1267 1493 1322 1542 T.
1354 1490 1452 1555 54,
1473 1494 1536 1558 s.
1570 1490 1687 1542 249.

548 1959 745 2029 1296.
985 1932 994 1940 ⁹
1503 1960 1712 2042 1349,
1765 1957 2122 2023 Decembris
2170 1961 2242 2041 6,
2291 1959 2655 2024 Avenionis.

867 2112 1213 2178 G‘iselberto
1272 2113 1347 2177 de
1391 2112 1760 2178 Brochusen
1815 2110 2235 2193 conferuntur
2279 2112 2684 2176 canonicatus
2730 2119 2791 2176 et
2827 2114 3188 2198 praebenda
3231 2118 3303 2181 in
3348 2120 3601 2185 ecclesia

771 2216 840 2281 S.
880 2217 1237 2282 Salvator-is
1274 2217 1489 2300 Traj.,
1534 2224 1824 2281 vacantes
1842 2236 1968 2301 per
1997 2214 2233 2280 obitum
2261 2214 2585 2280 Johannis
2616 2215 2692 2280 de
2722 2217 2946 2283 Arena
2980 2227 3040 2284 et
3070 2220 3170 2285 die
3198 2222 3286 2287 13
3319 2224 3604 2310 Auyusti

770 2343 877 2389 an.
923 2323 1103 2389 1348
1148 2322 1547 2408 dispositioni
1587 2323 1751 2388 sedis
1795 2322 2174 2408 apostolicae
2218 2329 2590 2387 reservatae.
2643 2359 2726 2371 —
2775 2323 3191 2410 Deputantur
3235 2338 3605 2396 executores.

774 2505 931 2572 Vite
1000 2527 1077 2572 ac
1146 2527 1421 2573 morum.
1448 2552 1465 2571 .
1492 2554 1508 2571 .
1536 2552 1553 2571 .
1622 2505 1776 2571 Non
1846 2504 2262 2570 obstantibus
2333 2549 2350 2568 .
2378 2551 2394 2569 .
2425 2552 2440 2569 .
2512 2504 2687 2591 quod
2752 2506 3070 2593 capellam
3132 2510 3275 2576 sine
3322 2532 3479 2578 cura
3524 2512 3609 2579 de

551 2612 952 2701 Appetonda
1018 2614 1169 2697 (sic)
1194 2613 1248 2697 1)
1320 2611 1762 2699 TraJectensis
1835 2609 2146 2693 diocesis,
2221 2630 2350 2696 que
2421 2608 2503 2676 de
2563 2616 2923 2697 patronatu
2982 2613 3295 2681 laicorum
3358 2618 3620 2704 existit,

553 2719 840 2786 nosceris
887 2719 1207 2785 obtinere.
1234 2766 1253 2785 .
1281 2765 1298 2784 .
1330 2766 1347 2784 .
1394 2720 1552 2785 Dat.
1599 2716 1966 2802 Avinione,
2016 2715 2189 2781 VIII
2235 2715 2334 2781 Id.
2383 2716 2804 2802 Decembris,
2853 2739 3025 2786 anno
3074 2726 3328 2787 octavo.

973 2835 1100 2900 Ray.
1133 2836 1233 2887 Ao.
1278 2838 1334 2888 T.
1369 2835 1458 2902 52,
1485 2839 1546 2903 s.
1581 2834 1720 2887 3010.

703 2966 762 3034 1)
795 2967 1102 3035 Legendum
1135 2969 1374 3022 videtur:
1411 2968 1727 3036 Appecouda
1758 2983 1828 3019 =
1861 2968 2127 3020 Abcoude.

559 3433 745 3502 1297.
1513 3436 1731 3519 1349,
1778 3434 2136 3501 Decembris
2181 3437 2262 3518 s,
2312 3436 2673 3501 Avmionis.

877 3587 1159 3653 Henrico
1204 3588 1281 3653 dc
1340 3587 1587 3674 Weyda
1631 3586 1962 3669 confertur
2006 3586 2350 3651 decanatus
2396 3587 2685 3652 ecclesiae
2738 3585 3190 3672 Trajectensis,
3236 3609 3468 3654 vacans
3506 3611 3627 3675 per

789 3692 1027 3758 obitum
1070 3692 1346 3759 Henrici
1389 3693 1466 3758 de
1509 3692 1791 3776 Judfaes
1836 3700 1896 3757 et
1943 3691 2044 3756 die
2089 3693 2179 3756 26
2207 3690 2382 3773 Maji
2410 3712 2515 3757 an.
2548 3693 2727 3757 1349
2758 3693 3160 3778 dispositioni
3187 3694 3352 3759 sedis
3382 3701 3630 3780 aposto-

792 3798 949 3863 licae
991 3805 1369 3865 reservatus.
1420 3836 1503 3847 —
1550 3797 1972 3883 Deputantur
2017 3803 2389 3861 executores.

793 3978 1123 4045 Nobilitas
1169 3980 1450 4066 generis.
1478 4024 1496 4044 .
1524 4025 1540 4043 .
1571 4026 1587 4043 .
1634 3978 1789 4045 Non
1838 3978 2142 4044 obstante
2190 4025 2206 4043 .
2237 4026 2253 4042 .
2279 4026 2297 4043 .
2347 3978 2523 4065 quod
2570 3979 3026 4045 canonicatum
3071 3984 3142 4044 et
3177 3978 3514 4066 prebenda
3551 4001 3628 4045 ac

572 4084 1099 4173 supplementum
1143 4084 1213 4149 in
1260 4084 1536 4150 ecclesia
1580 4080 1877 4170 predicta
1912 4104 2170 4149 necnon
2200 4084 2680 4171 preposituram
2712 4084 2953 4167 Frisie,
3004 4084 3109 4149 cui
3140 4104 3296 4150 cura
3327 4085 3627 4150 imminet

574 4191 969 4271 animarum,
1032 4189 1474 4277 Trajectensis
1537 4189 1813 4255 diocesis
1877 4190 2163 4255 nosceris
2226 4189 2547 4256 obtinere.
2575 4237 2591 4255 .
2619 4236 2636 4254 .
2664 4236 2680 4254 .
2752 4189 2907 4254 Dat.
2955 4189 3320 4272 Avinione,
3382 4188 3483 4256 VI
3528 4188 3626 4254 Id.

570 4293 985 4378 Decembris,
1032 4316 1207 4361 anno
1256 4300 1509 4361 octavo.

985 4394 1258 4475 Βῳζᾼυ.
1302 4414 1353 4463 T.
1390 4410 1480 4478 52,
1515 4413 1579 4477 s.
1611 4409 1727 4462 581.

573 4875 762 4944 1298.
1498 4879 1711 4961 1349,
1761 4878 2117 4945 Decembris
2161 4881 2283 4964 10,
2331 4881 2696 4945 Avenionis.

888 5028 1281 5095 Ghiselberto
1326 5030 1403 5095 de
1447 5030 1689 5095 Rienen
1727 5031 2057 5114 confertur
2095 5035 2502 5099 canonicatus
2540 5040 2600 5097 et
2635 5033 3015 5115 conferenda
3051 5038 3413 5097 reservatur
3438 5051 3636 5116 prae·

796 5133 998 5200 benda
1057 5137 1128 5200 in
1187 5137 1441 5202 ecclesia
1512 5136 1903 5219 Trajectensi
1914 5186 1931 5220 ,
2002 5147 2365 5205 reservatur
2416 5142 2679 5225 insuper
2712 5140 3172 5224 praepositura
3232 5137 3636 5221 Westfrisiae

781 5241 1076 5324 proxime
1118 5248 1455 5324 vacatura,
1502 5244 1975 5326 quamprimum
2021 5243 2344 5309 Henricus
2389 5245 2466 5310 de
2508 5243 2726 5330 Veyda
2758 5244 2909 5327 (sic)
2940 5243 3284 5308 decanatus
3314 5244 3385 5307 in
3415 5242 3628 5306 eadem

796 5345 1048 5410 ecclesia
1078 5346 1527 5431 possessionem
1560 5345 1907 5430 pacificam
1952 5355 2272 5412 assecutus
2315 5348 2539 5431 fuerit.
2595 5385 2677 5396 —
2725 5346 3142 5432 Deputantur
3186 5353 3556 5411 executores.

801 5507 1060 5573 Morum
1123 5514 1191 5573 et
1255 5507 1408 5573 vite.
1436 5554 1452 5572 .
1481 5554 1498 5572 .
1525 5552 1543 5572 .
1609 5507 1762 5572 Non
1809 5508 2224 5575 obstantibus
2273 5557 2291 5574 .
2319 5558 2334 5575 .
2366 5562 2381 5578 .
2430 5507 2605 5596 quod
2649 5509 2722 5573 in
2767 5508 3045 5573 ecclesia
3091 5507 3301 5574 sancti
3345 5503 3629 5573 Lebuini

572 5611 1041 5680 Daventriensi
1100 5613 1555 5679 canonicatum
1614 5618 1684 5678 et
1743 5612 2148 5699 prebendam
2209 5614 2470 5681 obtines
2533 5618 2603 5680 et
2648 5611 2823 5700 quod
2870 5633 3070 5699 super
3115 5611 3508 5679 canonicatu
3551 5614 3620 5674 et
