4450 6684
1737 516 2137 582 Gan-cosme
2181 517 2306 582 XI.
3424 521 3555 584 215

484 736 697 806 2050.
1474 738 1683 819 1372,
1731 738 1989 822 Aprilis
2033 739 2151 820 13,
2200 739 2575 802 Avenionis.

820 893 1172 958 Wibrando
1217 891 1431 956 abbati
1474 894 1842 957 monasterii
1902 891 2112 957 Vallis
2160 891 2230 955 S.
2279 891 2536 956 Mariae
2578 891 2864 973 facultas
2910 912 3113 976 supra
3156 912 3329 956 num.
3379 894 3560 956 2035

718 1000 931 1085 quoad
989 1001 1318 1064 canonicos
1378 1006 1706 1083 apostatas
1768 1019 2050 1064 concessa
2116 1005 2445 1063 revocatur
2502 1004 2694 1082 atque
2741 998 2828 1061 ad
2873 998 3075 1062 decem
3120 1018 3320 1062 annos
3366 998 3560 1062 eidem

716 1106 914 1170 datar
966 1113 1287 1190 potestas,
1347 1126 1472 1190 per
1534 1125 1831 1170 censuras
1888 1105 2334 1169 ecclesiasticas
2378 1103 2742 1186 hujusmodi
2783 1110 3111 1188 apostatas
3157 1103 3244 1167 ad
3287 1104 3563 1168 reditum

733 1231 968 1276 necnon
1020 1212 1210 1275 laicos
1255 1212 1353 1275 vel
1397 1212 1679 1293 clericos,
1726 1218 1800 1275 at
1844 1210 1924 1275 ab
1962 1210 2295 1275 eorundem
2325 1210 2714 1294 protectione
2750 1207 3083 1292 desistant,
3136 1209 3565 1294 compellendi.

719 1392 978 1457 Dilecto
1039 1391 1175 1456 filio
1240 1390 1608 1456 Wibrando
1671 1391 1897 1456 abbati
1959 1391 2338 1456 monasterii
2398 1391 2664 1475 (Vallis)
2713 1396 2936 1456 sancte
2982 1391 3190 1456 Marie
3237 1392 3306 1455 in
3354 1391 3566 1456 Frisia

499 1499 1129 1565 Premonstratensis
1178 1496 1424 1564 ordinis
1445 1548 1462 1581 ,
1511 1498 1951 1583 Trajectensis
1997 1496 2311 1582 diocesis,
2361 1499 2639 1563 salutern
2686 1506 2796 1563 etc.

731 1604 1120 1670 Devocionis
1193 1610 1305 1668 tue
1377 1604 1750 1686 sinceritas,
1824 1624 2020 1689 quam
2088 1602 2171 1668 ad
2241 1625 2359 1668 nos
2431 1609 2500 1669 et
2561 1605 2929 1669 Romanam
2976 1605 3148 1691 geris
3195 1605 3570 1687 ecclesiam,

508 1716 948 1797 promeretur,
996 1716 1071 1773 ut
1115 1710 1184 1773 in
1231 1709 1387 1791 hiis,
1436 1731 1564 1795 que
1598 1731 1638 1773 a
1668 1710 1859 1775 nobis
1890 1710 2271 1796 suppliciter
2303 1710 2626 1796 postulae,
2674 1711 3015 1795 presertim
3049 1730 3176 1796 que
3209 1710 3572 1773 animarum

508 1814 786 1879 salutem
835 1815 1227 1900 respiciunt,
1279 1814 1399 1878 tibi
1447 1816 1649 1878 simus
1695 1814 2086 1879 favorabiles
2127 1820 2195 1879 et
2224 1815 2516 1899 benigni.
2580 1812 2847 1878 Dudum
2881 1814 3204 1900 siquidem
3234 1835 3351 1900 pro
3384 1819 3571 1900 parte

509 1923 626 1983 tua
686 1918 877 1983 nobis
938 1919 1270 2005 exposito,
1337 1918 1508 2005 quod
1572 1919 1869 1983 nonnulli
1929 1920 2026 1984 tui
2072 1926 2140 1984 et
2186 1919 2385 1983 etiam
2431 1919 2501 1982 in
2548 1918 2765 1984 Vinea
2811 1918 3078 1983 Domini
3124 1919 3574 1983 Premonstra·

508 2024 712 2087 tensis
760 2023 1034 2107 ordinis,
1083 2024 1526 2110 Trajectensis
1574 2024 1881 2106 diocesis,
1932 2025 2476 2089 monasteriorum
2525 2025 2820 2089 canonici
2861 2032 3106 2090 temere
3139 2022 3573 2111 apostatando

507 2128 804 2215 predicta
849 2131 1246 2194 monasteria
1293 2128 1717 2195 dimittebant
1766 2136 1834 2196 et
1880 2130 1964 2195 ad
2013 2131 2222 2195 curias
2265 2131 2578 2195 laicorum
2619 2130 3071 2215 confugientes
3104 2151 3179 2194 ac
3208 2129 3579 2215 regularem

515 2234 923 2321 disciplinam
971 2243 1356 2321 spernentes
1402 2236 1699 2323 predicta
1746 2238 2142 2302 monasteria
2188 2258 2337 2301 cum
2376 2236 2755 2321 hujusmodi
2798 2237 3012 2318 laicis,
3062 2256 3290 2301 eorum
3328 2235 3578 2299 suffulti

512 2341 818 2427 potencia
879 2348 948 2406 et
1009 2342 1290 2425 auxili0,
1357 2363 1476 2429 pro
1538 2343 1827 2428 ipsorum
1881 2344 2071 2408 libito
2119 2343 2479 2407 voluntatis
2524 2343 2595 2407 in
2639 2343 2873 2407 habitu
2919 2341 3194 2407 seculari
3239 2340 3575 2406 intrabant

513 2452 581 2510 et
628 2446 710 2510 de
758 2447 947 2512 bonis
993 2449 1537 2513 monasteriorum
1584 2450 1874 2534 ipsorum
1915 2450 2266 2536 capiebant
2296 2450 2638 2530 alimenta,
2686 2471 2807 2513 nos
2842 2449 2964 2513 tibi
2996 2446 3431 2534 compellendi
3462 2465 3580 2532 per

511 2571 851 2617 censuram
900 2553 1406 2618 ecclesiasticam
1451 2554 1829 2639 hujusmodi
1879 2559 2210 2641 apostatas
2259 2554 2341 2618 ad
2388 2553 2800 2620 redeundum
2846 2552 2930 2619 ad
2970 2553 3146 2618 dicta
3182 2551 3581 2617 monasteria

522 2662 591 2721 et
651 2659 969 2724 nonnulla
1027 2659 1157 2723 alia
1218 2680 1415 2745 super
1476 2659 1603 2724 hiis
1665 2660 1948 2726 faciendi
1993 2661 2257 2746 plenam
2304 2661 2741 2725 concessimus
2787 2660 3203 2740 facultatem,
3267 2662 3463 2743 prout
3507 2657 3578 2720 in

514 2763 753 2827 nostris
812 2764 968 2829 inde
1030 2765 1343 2830 confectis
1403 2766 1643 2831 litteris
1705 2767 1964 2853 plenius
2013 2768 2408 2832 continetur.
2503 2767 2641 2833 Nos
2687 2767 2922 2853 igitur,
2988 2785 3075 2830 ex
3121 2763 3314 2829 certis
3363 2762 3575 2827 causis

532 2869 1039 2934 racionabilibus
1100 2891 1220 2935 nos
1284 2869 1367 2936 ad
1428 2871 1551 2937 hoc
1614 2873 2063 2955 moventibus,
2124 2872 2504 2938 facultatem
2566 2877 2634 2937 et
2687 2871 3176 2937 concessionem
3230 2871 3580 2956 premissas

512 2975 777 3058 penitus
823 2983 1208 3041 revocantes
1255 2981 1324 3041 et
1369 2978 1575 3042 eciam
1624 2978 2074 3062 annullantes,
2124 2978 2509 3044 discrecioni
2556 2984 2670 3043 tue
2717 2998 2924 3064 usque
2973 2976 3055 3042 ad
3104 2976 3334 3042 decem
3371 2996 3580 3041 annos

511 3099 553 3143 a
611 3078 768 3145 data
827 3083 1242 3168 presencium
1306 3083 1780 3169 computandos
1825 3084 2114 3170 prefatos
2161 3089 2496 3172 apostatas
2541 3084 2625 3150 ad
2673 3084 3083 3150 redeundum
3128 3080 3212 3148 ad
3258 3083 3403 3169 ipsa
3446 3102 3584 3147 mo-

515 3187 804 3250 nasteria
849 3208 925 3252 ac
968 3188 1171 3253 laicos
1220 3188 1628 3275 supradictos
1675 3196 1744 3255 et
1790 3211 2214 3276 quoscunque
2261 3190 2423 3255 alios
2463 3189 2732 3256 clericos
2764 3191 2871 3256 vel
2900 3190 3092 3272 alios,
3141 3193 3217 3252 ut
3247 3209 3287 3251 a
3317 3188 3584 3274 quibus-

514 3311 771 3377 cunque
819 3294 1080 3358 auxiliis
1126 3295 1285 3381 ipsis
1333 3295 1650 3380 apostatis
1698 3296 2067 3382 prestandis
2113 3318 2231 3383 per
2276 3317 2389 3361 eos
2437 3303 2505 3361 et
2553 3317 2778 3362 eorum
2820 3295 3274 3361 detentoribus
3314 3294 3579 3358 omnino

516 3395 840 3464 desistant
907 3420 1025 3486 per
1098 3421 1440 3466 censuram
1515 3402 2021 3467 ecclesiasticam
2090 3403 2481 3490 compellere
2544 3408 2644 3486 et,
2718 3402 2773 3466 si
2835 3402 2955 3467 tibi
3015 3422 3150 3466 non
3209 3400 3583 3486 paruerint,

506 3505 579 3569 in
639 3505 908 3572 eosdem
954 3514 1287 3595 apostatas
1335 3514 1405 3573 et
1449 3509 1650 3573 laicos
1698 3516 1766 3574 et
1813 3509 2010 3593 alios,
2067 3510 2434 3574 monicione
2481 3510 2833 3596 premissa,
2880 3505 3583 3574 excommunicacionis

512 3614 917 3679 sentenciam
962 3615 1375 3700 promulgare
1423 3635 1499 3680 ac
1546 3636 1657 3680 eos
1703 3616 1796 3680 sic
1843 3617 2446 3681 excommunicatos
2494 3616 2891 3680 denunciare
2938 3615 3158 3679 valeas
3205 3613 3466 3698 plenam
3513 3617 3584 3678 et

509 3717 784 3783 liberam
845 3719 1261 3785 concedimus
1332 3725 1561 3786 tenore
1608 3721 2013 3807 presentium
2060 3721 2465 3786 facultatem.
2537 3721 2690 3786 Dat.
2739 3720 3067 3787 Avinione
3090 3768 3108 3804 ,
3153 3718 3254 3784 Id.
3301 3718 3579 3804 Aprilis,

510 3843 684 3888 anno
731 3824 1038 3890 secundo.

928 3960 1053 4024 Ray.
1088 3961 1187 4011 Δο.
1231 3963 1287 4012 T.
1321 3960 1413 4025 13,
1437 3963 1500 4026 s.
1533 3960 1674 4012 3020.

508 4440 709 4509 2051.
1499 4448 1708 4530 1372,
1757 4448 2016 4533 Aprilis
2062 4450 2180 4531 14,
2227 4447 2591 4511 Avenionis.

830 4597 1131 4663 Omnibus
1165 4597 1633 4683 poenitentibus
1678 4606 1737 4663 et
1783 4600 2116 4682 confessis,
2167 4600 2283 4685 qui
2327 4598 2639 4684 capellam
2691 4597 2991 4681 Corporis
3037 4596 3302 4660 Domini
3347 4594 3579 4661 Nostri

735 4702 942 4768 Jhesu
1011 4702 1254 4768 Christi
1297 4711 1483 4768 extra
1528 4725 1746 4769 maros
1799 4705 2258 4788 Trajectenses‚
2322 4725 2463 4770 cum
2506 4706 2912 4789 reparatione
2957 4702 3240 4788 indiyeat
3282 4723 3411 4768 non
3455 4723 3583 4768 mo·

739 4808 948 4874 dicum
986 4818 1387 4894 sumptuosa,
1436 4809 1651 4874 diebus
1687 4811 1935 4892 festivis
1965 4833 2169 4898 supra
2203 4833 2374 4876 num.
2407 4812 2585 4876 1799
2617 4810 2917 4875 indicatis
2946 4808 3156 4874 devote
3185 4810 3581 4875 visitaverint

737 4922 797 4978 et
841 4914 928 4978 ad
972 4915 1205 4979 dictam
1251 4918 1717 5000 reparationem
1765 4917 2129 5000 adjuverint
2173 4919 2410 4983 similes
2440 4939 2514 4983 ac
2543 4919 2614 4982 in
2642 4937 2815 4981 num.
2854 4915 3116 4982 laudato
3145 4915 3579 5001 indulqentiae

734 5021 1209 5104 impertiuntur.

737 5206 928 5287 Licet
971 5206 1060 5290 is,
1109 5203 1191 5271 de
1239 5207 1448 5291 quus.
1475 5252 1493 5271 .
1521 5255 1537 5270 .
1565 5251 1582 5270 .
1636 5206 2067 5272 Presentibus
2112 5210 2264 5292 post
2307 5206 2543 5292 viginti
2589 5224 2795 5269 annos
2825 5203 3093 5267 minime
3124 5201 3440 5267 valituris.
3465 5246 3484 5267 .
3509 5247 3527 5266 .
3555 5248 3575 5267 .

510 5307 666 5374 Dat.
712 5308 1082 5396 Aviniono,
1129 5311 1371 5378 XVTH
1413 5311 1526 5378 Kl.
1572 5311 1769 5396 Maji,
1817 5332 1990 5377 anno
2037 5311 2345 5376 secundo.

929 5445 1057 5510 περ.
1087 5447 1185 5498 Aa.
1229 5448 1284 5497 r.
1315 5445 1407 5510 15,
1431 5448 1495 5511 s.
1526 5445 1666 5498 375v.
