4450 6684
894 466 1038 532 ²60
2143 471 2552 543 Gnrconrus
2596 477 2720 544 11.

899 685 1090 755 2197.
1824 696 2040 779 1374,
2090 696 2460 762 Novembris
2506 699 2628 781 22,
2675 699 3037 766 Avenionis.

1212 845 1502 910 Goswino
1531 846 1609 910 de
1640 845 2025 933 Herderwyc
2054 848 2309 930 clerico,
2341 850 2446 912 cui
2474 848 2764 915 dominus
2789 851 2985 937 Papa
3013 852 3256 918 dudum
3286 854 3646 938 beneficium
3677 865 3960 943 spectans

1120 952 1208 1017 ad
1251 952 1718 1038 dispositionem
1764 955 2036 1039 capituli
2074 953 2128 1017 b.
2171 954 2429 1019 Mariae
2475 955 2656 1039 Traj.
2696 961 3064 1043 reservavit,
3105 960 3499 1047 indulyetur,
3539 963 3711 1049 quod
3741 964 3958 1049 hty‘us-

1121 1059 1292 1124 modi
1331 1061 1550 1125 literae
1586 1081 1712 1125 non
1750 1063 2100 1146 exspirent,
2139 1063 2388 1126 etiamsi
2423 1064 2631 1147 ipsum
2671 1066 2927 1130 interim
2963 1067 3238 1131 alterum
3276 1068 3635 1151 beneficium
3672 1073 3961 1137 canonice

1121 1166 1391 1231 obtinere
1436 1169 1783 1252 contiqerit.

1119 1349 1510 1417 Laudabilia
1554 1351 1921 1437 probitatis.
1950 1398 1966 1415 .
1995 1399 2011 1415 .
2040 1399 2055 1415 .
2104 1351 2259 1416 Dat.
2306 1350 2671 1435 Avinione,
2719 1354 2786 1419 X
2833 1354 2924 1420 Kl
2993 1356 3406 1441 Decembris,
3452 1379 3626 1424 anno
3674 1366 3929 1448 quarto.

1314 1468 1435 1531 ηομ.
1474 1469 1568 1519 Aa.
1614 1470 1666 1519 r.
1705 1467 1793 1533 eo,
1829 1468 1969 1519 304».

890 1906 1085 1975 2198.
1843 1906 2021 1971 1374
2043 1953 2061 1989 ,
2108 1907 2465 1972 Decembris
2510 1910 2585 1989 4,
2635 1909 2995 1974 Avenionis.

1205 2062 1495 2145 Officiali
1531 2060 1712 2142 Traj.
1744 2059 2113 2142 mandatur,
2145 2067 2219 2123 ut
2251 2059 2532 2125 Hem-ico
2565 2060 2642 2124 de
2687 2061 3148 2142 „Boltholdia”
3177 2063 3228 2147 ¹)
3261 2062 3560 2128 monacho
3591 2068 3956 2130 monasterii

1116 2169 1185 2234 S.
1234 2167 1442 2232 Pauli
1494 2167 1708 2248 Traj.,
1755 2167 1865 2251 qui
1896 2169 2266 2250 prioratum
2313 2166 2469 2231 dicti
2513 2170 2880 2233 monasterii
2912 2190 3038 2253 per
3080 2170 3564 2254 resiqnationem
3610 2169 3838 2235 Leonii
3880 2172 3956 2239 de

1126 2272 1418 2356 „Nucia”
1444 2273 1499 2356 2)
1537 2279 1886 2351 υασαηιεηι,
1929 2271 2252 2335 monachis
2289 2271 2445 2335 dicti
2474 2275 2839 2336 monaste-rii
2868 2273 3150 2356 conferri
3176 2281 3534 2338 consuetum
3566 2282 3627 2339 et
3655 2276 3838 2340 ultra
3867 2279 3954 2341 12

1111 2381 1381 2463 florenos
1428 2381 1578 2443 auri
1622 2381 1955 2442 annuatim
2002 2399 2127 2442 non
2173 2379 2519 2460 valentem,
2566 2399 2609 2443 a
2653 2376 2953 2444 Johanne
2997 2380 3105 2460 (de
3151 2380 3335 2466 E'em)
3382 2380 3602 2446 abbate
3645 2382 3950 2466 obtinuit,

1113 2486 1374 2551 eundem
1423 2487 1793 2570 prioratum
1855 2483 2214 2566 confirmet,
2278 2505 2404 2549 non
2463 2484 2746 2549 obstante
2804 2486 2970 2571 qaod
3029 2488 3233 2571 ipsius
3291 2487 3547 2552 collatio
3608 2487 3697 2551 ad
3751 2488 3952 2553 sedem

1115 2594 1522 2679 apostolicam
1565 2591 1794 2674 fuisset
1836 2591 2148 2655 devoluta.

1114 2774 1407 2858 Dignum
1469 2772 1880 2837 arbitramur.
1911 2820 1926 2835 .
1954 2818 1971 2836 .
1998 2819 2015 2837 .
2085 2773 2242 2838 Dat.
2309 2773 2676 2858 Avinione,
2732 2775 2805 2840 Π
2850 2775 3021 2840 Non.
3069 2775 3488 2861 Decembris,
3535 2777 3957 2864 pontificatus

892 2881 1102 2948 nostri
1149 2899 1321 2945 anno
1370 2883 1625 2966 quarto.

1310 2996 1438 3060 Ray.
1470 2997 1571 3045 Ac.
1615 2997 1669 3044 T.
1704 2993 1793 3058 20,
1817 2995 1880 3059 s.
1914 2993 2030 3043 251.

1041 3126 1101 3191 1)
1136 3126 1547 3191 lntelligendum
1582 3124 1814 3174 videtur:
1847 3121 2128 3187 Boekholt,
2158 3122 2312 3186 cujus
2336 3125 2570 3175 nominis
2593 3126 2649 3175 in
2677 3125 2846 3188 patria
2870 3130 3051 3175 nostra
3077 3126 3208 3177 varii
3231 3131 3443 3178 exstant
3468 3126 3596 3187 loci,
3632 3127 3716 3178 vel
3740 3127 3970 3179 Bochold

877 3213 937 3264 in
973 3211 1265 3264 Westralia.
1467 3207 1522 3272 2)
1555 3207 1731 3258 Neues
1765 3207 1823 3257 in
1858 3207 2131 3272 provincia
2170 3205 2446 3259 Rhenana.

878 3629 1086 3699 2199.
1851 3633 2062 3715 1374,
2110 3632 2469 3697 Decembris
2512 3635 2586 3714 4,
2634 3633 2997 3697 Avenionis.

1213 3785 1352 3850 Pro
1410 3785 1729 3849 abbatissa
1773 3794 1833 3850 et
1876 3787 2157 3871 capitulo
2203 3787 2550 3851 saecularis
2595 3788 2881 3852 ecclesiae
2923 3789 2988 3851 in
3037 3785 3230 3852 Elten
3284 3785 3466 3867 Traj.
3511 3784 3700 3849 dioec.
3749 3784 3961 3867 infra-

1117 3895 1344 3978 scripti
1387 3891 1474 3956 ad
1521 3894 1861 3956 triennium
1906 3893 2298 3977 deputantur
2344 3900 2822 3959 conservatores.

1119 4076 1395 4142 Dilectis
1457 4075 1609 4139 filiis
1673 4124 1689 4139 .
1720 4123 1736 4138 .
1798 4081 2026 4140 sancte
2089 4074 2316 4140 Crucis
2380 4075 2768 4140 Leodiensis
2832 4082 2901 4142 et
2953 4123 2970 4141 .
3001 4123 3017 4139 .
3072 4075 3269 4142 beate
3315 4074 3522 4140 Marie
3570 4073 3650 4139 ad
3699 4073 3960 4139 Gradus

889 4182 1308 4250 Coloniensis
1356 4202 1430 4247 ac
1481 4229 1497 4246 .
1525 4228 1541 4245 .
1590 4182 1785 4247 beate
1830 4181 2038 4246 Marie
2085 4182 2528 4266 'trajectensis
2575 4182 2996 4248 ecclesiarum
3043 4181 3309 4248 decanis
3355 4181 3636 4246 salutem
3680 4188 3790 4245 etc.

1124 4289 1438 4354 Militanti
1487 4289 1782 4354 ecclesie.
1813 4336 1829 4353 .
1858 4336 1874 4352 .
1903 4336 1918 4352 .
1967 4288 2121 4352 Dat.
2169 4288 2537 4372 Avinione,
2583 4289 2654 4353 11
2699 4289 2872 4355 Non.
2919 4289 3336 4371 Decembris,
3386 4308 3558 4353 anno
3605 4292 3861 4374 quarto.

1309 4405 1437 4469 περ.
1471 4407 1570 4455 Aa.
1613 4406 1664 4454 T.
1703 4404 1792 4468 2⁶2,
1816 4406 1879 4470 s.
1912 4403 2017 4454 57v.

887 4839 1108 4909 2200.
1828 4840 2037 4922 1374,
2087 4837 2444 4903 Decembris
2492 4840 2607 4922 24,
2653 4840 3017 4905 Avenionis.

1224 4994 1660 5076 Confirmatur
1705 4992 2018 5057 decretum
2047 4994 2099 5078 ¹)
2148 4992 2371 5057 Caroli
2412 4995 2815 5078 imperatoris
2858 4992 3056 5079 (IV),
3102 5015 3222 5080 quo
3261 4994 3494 5059 scilicet
3531 4992 3838 5079 abroyata
3876 5002 3966 5058 est

1133 5103 1398 5186 antiqua
1456 5099 1830 5164 consuetudo
1849 5148 1866 5180 ,
1928 5100 2093 5184 quod
2137 5100 2294 5163 cives
2341 5106 2400 5163 et
2443 5101 2710 5164 vassalli
2762 5099 2945 5182 Traj.
2991 5120 3035 5163 a
3078 5099 3447 5165 criminibus
3490 5099 3968 5187 quibuscumque

1110 5227 1235 5292 per
1278 5206 1482 5270 solum
1528 5206 1812 5288 ipsorum
1839 5205 2292 5287 juramentum
2337 5224 2401 5268 se
2446 5224 2803 5290 expuryare
2848 5206 3149 5269 valerent.

1123 5389 1232 5457 Ad
1279 5394 1664 5476 perpetuam
1714 5389 1809 5454 rei
1855 5388 2253 5453 memoriam.

1123 5496 1310 5578 Hiis,
1375 5516 1503 5582 que
1552 5494 1913 5581 equitatem
1959 5493 2225 5579 sapiunt
2272 5498 2340 5557 et
2388 5493 2669 5558 salutem
2717 5492 3075 5579 respiciunt
3121 5492 3522 5578 animarum,
3585 5500 3661 5558 ut
3705 5493 3964 5560 illibata

897 5601 1290 5684 consistant,
1335 5601 1619 5666 libenter
1663 5598 1979 5665 adicimus
2025 5598 2366 5685 apostolici
2414 5597 2791 5662 muniminis
2838 5597 3236 5663 firmitatem.
3331 5598 3506 5665 Sane
3551 5599 3794 5686 peticio
3840 5620 3962 5686 pro
