4450 6684
1964 539 2455 608 Inrnonucrxo.
3607 555 3732 604 mn

687 749 944 817 derunt.
1039 751 1381 828 Quomodo
1446 760 1667 821 autem
1731 756 1971 821 nostris
2017 756 2086 820 in
2134 753 2431 842 partibus
2478 754 2805 841 applicata
2848 754 3080 839 fuerit,
3129 755 3447 821 nonnulla
3493 755 3727 821 saltem

683 854 1035 921 ostendant
1097 858 1476 945 specimina.
1568 859 1632 925 A
1695 860 2035 926 Clemente
2082 879 2255 946 papa
2298 858 2399 922 IV
2446 858 2718 944 ejusque
2766 858 2834 923 in
2881 859 3193 924 continuo
3243 858 3728 924 successoribus

680 979 885 1046 usque
959 960 1043 1025 ad
1111 961 1487 1029 «Iohannem
1558 964 1766 1029 XXII
1828 964 2041 1028 nullas
2102 962 2368 1028 omnino
2432 960 2645 1027 editas
2704 963 2929 1027 literas
2986 962 3323 1045 novimus,
3370 962 3609 1048 quibus
3653 962 3725 1028 in

678 1064 1059 1152 episcopatu
1105 1066 1516 1151 Trajectensi
1560 1066 1954 1133 beneficium
2001 1067 2515 1132 ecclesiasticum
2562 1064 2810 1131 directe
2843 1065 3152 1131 collatum
3183 1066 3290 1131 vel
3318 1071 3725 1132 reservatum

678 1167 894 1234 fuerit.
986 1168 1099 1234 Nil
1159 1169 1339 1235 aliud
1400 1170 1714 1256 legimus,
1780 1191 1973 1256 quam
2036 1169 2327 1235 Johanni
2374 1168 2458 1234 de
2505 1168 2737 1255 Syrick
2785 1190 2824 1233 a
2869 1169 3141 1234 Nicolao
3188 1190 3361 1256 papa
3404 1169 3505 1234 IV
3551 1190 3724 1234 com-

677 1272 940 1336 missam
1010 1293 1153 1338 esse
1225 1273 1640 1358 facultatem,
1710 1275 1779 1340 in
1850 1274 2122 1359 singulis
2193 1294 2351 1340 suae
2413 1272 2790 1339 dioeceseos
2843 1273 3135 1339 ecclesiis
3181 1274 3543 1359 collegiatis
3588 1295 3724 1339 non

679 1376 1004 1462 exemptis
1067 1375 1459 1463 disponendi
1519 1376 1602 1443 de
1666 1378 2057 1443 canonicatu
2114 1382 2182 1443 et
2227 1376 2606 1465 praebenda
2649 1379 2854 1461 (num.
2905 1378 3098 1461 401),
3149 1376 3495 1464 eidemque
3542 1399 3726 1443 man·-

678 1477 904 1544 datum
974 1480 1173 1546 fnisse
1242 1502 1283 1546 a
1350 1481 1723 1548 Coelestino
1791 1483 1887 1565 V,
1958 1487 2034 1546 ut
2101 1482 2392 1548 Hem-ico
2465 1480 2546 1546 de
2618 1482 2937 1547 Sutvenia
3003 1483 3278 1570 pauperi
3345 1482 3579 1549 clerico
3650 1485 3722 1549 in

677 1583 954 1649 ecclesia
1020 1584 1086 1651 S.
1162 1585 1518 1651 Salvatoris
1585 1587 1992 1672 TraJectensi
2055 1586 2136 1651 de
2198 1586 2522 1652 beneficio
2585 1585 2831 1652 faceret
2890 1584 3220 1673 provideri
3283 1587 3487 1669 (num.
3538 1589 3719 1671 413).

673 1685 932 1753 Deinde
993 1687 1298 1754 Clemens
1360 1711 1531 1776 papa
1591 1690 1657 1754 V
1716 1690 1978 1754 nonnisi
2039 1690 2524 1756 interveniente
2587 1690 2898 1776 priusque
2954 1689 3365 1776 supplicante
3413 1690 3717 1757 Guidone

673 1791 977 1879 episcopo
1025 1792 1345 1879 quaedam
1392 1793 1464 1858 in
1510 1793 1793 1859 dioecesi
1840 1794 2248 1880 Trajectensi
2295 1792 2616 1857 beneficia
2661 1793 2941 1857 contulit
2987 1794 3261 1876 (numm.
3311 1795 3719 1878 518—519).

670 1893 763 1959 At
825 1915 1063 1961 novam
1123 1896 1298 1985 apud
1359 1918 1477 1962 nos
1524 1896 1934 1984 disciplinam
1981 1899 2048 1963 in
2097 1896 2509 1963 conferendis
2558 1901 2627 1961 et
2672 1895 3082 1961 reservandis
3129 1895 3466 1962 beneficiis
3512 1899 3718 1966 eccle-

669 1998 944 2064 siasticis
991 2000 1360 2065 introduxit
1404 2001 1449 2067 J
1453 2002 1745 2067 ohannes
1789 2022 1961 2089 papa
2006 2001 2244 2083 XXII,
2291 2001 2405 2086 qui
2451 2020 2585 2065 non
2633 2002 2843 2065 solum
2889 1999 3342 2067 intercedente
3385 2001 3712 2068 ordinario

670 2101 976 2190 episcopo
1039 2103 1121 2170 de
1182 2103 1519 2170 beneficiis
1579 2106 2113 2191 Trajectensibus
2177 2105 2501 2192 disposuit
2546 2106 2635 2189 (v.
2683 2125 2778 2189 gr.
2828 2125 3073 2170 numm.
3124 2107 3287 2187 528,
3337 2108 3500 2192 532,
3551 2108 3713 2193 679,

671 2207 798 2270 683
821 2255 838 2290 ,
913 2209 1107 2291 892),
1179 2207 1294 2274 sed
1364 2210 1563 2275 etiam
1633 2229 1938 2298 suprema
2004 2230 2124 2275 sua
2191 2208 2583 2302 auctoritate
2646 2206 2728 2272 ad
2788 2207 3048 2273 libitum
3110 2230 3269 2274 usus
3329 2213 3716 2299 quamplura

667 2309 988 2376 beneficia
1034 2310 1279 2378 directe
1326 2314 1607 2378 contulit
1653 2334 1903 2400 suoque
1948 2313 2309 2379 reservavit
2356 2312 2646 2377 arbitrio.
2711 2312 2922 2386 Quem
2968 2312 3353 2400 plerumque
3400 2314 3712 2383 adhibere

671 2413 926 2479 solebat
985 2416 1351 2481 collationis
1411 2415 1644 2481 modus
1707 2422 1880 2482 erat:
1947 2417 2243 2482 conferre
2301 2417 2373 2482 in
2426 2416 2648 2502 aliqua
2693 2416 2970 2482 ecclesia
3015 2418 3470 2483 canonicatum
3524 2441 3714 2501 „cum

670 2517 1081 2603 plenitudine
1140 2520 1310 2605 juris
1380 2521 1675 2585 canonici
1693 2519 1756 2604 ,”
1818 2541 2156 2587 reservare
2220 2526 2447 2585 autem
2507 2518 2950 2608 praebendam
2997 2522 3476 2608 quamprimum
3522 2545 3712 2591 vaca-

668 2625 911 2704 turam,
959 2643 1155 2708 quam
1201 2623 1404 2688 cliens
1447 2625 1699 2712 papalis
1746 2623 2215 2712 acceptandam
2262 2629 2528 2711 putaret
2572 2624 2663 2708 (v.
2708 2645 2803 2709 gr.
2845 2643 3089 2689 numm.
3125 2626 3286 2708 533,
3321 2627 3710 2713 561-564,

667 2724 844 2808 580).
937 2726 1136 2792 Hunc
1195 2727 1266 2791 in
1329 2728 1595 2794 modum
1640 2729 1814 2794 illico
1862 2729 2144 2795 conferri
2189 2728 2400 2793 solum
2448 2727 2732 2793 officium
2781 2727 3322 2812 ecclesiasticum,
3371 2751 3507 2795 non
3552 2752 3709 2798 vero

664 2827 1054 2897 beneficium
1127 2833 1351 2899 stricte
1414 2832 1701 2917 dictum,
1764 2833 1941 2921 quod
2004 2834 2139 2899 suis
2202 2853 2350 2898 cum
2396 2831 2826 2918 proventibus
2869 2853 3079 2918 usque
3127 2831 3210 2898 ad
3258 2831 3482 2900 datam
3529 2855 3712 2901 occa-

665 2934 913 3000 sionem
961 2938 1331 3022 exspectari
1377 2943 1740 3025 oporteret,
1786 2938 1980 3004 facile
2024 2936 2438 3022 intelligitur.

883 3040 1069 3105 Inter
1134 3039 1488 3126 dignitates
1551 3042 1982 3130 principales,
2046 3062 2209 3128 quas
2256 3040 2497 3105 nostris
2539 3040 2610 3106 in
2659 3040 2955 3127 partibus
3002 3039 3305 3106 Summos
3348 3041 3708 3109 Pontifices

662 3139 1069 3210 distribuisse
1137 3146 1439 3211 novimus
1462 3195 1480 3229 ,
1547 3145 1810 3212 silentio
1873 3145 1980 3211 hic
2035 3145 2395 3234 praeterire
2441 3144 2598 3209 licet
2644 3142 3033 3229 dignitatem
3081 3147 3222 3208 tum
3269 3144 3705 3232 episcopalem

660 3266 804 3310 cum
866 3247 1298 3332 abbatialem;
1365 3249 1447 3315 de
1510 3254 1789 3337 utraque
1853 3249 2028 3315 enim
2091 3269 2132 3314 a
2193 3247 2368 3317 Sede
2429 3247 2812 3335 Apostolica
2868 3245 3232 3313 identidem
3279 3248 3518 3314 collata
3561 3251 3706 3315 fuse

648 3351 793 3434 jam
862 3351 1115 3438 egimus
1141 3353 1217 3438 1).
1307 3355 1545 3420 Restat
1610 3356 1845 3440 igitur,
1914 3358 1992 3419 ut
2058 3352 2143 3420 de
2211 3353 2667 3441 praepositura
2734 3356 2803 3417 et
2872 3350 2955 3417 de
3024 3350 3350 3418 decanatu
3410 3372 3704 3419 seorsum

655 3452 1015 3541 loquamur.

880 3559 1095 3646 Major
1137 3568 1289 3649 post
1348 3562 1784 3649 episcopalem
1837 3560 2123 3649 dignitas
2170 3569 2274 3628 est
2318 3560 2774 3650 praepositura
2817 3560 2951 3642 (oui
2996 3560 3380 3648 plerumque
3426 3582 3702 3629 connec-

656 3663 816 3729 titur
876 3664 1465 3750 archidiaconatus)
1524 3667 1596 3732 in
1643 3667 1919 3732 ecclesia
1965 3666 2333 3752 collegiata.
2425 3665 2723 3731 Primum
2766 3663 2931 3729 haec
2978 3662 3265 3749 dignitas
3311 3686 3351 3730 a
3397 3666 3699 3733 Romano

654 3767 975 3835 Pontifioe
1021 3768 1197 3856 apud
1243 3790 1365 3835 nos
1411 3770 1650 3836 collata
1692 3770 1892 3835 fuisse
1939 3770 2182 3855 legitur
2219 3768 2290 3835 a⁰
2325 3770 2528 3852 1322,
2577 3789 2725 3834 cum
2754 3768 2827 3832 in
2857 3767 3133 3833 ecclesia
3162 3767 3227 3832 b.
3261 3767 3509 3835 Mariae
3541 3770 3700 3836 Tra-

644 3873 929 3960 jectensi
972 3879 1237 3939 vacaret
1282 3894 1403 3962 per
1448 3873 1701 3939 obitum
1732 3874 2006 3939 Henrici
2046 3872 2128 3939 de
2167 3872 2493 3958 Teghele,
2536 3870 2652 3937 sed
2692 3877 2876 3935 motu
2907 3871 3201 3959 proprio,
3233 3872 3418 3936 nulla
3448 3872 3699 3940 scilicet

652 3978 965 4043 canonica
1008 3979 1263 4043 ratione
1310 3985 1618 4064 urgente,
1657 3980 1798 4064 jam
1846 3982 2044 4042 antea
2089 3975 2424 4042 collationi
2467 3973 2656 4040 Sedis
2685 3973 3109 4061 Apostolicae
3150 3980 3326 4040 esset
3364 3982 3698 4044 reservata

653 4083 925 4165 (numm.
997 4082 1402 4165 613—614).
1494 4081 1681 4146 Idem
1747 4080 2087 4148 Jobannes
2155 4101 2329 4167 papa
2390 4078 2599 4144 XXII
2657 4079 2927 4166 insuper
2985 4077 3309 4165 disposuit
3367 4077 3451 4145 de
3510 4102 3698 4168 prae-

650 4186 944 4272 positura
986 4185 1056 4250 in
1104 4185 1395 4251 ecclesiis
1439 4184 1916 4269 Ambemensi,
1958 4183 2277 4267 Elstensi,
2308 4182 2772 4249 Daventriensi
2805 4183 3078 4265 (numm.
3122 4183 3282 4264 869,
3319 4184 3480 4266 871,
3513 4185 3695 4268 878).

870 4289 1186 4355 Similiter
1245 4287 1572 4354 ordinavit
1632 4287 2033 4353 Benedictus
2079 4308 2253 4374 papa
2296 4286 2436 4354 XII
2482 4285 2565 4352 de
2611 4285 3064 4374 praepositura
3107 4285 3172 4350 b.
3219 4285 3489 4351 Martini
3537 4286 3696 4352 Tra-

637 4394 953 4480 jeotensis
996 4394 1204 4476 (num.
1240 4393 1430 4476 952),
1479 4392 1721 4479 quippe
1768 4412 1963 4478 quam
2005 4394 2148 4478 ejus
2188 4391 2652 4479 praedecessor
2682 4388 3014 4454 collationi
3049 4386 3239 4454 Sedis
3273 4389 3693 4475 Apostolicae

644 4503 828 4563 motu
886 4498 1150 4585 proprio
1211 4502 1630 4563 reservasset.
1722 4495 1895 4569 Item
1941 4494 2247 4561 Clemens
2292 4514 2466 4582 papa
2521 4493 2622 4558 VI
2667 4491 2751 4557 de
2796 4491 3252 4579 praepositura
3293 4492 3360 4559 b.
3406 4492 3690 4577 Mariae,

645 4625 791 4669 cum
839 4600 908 4669 a⁰
958 4603 1129 4667 1342
1192 4623 1312 4689 per
1355 4606 1634 4665 mortem
1678 4600 2035 4685 Ingeranni
2082 4598 2165 4664 de
2211 4599 2473 4664 Fiesses
2517 4602 2783 4662 vacaret
2828 4597 3035 4680 (num.
3088 4596 3328 4680 1036);
3376 4594 3459 4662 de
3505 4618 3691 4685 prae·

643 4708 935 4794 positura
993 4705 1402 4772 Embricensi
1419 4752 1436 4787 ,
1499 4724 1696 4789 quam
1759 4724 1906 4768 cum
1970 4702 2248 4768 ecclesia
2307 4699 2664 4789 parochiali
2709 4697 3266 4785 incompatibilem
3313 4698 3690 4767 Walramus

642 4810 725 4878 de
791 4811 1051 4878 Moerse
1119 4806 1523 4896 aliquamdiu
1582 4805 1964 4893 possederat
2024 4806 2231 4890 (num.
2290 4804 2524 4888 1122);
2582 4802 2665 4868 de
2709 4802 3179 4889 praeposituris
3226 4801 3688 4870 Oldenzalensi

642 4921 710 4982 et
755 4916 823 4982 S.
871 4913 1230 4983 Salvatoris
1275 4911 1717 4998 Trajectensis
1741 4958 1760 4994 ,
1819 4909 1944 4975 sibi
1982 4911 2122 4996 jam
2170 4914 2369 4975 antea
2413 4907 2762 4974 reservatis
2808 4908 3082 4991 (numm.
3137 4908 3301 4971 1141
3343 4914 3412 4973 et
3448 4909 3683 4993 1185);

642 5018 722 5085 de
782 5017 1233 5107 praepositura
1298 5015 1366 5081 S.
1429 5015 1615 5081 Petri
1680 5013 2120 5100 TraJectensis
2183 5017 2423 5099 utpute
2467 5015 2744 5076 vacante
2790 5030 2909 5097 per
2952 5009 3363 5095 illegitimam
3411 5031 3685 5098 oocupa-

639 5124 886 5188 tionem
955 5123 1162 5206 (num.
1237 5119 1473 5203 1234);
1544 5118 1627 5183 de
1699 5117 2154 5205 praepositura
2218 5115 2723 5198 Daventriensi,
2778 5134 2926 5179 cum
2980 5111 3314 5178 Anibaldo
3374 5115 3682 5201 episcopo

639 5227 1007 5292 Tusculano
1056 5223 1365 5289 defuncto
1414 5227 1590 5287 esset
1632 5242 1841 5287 vacua
1885 5222 2090 5305 (num.
2145 5221 2367 5304 1389).

859 5329 1036 5406 Quas
1084 5324 1324 5392 deinde
1371 5327 1857 5412 praeposituras
1889 5344 2098 5411 usque
2129 5323 2212 5388 ad
2244 5344 2349 5389 an.
2393 5324 2565 5388 1378
2598 5322 2935 5388 Romanos
2964 5318 3323 5385 Pontifices
3354 5318 3529 5406 apud
3559 5340 3680 5385 nos

795 5641 856 5708 1)
890 5641 994 5693 Cfr.
1030 5654 1190 5704 supra
1226 5639 1429 5691 Introd.
1464 5653 1513 5702 p.
1550 5636 1727 5687 xxm
1762 5651 1873 5701 seq.
1908 5642 1963 5688 et
2002 5634 2244 5686 xxxv1.

3768 3563 4047 3631 Disnffltoe

3753 3635 3884 3699 apud
3915 3651 4003 3685 nos
4036 3653 4066 3685 a

3716 3699 3848 3767 Papa
3870 3703 4094 3753 collatae.
