4450 6684
753 426 839 490 86
1977 421 2436 487 Inoo-smus
2480 419 2600 484 VI.

985 638 1377 705 Laudabilia
1437 637 1805 725 probitatis.
1835 684 1851 701 .
1882 686 1897 701 .
1926 685 1942 702 .
2006 637 2160 703 Dat.
2224 636 2399 723 apud
2447 636 2931 703 villamnovam
2978 643 3087 701 etc.
3108 685 3126 717 ‚
3181 634 3389 702 V'HII
3436 634 3545 700 Kl.
3593 633 3639 700 J
3641 631 3781 698 unii
3799 680 3819 718 ,

754 766 928 811 anno
976 746 1230 832 quinto.

1172 878 1298 941 περ.
1331 878 1431 927 Ao.
1474 878 1529 927 T.
1561 874 1655 938 15,
1678 877 1741 940 s.
1775 873 1888 926 450.

750 1370 942 1440 1588.
1639 1372 1844 1453 1357,
1892 1369 2088 1435 Junii
2132 1373 2211 1453 4,
2262 1391 2369 1454 ap.
2433 1368 2922 1434 Villamnovam.

1066 1524 1336 1589 Nicolao
1405 1521 1578 1587 Hert
1638 1521 2008 1610 presbytero
2087 1521 2270 1606 Traj.
2340 1521 2530 1586 dioec.
2602 1521 2960 1586 conceditur
3013 1524 3425 1608 privileyium
3473 1521 3811 1606 plenariae

971 1634 1247 1696 omnium
1284 1638 1689 1716 peccatorum
1733 1631 2117 1694 remissionis
2162 1630 2233 1693 in
2278 1629 2552 1693 articulo
2600 1631 2843 1693 mortis.

970 1812 1288 1879 Provenit
1332 1833 1439 1878 ox.
1470 1860 1485 1875 .
1516 1860 1530 1874 .
1564 1859 1580 1876 .
1629 1810 1782 1876 Dat.
1830 1810 2006 1898 apud
2054 1810 2538 1877 villamnovam
2578 1817 2687 1873 etc.
2708 1857 2727 1892 ‚
2775 1808 2846 1873 H
2874 1808 3047 1874 Non.
3079 1808 3294 1893 Junii,
3344 1829 3516 1874 anno
3552 1808 3804 1895 quinto.

1161 1946 1282 2008 περ.
1320 1947 1417 1994 Av.
1462 1947 1519 1995 r.
1551 1943 1643 2007 15,
1670 1945 1731 2008 f.
1767 1942 1907 1994 3370.

746 2439 940 2506 1584.
1623 2440 1833 2522 1357,
1881 2440 2076 2504 Junii
2121 2441 2242 2520 13,
2289 2461 2395 2524 ap.
2458 2440 2947 2506 Villamnovam.

1064 2591 1297 2675 Eqidio
1361 2591 1437 2654 cle
1482 2590 1879 2655 Lomervanz
1942 2589 2163 2655 Caroli
2230 2591 2665 2655 Romanorum
2731 2589 3150 2676 Imperatoris
3216 2591 3676 2675 consanyuineo
3747 2594 3808 2653 et

971 2698 1159 2761 Petri
1221 2699 1315 2760 tit.
1383 2696 1451 2760 S.
1518 2698 1905 2761 Anastasiae
1937 2697 2298 2781 presbyteri
2347 2696 2717 2761 Cardinalis
2764 2697 3092 2781 capellano
3139 2698 3431 2762 continuo
3478 2695 3806 2779 confertur

968 2803 1371 2865 canonicatus
1432 2808 1491 2865 et
1550 2807 1914 2865 reservatur
1962 2800 2329 2885 praebenda
2376 2802 2445 2864 in
2490 2802 2745 2865 ecclesia
2798 2800 3204 2885 Trajectensi.
3257 2837 3340 2849 —-
3388 2800 3804 2886 Deputantur

964 2915 1331 2971 executores,

968 3090 1296 3156 Nobilitas
1344 3090 1624 3177 generis.
1653 3136 1669 3153 .
1697 3138 1714 3154 .
1744 3137 1760 3154 .
1807 3089 1962 3156 Dat.
2010 3088 2185 3176 apud
2214 3087 2701 3155 Villamnovam
2732 3096 2841 3152 etc.
2861 3137 2879 3171 ,
2924 3086 3023 3152 Id.
3057 3085 3103 3152 J
3105 3088 3271 3171 unii,
3319 3108 3493 3153 anno
3529 3088 3781 3175 quinto.

1160 3224 1285 3286 seq.
1318 3225 1414 3273 Aa.
1461 3225 1516 3274 T.
1553 3221 1643 3288 15,
1671 3224 1733 3287 s.
1767 3222 1847 3272 73.

741 3718 933 3786 1585.
1618 3722 1819 3803 1357,
1866 3720 2060 3785 Junii
2103 3721 2221 3803 13,
2271 3740 2376 3804 ap.
2443 3717 2930 3784 Villamnovam.

1058 3872 1326 3959 Huqoni
1376 3873 1647 3960 Uustiny
1687 3877 1982 3940 canonico
2022 3872 2438 3956 Trajectensi‚
2483 3875 2553 3938 in
2589 3880 2860 3958 utroque
2886 3874 3047 3955 jure
3087 3873 3434 3953 licentiato,
3476 3871 3806 3953 confertur

953 3978 1322 4063 praebenda
1384 3983 1454 4044 in
1518 3983 1771 4045 ecclesia
1842 3980 2232 4064 Trajectemi
2290 3999 2519 4043 vacans
2569 4001 2694 4064 per
2754 3980 2985 4044 obitum
3047 3977 3367 4044 Johannis
3414 3977 3684 4061 Spirinc
3715 3977 3804 4059 1),

963 4083 1188 4148 ibidem
1251 4089 1534 4151 canonici
1594 4094 1653 4149 et
1714 4086 2197 4172 choriepiscopi,
2262 4088 2443 4168 cujus
2506 4085 2797 4168 beneficia
2852 4084 2952 4149 die
2997 4087 3085 4149 23
3132 4086 3415 4169 Auqusti
3458 4105 3569 4148 an.
3625 4083 3805 4148 1354

966 4189 1300 4254 donationi
1343 4191 1507 4255 seclis
1554 4193 1935 4275 apostolicae
1979 4198 2164 4255 erant
2209 4198 2547 4255 reservata.
2597 4191 2892 4255 Decanus
2929 4192 3093 4255 enim
3125 4198 3183 4254 et
3212 4191 3563 4275 capitulum
3601 4188 3808 4253 dictae

962 4297 1246 4359 ecclesiae
1264 4344 1281 4377 ‚
1344 4297 1459 4381 qui
1522 4295 1712 4379 hujus
1772 4298 2211 4361 reservationis
2274 4298 2491 4381 iynari
2552 4297 2809 4360 eandem
2867 4296 3297 4381 praebendam
3360 4294 3629 4380 Huqoni
3654 4296 3805 4378 jam

963 4400 1398 4481 contulerant,
1447 4402 1655 4484 ipsam
1700 4400 2199 4482 confirmandam
2244 4403 2714 4487 supplicarunt.
2768 4438 2850 4450 —
2898 4401 3315 4486 Deputantur
3359 4407 3735 4466 executores.

966 4582 1369 4646 Litterarum
1434 4580 1727 4646 scientia.
1760 4628 1776 4645 .
1805 4627 1820 4645 .
1851 4627 1867 4645 .
1937 4581 2087 4646 Non
2149 4583 2564 4649 obstantibus
2614 4631 2629 4647 .
2659 4631 2674 4647 .
2704 4630 2719 4647 .
2752 4631 2767 4648 .
2815 4582 2990 4669 quod
3039 4584 3494 4649 canonicatum
3540 4589 3609 4649 ot
3662 4605 3807 4670 pre·

743 4684 1027 4751 bondam
1074 4685 1347 4750 ecclesie
1395 4688 1464 4750 in
1513 4686 1718 4750 Horst
1765 4708 1841 4751 ao
1887 4687 2356 4772 parrochialem
2397 4689 2770 4770 ecclesisin
2802 4689 3008 4777 Lopio
3038 4688 3479 4773 Trajeotensis
3513 4688 3798 4755 diocesis

755 4791 1041 4856 nosceris
1090 4791 1407 4855 obtinere.
1436 4837 1451 4854 .
1482 4838 1496 4853 .
1529 4838 1545 4854 .
1593 4791 1749 4855 Dat.
1799 4790 1974 4878 apud
2020 4791 2502 4858 villamnovam
2550 4801 2692 4877 etc„
2740 4794 2838 4858 Id.
2887 4793 3101 4876 Junii,
3150 4813 3323 4858 anno
3371 4793 3623 4879 quinto.

1163 4925 1283 4988 Req.
1321 4926 1418 4975 Ao.
1464 4927 1518 4975 T.
1551 4923 1644 4988 17,
1669 4926 1732 4989 s.
1765 4923 1903 4976 546v.

897 5067 952 5130 1)
989 5066 1158 5118 Codex
1195 5065 1382 5117 habet:
1419 5066 1483 5115 de
1519 5065 1742 5131 Spirma
