4450 6684
1797 518 2256 583 Iunonem-ms
2310 515 2428 581 VI.
3564 510 3650 573 89

590 743 781 812 1596.
1542 741 1757 820 1358,
1806 737 2150 802 Februarii
2194 738 2275 818 8,
2324 736 2689 800 Avenionis.

902 896 1237 961 Bernardo
1296 894 1374 959 de
1436 894 1819 959 Castrobono
1881 892 2212 973 confertur
2262 894 2652 973 personatus
2714 885 2790 950 de
2852 884 3124 949 Narden
3195 883 3377 968 Traj.
3424 882 3614 948 dioec.
3631 929 3651 965 ‚

814 1024 998 1089 quem
1045 1001 1376 1067 Johannes
1421 999 1497 1064 de
1546 997 1930 1063 Oastrobono
1975 997 2342 1080 resiynavit.
2393 1030 2474 1042 —
2523 992 2941 1077 Deputantur
2985 997 3357 1055 executores.

813 1183 1176 1249 Probitatie
1223 1188 1309 1248 et.
1341 1227 1359 1246 .
1387 1229 1404 1245 .
1432 1228 1449 1246 .
1497 1180 1650 1246 Dat.
1704 1179 2071 1262 Avinione,
2119 1177 2219 1242 VI
2266 1175 2366 1241 Id.
2416 1175 2796 1257 Februarii,
2844 1194 3018 1240 anno
3067 1177 3278 1238 sexto.

1007 1318 1129 1380 1209.
1164 1318 1263 1366 Ao.
1305 1317 1362 1366 r.
1393 1314 1486 1378 18,
1510 1317 1571 1381 s.
1605 1313 1745 1364 432».

594 1806 777 1873 ¹597.
1533 1805 1744 1886 1358,
1792 1801 2136 1866 Februarii
2179 1802 2298 1883 12,
2348 1800 2712 1864 Avenionis.

906 1957 1229 2044 Stephano
1296 1956 1374 2021 de
1439 1956 1885 2041 Everdinyhen
1954 1956 2289 2040 confertur
2354 1956 2932 2043 choriepiscopatus
3002 1960 3070 2021 in
3139 1958 3394 2022 ecclesia
3471 1956 3661 2040 Traj.

815 2085 1046 2131 vacans
1102 2085 1229 2150 per
1296 2063 1531 2128 obitum
1598 2062 1921 2127 Johannis
1991 2062 2067 2127 de
2136 2063 2399 2148 Spirinc
2466 2072 2526 2128 et
2595 2067 2639 2128 6
2706 2064 3094 2146 florenorum
3161 2066 3313 2128 auri
3377 2064 3657 2129 valorem

813 2191 1100 2235 annuum
1144 2189 1271 2235 non
1317 2168 1628 2234 excedens.
1681 2206 1764 2217 —
1811 2168 2231 2255 Deputantur
2275 2178 2649 2236 executores.

814 2350 1175 2416 Probitatie
1237 2355 1306 2415 et
1368 2350 1707 2415 virtutum.
1736 2399 1751 2414 .
1781 2398 1795 2414 .
1828 2399 1842 2415 .
1909 2352 2060 2417 Non
2125 2353 2541 2418 obstantibus
2605 2404 2620 2419 .
2646 2399 2663 2417 .
2693 2400 2709 2416 .
2736 2399 2753 2417 .
2810 2350 2986 2439 qnod
3033 2351 3105 2416 in
3153 2350 3330 2416 dieta
3376 2352 3659 2418 eeclesia

595 2456 1049 2523 canonicatum
1097 2463 1166 2523 et
1196 2456 1596 2544 prebendam
1630 2459 1920 2523 nosceris
1953 2460 2274 2525 obtinere.
2305 2509 2320 2524 .
2349 2507 2366 2525 .
2399 2508 2415 2524 .
2462 2459 2615 2525 Dat.
2649 2459 3012 2540 Avinione,
3044 2457 3116 2523 11
3144 2456 3244 2523 Id.
3279 2458 3660 2543 Februarii,

595 2585 767 2631 anno
813 2570 1026 2629 sexto.

1010 2681 1135 2745 Ray.
1170 2683 1270 2733 Av.
1312 2677 1373 2730 T.
1406 2680 1497 2745 18,
1524 2684 1585 2748 s.
1620 2681 1756 2732 203⁶.

594 3166 1052 3235 1598—1599.
1530 3169 1711 3233 1358
1727 3217 1745 3251 ,
1793 3168 2139 3233 Februarii
2180 3170 2272 3232 22
2289 3218 2308 3253 ,
2354 3170 2719 3236 Avenioms.

906 3323 991 3386 A.
1065 3320 1358 3385 Gerardo
1431 3320 1806 3385 Theodorici
1867 3321 2291 3402 conferuntur
2349 3328 2757 3387 canonicatus
2816 3329 2878 3386 et
2909 3320 3279 3407 praebenda
3325 3342 3466 3386 cum
3511 3341 3664 3407 sup·

806 3428 1127 3512 plemento
1174 3428 1245 3491 in
1290 3427 1545 3491 ecclesia
1599 3426 1782 3510 Traj.
1829 3433 2121 3492 vacantes
2155 3448 2283 3513 per
2327 3429 2813 3513 resi9nationem
2847 3428 3128 3493 Goswini
3164 3428 3240 3493 de
3269 3427 3662 3514 Duisborqh.

904 3533 984 3597 Β.
1060 3532 1355 3598 Gerardo
1386 3532 1548 3597 Foec
1577 3533 2000 3614 conferuntur
2030 3536 2442 3599 canonicatus
2473 3541 2532 3599 et
2559 3534 2931 3620 praebenda
2961 3535 3248 3599 ecclesiae
3279 3533 3347 3599 S.
3380 3533 3665 3600 Martini

820 3638 1274 3723 Embricensis,
1308 3660 1472 3725 quas
1504 3639 1839 3704 Gerardus
1876 3639 2251 3704 Theodorici
2283 3643 2647 3726 resiynavit.
2685 3678 2766 3689 —
2799 3640 2940 3706 Pro
2969 3654 3240 3726 utroque
3268 3641 3666 3726 deputantur

824 3752 1195 3810 executores.

817 3930 1201 4018 Apostoliee
1250 3928 1447 3995 sedis.
1474 3975 1492 3994 .
1520 3976 1537 3994 .
1566 3976 1582 3993 .
1631 3927 1785 3994 Dat.
1833 3929 2165 3995 Avinione
2186 3978 2204 4005 ‚
2252 3928 2425 3996 VIII
2470 3928 2582 3994 111.
2629 3928 2892 4005 Marcii,
2942 3948 3115 3994 anno
3164 3935 3377 3994 sexto.

1013 4065 1140 4129 περ.
1173 4066 1271 4116 Au.
1316 4066 1372 4117 r.
1405 4062 1496 4130 18,
1523 4066 1584 4130 f·
1619 4062 1927 4115 401—4012.

596 4547 795 4620 1600.
1625 4552 1838 4632 1358,
1888 4547 2057 4633 Maji
2101 4549 2187 4612 14
2202 4596 2221 4633 ‚
2270 4550 2636 4614 Avenioms.

906 4707 1202 4773 Johanni
1244 4707 1352 4792 (de
1402 4705 1623 4792 Oeye),
1673 4724 1858 4791 quem
1905 4703 2186 4768 Henrico
2235 4702 2344 4786 (de
2389 4702 2740 4788 Bocchout)
2781 4701 3001 4767 abbate
3035 4702 3334 4786 defuncto
3364 4705 3663 4772 monachi

816 4815 1186 4879 monasterii
1216 4812 1283 4878 S.
1311 4812 1519 4878 Pauli
1550 4810 1736 4893 Traj.
1768 4810 2150 4895 apostolicae
2178 4811 2623 4874 reservationis
2652 4810 2870 4894 iynari
2898 4811 2967 4874 in
2998 4809 3281 4876 abbatem
3309 4811 3662 4898 eleqerunt,

818 4920 1149 5003 confertur
1192 4918 1448 4984 abbatia
1493 4918 1767 5002 ejusdem
1814 4917 2215 4999 monasterii,
2265 4935 2458 5001 quam
2503 4915 2796 4981 dominus
2840 4915 3036 5001 Papa
3061 4919 3212 5000 jam
3255 4916 3497 4984 dudum
3539 4919 3663 4984 sibi

818 5034 1266 5092 reservaverat.
1330 5062 1414 5075 —
1474 5024 1674 5108 Cujus
1717 5023 2168 5088 nominationis
2213 5029 2548 5087 conventus
2565 5070 2583 5105 ‚
2644 5024 2914 5087 vassalli
2955 5030 3016 5088 et
3059 5023 3452 5109 (Johannes)
3498 5029 3662 5113 epis·

815 5153 1006 5219 copus
1059 5131 1241 5218 Traj.
1287 5130 1649 5196 redduntur
1694 5130 2006 5193 certiores.

813 5316 1075 5382 Dilecto
1140 5314 1277 5381 filio
1337 5313 1383 5380 J
1386 5313 1630 5379 ohanni
1692 5311 1916 5378 abbati
1981 5309 2365 5375 monasterii
2426 5311 2637 5376 sancti
2682 5310 2876 5375 Pauli
2920 5309 3359 5396 Trajeetensie
3407 5312 3654 5378 ordinis

598 5424 807 5489 saneti
849 5422 1198 5489 Benedicti
1243 5421 1524 5487 salutem
1573 5427 1684 5485 etc.

821 5529 1123 5616 suscepti
1169 5547 1345 5593 eura.
1371 5573 1391 5593 .
1419 5573 1437 5592 .
1462 5572 1480 5591 .
1528 5526 1683 5592 Dat.
1731 5522 2099 5605 Avinione,
2149 5522 2220 5587 H
2267 5521 2368 5587 Id.
2415 5521 2614 5608 Maji,
2661 5541 2836 5586 anno
2883 5527 3097 5587 sexto.

824 5637 911 5703 In
955 5658 1006 5704 e.
1053 5658 1138 5701 m.
1187 5635 1443 5701 dilectis
1490 5633 1641 5699 filiis
1688 5631 2041 5697 conventui
2091 5629 2473 5694 monasterii
2520 5629 2729 5693 saneti
2774 5628 2965 5694 Pauli
3012 5675 3029 5693 .
3056 5675 3073 5693 .
3099 5673 3119 5694 .
3145 5673 3163 5692 .
3212 5630 3491 5698 salutem
3538 5640 3650 5698 etc.

816 5773 906 5834 11.
3360 5766 3436 5826 12
