4450 6684
888 507 1013 570 194
2122 508 2531 578 Gnneoams
2575 511 2698 578 XI.

882 733 1069 814 parte
1118 729 1496 793 eorumdem
1544 729 1727 795 ducis
1774 736 1843 795 et
1888 729 2148 796 ducisse
2197 732 2385 797 nobis
2433 734 2559 799 fuit
2605 736 2942 801 humiliter
2979 737 3449 823 supplicatum,
3500 744 3575 802 ut
3614 738 3942 824 premissis

879 835 1080 900 robur
1126 835 1645 901 confirmacionis
1695 836 1951 903 adicere
2001 838 2082 903 de
2131 839 2545 925 benignitate
2594 842 2953 929 apostolica
3001 843 3439 930 dignaremur.
3499 843 3638 909 Nos
3685 844 3942 931 itaque,

885 939 1262 1025 hujusmodi
1313 943 1908 1028 supplicacionibus
1954 945 2285 1029 inclinati,
2335 946 2765 1014 donacionem
2805 956 2873 1015 et
2912 952 3548 1038 appropriacionem,
3589 952 3948 1016 cessionem

886 1055 954 1114 et
1001 1049 1520 1134 assignacionem
1567 1049 1893 1137 predictas
1940 1073 2057 1138 pro
2107 1052 2300 1118 dictis
2347 1054 2502 1120 dote
2551 1062 2620 1121 et
2664 1065 3060 1143 augmento,
3119 1065 3193 1124 ut
3239 1059 3675 1146 premittitur,
3724 1059 3945 1140 factis,

891 1176 1150 1220 necnon
1197 1155 1571 1240 hujusmodi
1619 1159 2065 1223 retencionem
2102 1162 2355 1245 jurium
2403 1164 2825 1250 presentandi
2860 1170 2927 1229 et
2960 1167 3474 1252 presentacionis
3506 1166 3945 1253 predictorum

887 1269 1035 1329 rata
1078 1264 1400 1329 habentes
1449 1271 1516 1329 et
1562 1270 1779 1350 grata,
1827 1266 1973 1330 illas
2022 1269 2413 1335 auctoritate
2462 1270 2823 1357 apostolica
2853 1293 2937 1337 ex
2970 1279 3152 1339 certa
3183 1274 3460 1338 scientia
3489 1273 3949 1338 confirmamus

889 1379 959 1438 et
1004 1373 1327 1459 presentis
1375 1373 1597 1459 scripti
1646 1374 2008 1458 patrocinio
2057 1378 2554 1443 communimus.
2612 1378 2954 1461 Ceterum,
3003 1381 3159 1466 quia
3204 1381 3334 1445 alia
3364 1402 3482 1467 per
3512 1383 3687 1466 ipsos
3720 1381 3950 1446 ducem

885 1486 953 1543 et
1002 1478 1357 1561 ducissam,
1406 1485 1482 1543 ut
1529 1481 1960 1565 premittitur,
2010 1488 2261 1547 statuta
2308 1491 2375 1548 et
2425 1485 2727 1550 ordinata
2774 1485 2855 1551 de
2897 1487 3048 1571 jure
3095 1487 3341 1551 viribus
3386 1508 3518 1551 non
3558 1487 3951 1567 subsistant,

886 1608 1007 1651 nos
1071 1608 1265 1673 super
1326 1587 1453 1651 hoc
1501 1587 1582 1651 de
1629 1587 2039 1672 benignitate
2088 1590 2450 1675 apostolica
2496 1592 2839 1678 providere
2890 1595 3221 1676 volentes,
3288 1593 3519 1658 eadem
3566 1593 3955 1658 auctoritate

888 1693 1237 1757 statuimus
1301 1697 1370 1757 et
1432 1692 1838 1776 ordinamus,
1905 1694 2080 1780 quod
2143 1696 2212 1759 in
2277 1695 2454 1761 dicta
2514 1698 2765 1784 capella
2811 1719 3074 1763 exnunc
3122 1705 3190 1764 et
3237 1700 3664 1785 imposterum
3713 1699 3845 1762 sint
3893 1704 3957 1763 et

887 1819 1030 1864 esse
1081 1798 1366 1865 debeant
1416 1800 1760 1865 tresdecim
1808 1802 2135 1883 canonici,
2185 1804 2545 1888 capitulum
2593 1803 2941 1886 facientes,
2990 1825 3269 1890 quorum
3316 1826 3488 1869 unus
3520 1805 3606 1868 sit
3638 1803 3951 1886 decanus,

888 1905 999 1991 qui
1049 1905 1294 1970 eisdem
1342 1907 1674 1971 canonicis
1721 1907 1924 1993 presit
1973 1913 2042 1971 et
2089 1909 2157 1972 in
2205 1907 2532 1994 dignitate
2567 1911 2964 1974 constitutus
2999 1911 3242 1975 existat
3276 1917 3343 1975 et
3379 1911 3660 1996 primum
3692 1909 3954 1973 stallum

887 2013 958 2077 in
1022 2013 1217 2078 choro
1278 2019 1346 2077 et
1393 2014 1670 2100 primum
1718 2013 1933 2078 locum
1985 2021 2054 2079 et
2099 2017 2382 2101 priorem
2434 2038 2662 2082 vocem
2710 2018 2776 2081 in
2826 2019 3114 2103 capitulo
3163 2025 3231 2083 et
3278 2018 3438 2081 alias
3487 2016 3959 2102 preminencias

888 2127 959 2185 et
1008 2121 1289 2185 honores
1336 2128 1684 2185 consuetos
1729 2121 2006 2204 habeat,
2056 2144 2131 2186 ac
2179 2122 2675 2207 quatuordecim
2724 2123 3060 2209 prebende
3098 2124 3397 2210 equales,
3445 2121 3714 2186 inclusis
3753 2121 3825 2185 in
3864 2120 3955 2184 eis

889 2233 958 2292 et
1024 2228 1418 2313 computatis
1483 2228 1672 2292 dictis
1736 2234 2019 2316 quatuor
2080 2228 2433 2315 prebendis
2495 2231 2821 2316 antiquis,
2886 2250 3160 2316 quarum
3205 2228 3382 2294 idem
3430 2227 3717 2292 decanus
3765 2227 3959 2307 duas,

895 2355 1023 2420 que
1069 2335 1349 2399 invicem
1394 2335 1581 2400 unite
1629 2335 1957 2416 existant,
2025 2341 2091 2400 et
2140 2336 2418 2420 quilibet
2466 2336 2786 2400 dictorum
2835 2336 3297 2400 canonicorum
3346 2355 3542 2398 unam
3591 2332 3956 2420 prebendas

887 2443 1163 2524 habeat,
1216 2450 1283 2507 et
1330 2441 1503 2528 quod
1552 2442 1786 2529 prefati
1835 2448 2118 2527 quatuor
2167 2443 2491 2527 capellani
2542 2463 2657 2508 seu
2706 2443 2927 2508 vicarii
2976 2441 3326 2524 fructibus,
3374 2440 3771 2522 redditibus,
3819 2459 3962 2526 pro-

891 2550 1235 2630 ventibus,
1287 2549 1549 2634 juribus
1597 2556 1664 2613 et
1712 2549 2228 2614 obvencionibus
2277 2549 2358 2613 ad
2408 2550 2698 2635 ipsorum
2746 2550 3018 2614 vicarias
3067 2570 3183 2614 seu
3231 2548 3626 2635 capellanias
3672 2547 3754 2611 ab
3805 2546 3958 2611 olim

896 2657 1348 2743 spectantibus
1411 2661 1479 2719 et
1541 2655 2028 2740 pertinentibus
2094 2655 2388 2719 contenti
2438 2656 2772 2738 existant,
2830 2656 2998 2720 sicut
3046 2656 3243 2741 prius.
3340 2654 3706 2719 Statuimus
3755 2652 3958 2716 eciam

892 2769 961 2827 et
1026 2761 1434 2842 ordinamus,
1501 2760 1677 2847 quod
1743 2760 2032 2825 decanus
2100 2767 2167 2825 et
2232 2762 2592 2849 capitulum
2658 2762 3013 2849 supradicti
3078 2783 3392 2848 personas
3439 2762 3766 2848 ydoneaS,
3816 2781 3963 2824 cum

894 2870 989 2933 eis
1037 2889 1154 2953 per
1200 2866 1433 2930 ducem
1483 2867 1588 2930 vel
1631 2866 1910 2931 heredes
1957 2873 2072 2931 aut
2120 2888 2527 2933 successores
2568 2869 2901 2954 predictos
2935 2870 3245 2934 canonice
3279 2874 3656 2956 presentate
3689 2868 3960 2950 fuerint,

899 2973 981 3040 ad
1049 2971 1425 3056 hujusmodi
1482 2971 1888 3058 prebendas,
1940 2995 2087 3038 cum
2135 2975 2502 3057 vacabunt,
2551 2976 2620 3039 in
2668 2977 3015 3040 canonicos
3063 2976 3416 3039 instituant
3462 2979 3529 3038 et
3576 2973 3960 3054 admittant,

898 3079 1205 3169 quodque
1255 3079 1490 3143 electio
1539 3077 1769 3142 decani
1818 3079 1990 3144 dicte
2027 3081 2308 3166 capelle,
2359 3082 2472 3167 qui
2504 3083 2629 3147 erit
2661 3103 2777 3169 pro
2813 3087 3140 3169 tempore,
3190 3081 3273 3147 ad
3308 3080 3572 3147 eosdem
3607 3080 3964 3168 capitulum

895 3187 1254 3275 pertineat,
1307 3186 1419 3271 qui
1468 3184 1729 3270 quidem
1781 3184 2099 3267 decanus,
2147 3192 2495 3273 postquam
2530 3189 2673 3272 ejus
2704 3188 2940 3253 electio
2973 3188 3174 3253 fuerit
3205 3188 3518 3253 canonice
3550 3185 3960 3267 confirmata,

902 3314 1127 3358 curam
1176 3298 1243 3356 et
1291 3291 1927 3356 administracionem
1977 3291 2150 3356 dicte
2197 3294 2448 3379 capelle
2496 3315 2571 3358 ac
2611 3315 3038 3382 personarum
3071 3300 3140 3359 et
3170 3294 3491 3359 bonorum
3523 3292 3965 3378 predictorum

895 3399 1261 3487 prudenter
1324 3404 1392 3463 et
1454 3398 1802 3462 salubriter
1865 3405 1934 3462 et
1989 3399 2149 3464 alias
2197 3400 2559 3464 secundum
2609 3402 2954 3465 canonicas
3001 3401 3373 3466 sanctiones
3421 3398 3684 3463 studeat
3732 3398 3966 3482 guber·

897 3527 1074 3572 nare.
1143 3506 1466 3570 Volumus
1514 3506 1719 3569 eciam
1769 3511 1836 3570 et
1884 3507 2233 3570 statuimus
2281 3508 2675 3571 auctoritate
2722 3507 3056 3593 predicta,
3104 3506 3281 3593 quod
3314 3512 3451 3570 tam
3483 3506 3566 3570 de
3596 3504 3965 3570 redditibus

894 3620 964 3679 et
1008 3612 1434 3701 proventibus
1480 3610 1920 3698 predictarum
1968 3618 2254 3697 quatuor
2298 3614 2715 3698 antiquarum
2762 3612 3245 3698 prebendarum
3277 3611 3450 3676 dicte
3484 3612 3732 3698 capelle
3771 3632 3967 3697 quam

899 3719 1043 3784 aliis
1099 3718 1440 3805 predictis,
1508 3719 1676 3781 sicut
1738 3718 2180 3803 premittitur,
2248 3717 2509 3781 donatis
2558 3725 2626 3782 et
2673 3719 3020 3801 assignatis
3068 3716 3316 3782 eisdem
3363 3716 3610 3781 decano
3660 3724 3730 3782 et
3775 3737 3969 3782 cano-

895 3825 1061 3889 nicis
1123 3823 1459 3911 prebende
1524 3845 1640 3887 sue
1705 3824 2133 3888 exsolvantur
2193 3824 2263 3887 in
2325 3823 2501 3888 hunc
2550 3823 2854 3906 modum,
2904 3822 3212 3888 videlicet
3259 3822 3437 3908 quod
3484 3821 3806 3905 decanus,
3857 3823 3969 3909 qui

894 3930 1058 3995 duas
1104 3930 1475 4017 prebendas
1523 3952 1639 3994 seu
1686 3930 2062 4016 porcionem
2112 3929 2389 3993 duarum
2439 3929 2922 4015 prebendarum
2963 3930 3311 4016 percipiet,
3360 3949 3476 4013 pro
3520 3928 3762 4013 grossis
3804 3927 3972 3991 fruc-

896 4041 1074 4105 tibus
1119 4040 1496 4125 hujusmodi
1544 4040 1817 4104 duarum
1868 4037 2352 4124 prebendarum
2401 4039 2676 4125 recipiat
2722 4040 3070 4123 sexaginta
3100 4043 3288 4102 scuta
3319 4037 3590 4122 antiqua
3621 4035 3962 4099 annuatim

900 4148 1006 4211 vel
1053 4147 1341 4211 valorem
1391 4166 1617 4209 eorum
1662 4146 1731 4210 in
1778 4150 2047 4208 moneta
2094 4145 2160 4207 in
2208 4143 2506 4230 partibus
2553 4144 2681 4208 illis
2716 4145 3032 4225 currenti,
3081 4143 3360 4230 quilibet
3391 4163 3547 4207 vero
3579 4140 3961 4221 canonicus,

900 4253 972 4316 in
1035 4252 1211 4316 dicta
1257 4251 1509 4338 capella
1554 4252 1986 4318 residenciam
2035 4250 2282 4314 faciens
2330 4250 2777 4335 personalem,
2843 4271 2957 4336 pro
3006 4252 3249 4335 grossis
3295 4249 3613 4314 fructibus
3660 4267 3777 4311 sue
3826 4268 3968 4334 pre·

897 4358 1115 4423 bende
1178 4358 1497 4444 percipiat
1558 4363 1627 4422 et
1685 4357 1930 4421 habeat
1994 4355 2266 4440 triginta
2314 4361 2499 4419 scuta
2545 4356 2816 4441 antiqua
2864 4356 3205 4420 annuatim
3254 4356 3358 4420 vel
3406 4354 3694 4419 valorem
3740 4372 3966 4417 eorum

898 4465 970 4527 in
1033 4470 1301 4527 moneta
1363 4462 1770 4549 supradicta,
1835 4460 2171 4526 residuum
2236 4480 2390 4525 vero
2457 4460 2778 4525 dictorum
2844 4460 3222 4525 reddituum
3283 4465 3351 4525 et
3410 4465 3851 4545 proventuum
3895 4477 3968 4522 ao

899 4569 1222 4634 bonorum
1287 4570 1560 4634 aliorum
1624 4568 1819 4634 detur
1882 4574 1952 4634 et
2002 4567 2333 4631 dividatur
2380 4588 2455 4631 ac
2504 4568 2876 4652 assignetur
2923 4574 3057 4632 tam
3103 4588 3224 4655 pro
3271 4566 3618 4632 cotidianis
3666 4566 3971 4631 distribu-

898 4675 1198 4740 cionibus
1247 4675 1494 4740 decano
1543 4682 1611 4740 et
1657 4675 1985 4740 canonicis
2031 4674 2190 4761 ipsis
2239 4672 2476 4737 divinis
2525 4673 2752 4738 officiis
2800 4680 2868 4738 et
2914 4673 3089 4738 horis
3136 4673 3712 4755 interessentibus,
3763 4693 3961 4759 quam

900 4802 1022 4867 pro
1086 4781 1615 4864 defensionibus,
1666 4779 2169 4845 necessitatibus
2216 4784 2287 4843 et
2332 4779 2731 4844 utilitatibus
2780 4779 2955 4843 dicte
3003 4777 3253 4866 capelle
3302 4800 3376 4842 ao
3423 4798 3849 4865 personarum
3898 4782 3966 4842 et

903 4887 1227 4951 bonorum
1275 4887 1510 4974 ipsius,
1545 4892 1740 4974 prout
1772 4886 1931 4951 dicti
1964 4885 2253 4950 decanus
2286 4891 2354 4949 et
2388 4885 2745 4970 capitulum
2778 4885 3093 4950 duxerint
3123 4884 3473 4949 salubriter
3508 4884 3971 4967 ordinandum3

903 5014 1103 5081 super
1151 5015 1280 5080 quo
1330 4994 1423 5058 eis
1471 4999 1869 5082 potestatem
1918 4992 2281 5080 plenariam
2329 4990 2710 5075 elargimur,
2760 4996 2829 5056 et
2876 4990 3088 5077 quod,
3137 4991 3191 5055 si
3239 4991 3473 5076 aliquis
3504 4990 3966 5056 canonicorum

904 5100 1337 5165 residenciam
1384 5101 1792 5187 personalem
1838 5099 1909 5163 in
1957 5098 2133 5162 dicta
2180 5097 2433 5184 capella
2477 5097 2888 5181 facientium,
2937 5098 3335 5162 infirmitatis
3369 5096 3716 5161 dumtaxat
3747 5116 3972 5162 neces-

904 5206 1104 5271 sitate
1153 5212 1458 5293 excepta,
1511 5227 1581 5271 se
1627 5205 1711 5270 ab
1759 5204 1990 5270 eadem
2024 5203 2277 5291 capella
2307 5204 2526 5289 aliqua
2557 5203 2923 5268 divinarum
2957 5202 3336 5268 diurnarum
3368 5204 3474 5268 vel
3505 5209 3970 5268 nocturnarum

904 5313 1211 5377 horarum
1290 5313 1772 5395 absentaverit,
1842 5312 2151 5399 porcione
2196 5310 2414 5397 ipsum
2461 5310 2657 5392 alias,
2707 5310 2762 5373 si
2807 5330 3078 5396 presens
3126 5315 3337 5394 esset,
3386 5311 3848 5394 contingente,
3897 5308 3977 5374 de

904 5419 1252 5485 cotidianis
1290 5418 1869 5484 distribucionibus
1902 5417 2170 5482 omnino
2202 5422 2454 5498 careat,
2504 5437 2629 5502 que
2662 5417 2855 5481 cedat
2887 5418 3122 5482 ceteris
3154 5418 3224 5481 in
3258 5422 3715 5502 augmentum,
3767 5415 3972 5502 quod-

904 5547 1032 5613 que
1080 5526 1367 5590 decanus
1414 5525 1776 5612 predictus,
1825 5544 1976 5588 cum
2022 5522 2456 5610 personaliter
2496 5521 2734 5587 divinis
2775 5523 3180 5605 interfuerit,
3228 5523 3501 5609 duplum
3540 5523 3746 5603 illius,
3797 5522 3972 5608 quod

902 5633 1176 5697 cuilibet
1228 5632 1689 5697 canonicorum
1734 5651 1852 5718 pro
1900 5636 2043 5695 rata
2087 5629 2232 5693 loco
2282 5627 2825 5694 distribucionum
2867 5629 3236 5714 continget,
3287 5628 3529 5694 habeat
3561 5633 3630 5692 et
3665 5628 3970 5715 recipiat,
