4450 6684
795 534 884 597 u
2092 531 2411 598 cunnus
2460 532 2578 600 VI.

787 752 990 823 1420.
1744 755 1956 839 1351,
2006 755 2379 821 Nove-»bru
2423 759 2498 839 6,
2544 756 2911 820 Avenionis.

1103 909 1399 976 Johanni
1458 911 1626 976 dicto
1684 911 1763 976 de
1821 910 2104 977 Dulmen
2164 912 2390 978 clerieo
2448 933 2577 977 non
2637 914 2975 998 conjuyato
3019 933 3129 977 nec
3173 915 3245 978 in
3287 914 3491 979 sacris
3536 914 3865 980 ordinibus

1018 1019 1354 1083 constituto
1409 1015 1592 1103 Traj.
1640 1017 1831 1083 dioec.
1879 1018 2240 1083 conceditur
2284 1018 2572 1102 officium
2620 1018 3086 1085 tabellionatus.

1011 1200 1115 1266 Ne
1162 1206 1640 1267 contractuum.
1668 1248 1684 1265 .
1712 1248 1728 1265 .
1757 1250 1772 1266 .
1821 1202 1975 1267 Det.
2023 1201 2396 1285 Avinione‚
2443 1200 2627 1267 VIII'
2660 1200 2760 1265 Id.
2809 1200 3238 1284 Novembris,
3286 1221 3460 1267 anno
3508 1200 3785 1266 decimo.

1212 1335 1338 1399 περ.
1373 1336 1473 1386 Αυ.
1515 1337 1569 1385 T.
1603 1333 1694 1399 64,
1720 1336 1783 1400 s.
1817 1333 1935 1386 192.

2053 1593 2644 1604 —-—-————.———.—-——

790 1807 979 1876 1421„
1718 1807 1893 1871 1351
1916 1855 1934 1889 ‚
1982 1804 2354 1871 Novembris
2399 1807 2525 1888 24,
2571 1806 2938 1872 Avenionis.

1109 1961 1393 2025 Henrico
1458 1960 1535 2025 de
1590 1959 1801 2025 Haslo
1848 1959 2176 2042 confertur
2216 1967 2527 2045 perpetua
2571 1960 2815 2023 vicaria
2860 1959 3096 2023 altaris
3140 1957 3463 2022 beatorum
3508 1957 3769 2022 Nicolai
3814 1964 3871 2020 et

1019 2066 1354 2132 Barbarae
1413 2068 1485 2131 in
1531 2066 1904 2153 parochiali
1959 2067 2213 2131 ecclesia
2266 2065 2390 2148 „de
2434 2064 2923 2152 Borgheuden’'
2951 2065 3004 2148 1)
3060 2063 3242 2150 Traj.
3290 2064 3520 2148 dioec.,
3555 2084 3687 2149 pro
3733 2084 3865 2150 qua
3980 2068 3984 2072 *

1016 2174 1454 2238 canonicatum
1512 2180 1573 2237 et
1620 2171 2053 2257 praebendam
2112 2171 2601 2237 Aldensalenses
2664 2192 2809 2236 cum
2869 2170 3172 2235 Wernero
3231 2169 3398 2236 dicto
3444 2168 3565 2257 Sty
3600 2171 3866 2255 putavit

1001 2279 1489 2366 permutandus.
1541 2315 1626 2327 —
1679 2278 2090 2364 Deputantur
2134 2285 2507 2343 executores.

1014 2461 1398 2549 Apostolice
1446 2461 1640 2529 sedis.
1670 2509 1686 2525 .
1715 2509 1731 2525 .
1760 2508 1776 2525 .
1825 2461 1978 2526 Det.
2028 2459 2361 2527 Avinione
2381 2507 2400 2543 ‚
2448 2459 2620 2525 VIII
2665 2459 2777 2525 Kl.
2827 2458 3248 2541 Decembris,
3296 2479 3471 2524 anno
3519 2458 3795 2524 decimo.

1205 2596 1332 2660 Ray.
1366 2596 1467 2646 Ao.
1511 2597 1566 2647 T.
1602 2593 1695 2659 02,
1722 2597 1783 2660 s.
1823 2593 1903 2647 90.

938 2740 997 2805 1)
1032 2740 1345 2808 Borgenden
1381 2742 1439 2792 in
1474 2739 1734 2792 Brenthis
1748 2740 1776 2789 Ἰ

787 3207 984 3277 1422.
1725 3209 1900 3273 1351
1918 3256 1936 3290 ,
1984 3206 2357 3272 Novembris
2403 3209 2487 3270 25
2505 3255 2521 3290 ,
2568 3207 2934 3272 Avenionis.

1108 3365 1437 3430 Everardo
1484 3365 1649 3430 dicto
1694 3365 1770 3429 de
1818 3364 1993 3429 Reno
2041 3364 2263 3428 clerico
2316 3361 2502 3447 Traj.
2550 3363 2741 3428 dioec.
2789 3362 3240 3445 conferendum
3286 3368 3650 3426 reservatur
3696 3360 3867 3426 bene-

1013 3471 1231 3555 ficium
1289 3479 1576 3556 spectans
1639 3471 1727 3535 ad
1787 3471 2258 3557 dispositionem
2319 3470 2597 3555 capituli
2657 3469 2726 3534 S.
2776 3469 3135 3534 Salvator-is
3189 3468 3372 3551 Traj.
3423 3476 3483 3534 et
3527 3490 3668 3533 cum
3715 3489 3871 3533 cura

1022 3581 1142 3661 25,
1190 3580 1324 3643 sine
1368 3599 1527 3642 cura
1574 3599 1716 3643 vero
1763 3580 1853 3643 18
1898 3597 2265 3643 marcarum
2310 3578 2562 3661 arqenti
2604 3577 2882 3642 valorem
2927 3596 3214 3641 annuum
3257 3597 3386 3641 non
3431 3576 3742 3641 excedens.
3788 3611 3869 3623 —

1016 3683 1433 3769 Deputantur
1478 3690 1849 3749 executores.
2019 3686 2024 3691 ’

1017 3865 1460 3954 Exigentibus
1509 3873 1642 3934 tue.
1670 3916 1685 3932 .
1718 3915 1734 3932 .
1763 3914 1779 3931 .
1827 3867 1982 3933 Dat.
2030 3865 2396 3950 Avinione,
2445 3866 2580 3931 VH
2626 3866 2737 3932 Kl.
2785 3864 3206 3949 Decembris,
3255 3886 3429 3931 anno
3479 3864 3758 3932 decimo.

1208 4002 1334 4065 περ.
1368 4003 1464 4052 Αυ.
1510 4003 1566 4053 r.
1599 4001 1693 4066 62,
1721 4000 1931 4067 12213.

794 4470 989 4540 1423.
1725 4474 1899 4538 1351
1925 4521 1944 4557 ,
1991 4472 2363 4538 Novembris
2408 4471 2527 4551 27,
2574 4469 2940 4534 Avenionis.

1111 4624 1573 4711 Infrascriptis
1645 4633 1973 4712 tamquam
2042 4625 2581 4692 conservatoribus
2649 4624 3028 4707 mandatur,
3097 4632 3172 4689 ut
3233 4623 3577 4690 Nicolaum
3640 4627 3735 4691 tit.
3800 4626 3869 4691 S.

1035 4730 1275 4795 Vitalis
1309 4730 1756 4818 presbyterum
1805 4732 2214 4797 Cardinalem
2261 4734 2331 4797 in
2362 4731 2794 4817 percipiendis
2821 4730 3089 4815 juribus
3135 4738 3196 4795 et
3229 4731 3643 4815 proventibus
3676 4753 3872 4817 prae-

1009 4837 1346 4921 positurae
1392 4844 1452 4901 et
1494 4836 2053 4903 archidiaconatus
2083 4839 2370 4902 ecclesiae
2399 4837 2878 4902 Daventriensis
2909 4845 3134 4902 contra
3165 4856 3589 4923 quoscumque
3619 4838 3870 4924 iniquos

1019 4943 1449 5008 molestatores
1493 4943 1841 5027 efficaciter
1885 4945 2252 5028 defendant.
3726 4936 3731 4941 ⁴

1017 5123 1403 5191 Venerabili
1459 5124 1648 5190 fratri
1704 5173 1720 5190 .
1749 5173 1767 5191 .
1825 5127 2316 5216 archiepiscopo
2365 5128 2744 5195 Coloniensi
2790 5134 2859 5194 et
2906 5127 3163 5194 dilectis
3208 5126 3361 5192 filiis
3408 5173 3427 5191 .
3457 5173 3473 5190 .
3520 5128 3854 5213 preposito

799 5231 1010 5295 saneti
1049 5231 1413 5298 Salvatoris
1454 5234 1896 5319 TraJeotensis
1935 5255 2011 5300 ee
2053 5283 2068 5299 .
2097 5283 2113 5300 .
2157 5235 2407 5301 deceno
2446 5237 2847 5303 Xenotensis
2880 5233 3297 5302 Coloniensis
3339 5233 3620 5300 diocesis
3661 5236 3865 5300 eoele-

798 5337 1041 5404 siarum
1087 5339 1388 5405 salutem.

1021 5444 1132 5512 Ad
1179 5446 1561 5533 regendum.
1591 5494 1607 5511 .
1633 5494 1651 5512 .
1680 5495 1696 5511 .
1746 5448 1901 5513 Det.
1948 5448 2319 5533 Avinione,
2368 5450 2431 5515 V
2476 5448 2588 5516 Kl.
2634 5448 3047 5532 Decembris,
3096 5468 3270 5514 anno
3319 5446 3598 5513 deeimo.

1210 5581 1337 5644 Rea.
1370 5582 1469 5633 Ao.
1511 5582 1567 5632 T.
1601 5580 1689 5646 64,
1714 5583 1774 5647 s.
1809 5580 1892 5633 27.
