4450 6684
1768 507 2226 574 Iunonum-ms
2271 507 2394 574 VI.
3537 512 3619 576 ’17

553 728 726 795 mitti
786 749 907 817 per
973 728 1386 817 questuarios
1451 727 1811 795 districtius
1856 729 2232 797 inhibemus
2251 779 2270 815 ,
2318 752 2430 797 eas
2448 779 2466 814 ,
2515 732 2572 797 si
2617 753 2806 798 secus
2851 738 3073 799 actum
3118 731 3352 815 fuerit,
3398 751 3621 799 carere

557 835 805 903 viribus
852 834 1304 903 decernentes.
1396 835 1550 902 Dat.
1597 835 1929 903 Avinione
1947 885 1966 920 ‚
2013 836 2086 902 Π
2129 837 2303 904 Non.
2350 836 2618 922 Marcii,
2666 858 2841 905 anno
2889 844 3143 926 quarto.

969 971 1095 1035 Ray.
1129 971 1230 1021 Ao.
1271 971 1327 1022 T.
1362 968 1452 1035 12,
1478 972 1537 1035 s.
1572 968 1688 1022 469.

555 1436 746 1508 1553.
1416 1441 1629 1523 1356,
1675 1438 1914 1505 Martii
1957 1442 2080 1524 20,
2128 1461 2237 1527 ap.
2286 1440 2770 1506 Villamnovam.

869 1593 1166 1659 Johanm·
1229 1593 1396 1659 dicto
1456 1592 1594 1659 Wit
1654 1593 1731 1658 de
1775 1593 2078 1658 Embrica
2123 1595 2347 1659 clerico
2392 1615 2521 1660 non
2565 1597 2898 1680 conjuqato
2944 1615 3054 1659 noo
3099 1596 3169 1659 in
3213 1596 3414 1660 sacris
3459 1595 3631 1661 ordi·

778 1700 963 1767 nibus
1007 1702 1342 1767 constituto
1395 1700 1575 1784 Traj.
1625 1699 1813 1765 dioec.
1860 1701 2191 1786 confertur
2238 1701 2523 1785 officium
2572 1702 3036 1769 tabellionatus.

779 1884 883 1952 Ne
932 1891 1413 1952 contractuum.
1443 1934 1459 1951 .
1487 1934 1503 1952 .
1532 1934 1549 1951 .
1595 1886 1750 1952 Dat.
1798 1884 1975 1974 apud
2022 1885 2510 1953 villamnovam
2557 1893 2701 1969 etc„
2750 1886 2927 1952 XIII
2970 1887 3081 1954 Kl.
3129 1886 3409 1976 Aprilis,
3456 1907 3630 1954 anno

563 1996 816 2080 quarte.

978 2097 1104 2162 Boa-
1136 2098 1236 2149 Ao.
1280 2100 1335 2149 r.
1372 2096 1458 2162 13,
1486 2100 1548 2163 s.
1580 2096 1698 2150 sss.

561 2567 757 2637 1554.
1568 2570 1782 2652 1356,
1829 2568 2089 2654 Aprilis
2132 2568 2210 2650 1,
2257 2567 2621 2633 Avenionis.

878 2723 1172 2789 Joharmi
1231 2723 1492 2789 Rotaria·
1552 2724 1849 2787 canonico
1924 2721 2316 2804 Trajeotensi
2331 2770 2349 2804 ,
2419 2723 2736 2787 licentiato
2797 2726 2865 2787 in
2916 2706 3153 2806 leyibits
3172 2773 3188 2806 ,
3236 2724 3636 2810 indulqetur‚

796 2829 968 2915 quod
1026 2850 1154 2895 non
1215 2829 1496 2917 obstante
1555 2828 1804 2911 defectu
1849 2829 2205 2910 natalium,
2252 2848 2443 2913 super
2491 2850 2615 2914 quo
2662 2829 2739 2894 de
2782 2832 2989 2895 soluto
3029 2832 3280 2916 yenitus
3326 2837 3385 2895 et
3428 2831 3641 2895 soluta

796 2937 949 3001 olim
1008 2936 1535 3022 dispensationem
1595 2935 1903 3018 obtinuit,
1956 2941 2221 3019 praeter
2282 2935 2577 3019 beneficia
2605 2938 2755 3021 jam
2799 2937 3047 3003 obtenta
3081 2945 3498 3023 personatum
3541 2938 3641 3002 vel

793 3043 1081 3127 officium
1126 3045 1315 3109 etiam
1361 3065 1504 3108 cum
1548 3064 1707 3108 cura
1752 3044 2027 3129 recipere
2071 3048 2131 3107 et
2178 3044 2446 3107 retinere
2488 3045 2717 3109 valeat.

794 3224 1200 3293 Litterarum
1247 3225 1548 3292 scientia.
1578 3272 1595 3291 .
1623 3273 1639 3290 .
1667 3272 1684 3291 .
1731 3224 1888 3292 Dat.
1934 3223 2269 3292 Avinione
2287 3274 2305 3309 ,
2352 3224 2465 3292 Kl.
2511 3224 2762 3313 Aprilis
2782 3276 2800 3311 ,
2849 3247 3023 3294 anno
3070 3231 3329 3316 quarto.

985 3360 1112 3425 περ.
1145 3361 1244 3412 4ο.
1289 3361 1344 3412 r.
1378 3359 1471 3425 13,
1496 3362 1555 3425 s.
1591 3359 1707 3412 2⁴9.

1808 3623 2400 3634 ——————‚-——

568 3828 756 3898 1555.
1544 3833 1756 3913 1356,
1805 3832 2065 3918 Aprilis
2111 3833 2231 3914 12,
2277 3832 2642 3897 AvenioniS.

882 3984 1348 4073 Infrascriptis
1410 3986 1834 4051 demandatur
1889 3989 2163 4052 executio
2210 3987 2551 4051 sententiae
2595 3986 2798 4051 editae
2842 3993 3067 4052 contra
3110 3985 3520 4051 Lambertum
3565 3985 3641 4050 dc

802 4092 1022 4158 Unche
1069 4092 1517 4180 presbyterum
1579 4091 1772 4158 Leod.
1837 4093 2025 4158 dioec.
2046 4140 2065 4176 ,
2129 4095 2246 4180 qui
2305 4114 2445 4158 oum
2512 4091 2735 4158 Ottone
2787 4092 2864 4158 de
2911 4091 3172 4158 Omere‘n
3214 4113 3405 4179 super
3439 4112 3640 4178 paro·

786 4200 988 4266 chiali
1034 4202 1290 4267 ecclesia
1335 4202 1611 4287 queris
1659 4199 1727 4264 S.
1774 4199 2059 4266 Martini
2102 4200 2218 4265 diu
2268 4201 2564 4286 litiqavit.

790 4383 1228 4450 Innocentius
1296 4383 1678 4472 episcopus,
1742 4403 1970 4449 servus
2036 4404 2374 4452 servorum
2434 4383 2599 4468 Dei,
2660 4382 2919 4449 dilectis
2964 4382 3116 4448 filiis
3166 4430 3181 4447 .
3209 4429 3226 4448 .
3274 4381 3522 4449 decano
3570 4389 3639 4451 et

583 4489 990 4558 Theoderico
1041 4490 1123 4556 de
1169 4491 1211 4557 J
1215 4490 1431 4558 utfaes
1477 4514 1553 4559 ac
1601 4490 1894 4559 Gerardo
1941 4492 2134 4560 Rode
2184 4492 2513 4558 canonicis
2561 4491 2834 4559 ecclesie
2880 4491 3321 4578 'I'rajectensis
3360 4491 3638 4559 salutem

570 4604 640 4663 et
682 4597 1108 4685 apostolicam
1159 4597 1708 4666 benedictionem.

794 4704 1044 4772 Petitio
1093 4705 1316 4773 dilecti
1363 4706 1483 4771 filii
1529 4705 1794 4771 Ottonis
1842 4702 1926 4771 de
1979 4705 2265 4772 Omeren
2297 4704 2568 4771 rectoris
2598 4703 3021 4792 parrochialis
3053 4703 3328 4770 ecclesie
3358 4703 3641 4790 Agger-is

570 4812 778 4878 sancti
821 4813 1092 4905 Martini
1142 4813 1585 4899 Trajectensis
1633 4812 1911 4879 diocesis
1959 4812 2149 4879 nobis
2206 4814 2232 4897 ΙΙ
2288 4812 2590 4885 exhibita
2627 4812 3044 4896 continebat,
3090 4811 3265 4899 quod
3295 4811 3452 4877 licet
3483 4812 3638 4878 olim

569 4915 708 5004 ipse
746 4917 829 4984 ad
863 4917 1106 4985 dictam
1140 4921 1483 4986 ecclesiam
1516 4926 1674 4985 tunc
1704 4925 2053 4986 vacantem
2085 4941 2203 5007 per
2236 4920 2491 4986 obitum
2525 4918 2855 5007 quondam
2885 4918 3217 4986 Willermi
3251 4918 3409 4984 dicti
3439 4917 3638 4986 Anke

566 5023 770 5110 ipsius
839 5027 1112 5093 ecclesie
1188 5027 1460 5093 rectoris
1520 5048 1561 5093 a
1621 5027 1793 5092 veris
1840 5027 2137 5114 patronis
2184 5026 2391 5114 ipsius
2438 5026 2713 5094 ecclesie
2761 5025 3205 5093 existentibus
3253 5026 3324 5090 in
3368 5025 3640 5113 pacifica

562 5133 974 5217 possessione
1036 5135 1144 5201 vel
1211 5134 1399 5222 quasi
1449 5134 1620 5221 juris
1683 5135 1834 5220 (sio)
1880 5133 2308 5221 presentandi
2353 5139 2679 5201 rectorem
2726 5132 2810 5199 ad
2857 5132 3135 5200 eandem
3184 5132 3526 5198 ecclesiam
3573 5179 3590 5198 .
3619 5181 3635 5197 .

569 5236 828 5304 officiali
902 5239 1382 5324 archilldiaconi
1452 5241 1895 5326 Trajectensis
1914 5290 1932 5324 ,
2004 5239 2089 5306 ad
2164 5260 2362 5327 quem
2429 5239 2763 5306 institutio
2825 5239 3247 5306 ecclesiarum
3307 5243 3635 5304 rectorum

576 5345 998 5413 ecclesiarum
1070 5347 1573 5414 consistentium
1645 5346 1818 5412 infra
1884 5348 2128 5414 limites
2198 5346 2765 5414 archidiaconatus
2834 5345 3311 5432 TraJ‘ectensis,
3375 5344 3445 5408 in
3505 5364 3635 5431 quo

574 5448 753 5516 dicta
795 5454 1223 5540 parrochialis
1269 5453 1548 5521 ecclesia
1593 5453 1924 5538 consistit,
1973 5455 2056 5523 de
2102 5456 2379 5541 antiqua
2419 5460 2488 5520 et
2521 5454 2886 5541 approbata
2916 5457 2985 5519 et
3013 5450 3336 5516 hactenus
3366 5449 3636 5536 pacifice

574 5555 920 5626 observata
983 5560 1462 5628 consuetudine
1523 5561 1850 5648 pertinet,
1911 5561 2083 5628 infra
2130 5568 2392 5648 tempus
2439 5561 2808 5646 legitimum
2851 5559 3084 5626 fuisset
3129 5556 3443 5623 canonice
3488 5577 3634 5643 pre-

569 5670 866 5731 sentatus
884 5714 902 5749 ,
966 5673 1191 5734 tamen
1255 5667 1613 5734 Lamberto
1676 5665 1759 5734 de
1819 5666 2056 5735 Unche
2075 5716 2095 5754 ,
2149 5669 2265 5756 qui
2311 5686 2383 5733 se
2429 5666 2601 5753 gerit
2646 5686 2764 5753 pro
2811 5666 3196 5754 presbytero
3244 5661 3629 5728 Leodiensis
