4450 6684
1822 530 2311 596 Inrnonuc'no.
3492 545 3592 593 v11

769 745 1017 812 Tacere
1080 746 1307 832 utique
1371 746 1526 812 licet
1588 746 1670 812 de
1719 768 1962 811 numm.
2015 748 2130 828 27,
2181 747 2386 829 22⁷0,
2438 747 2648 831 2279,
2702 747 2782 813 de
2832 748 3067 835 quibus
3117 748 3401 814 dubitari
3452 770 3586 814 non

544 854 790 935 potest,
859 871 1015 914 num
1077 856 1344 916 auctore
1392 857 1710 916 extraneo
1759 849 2037 915 oriunda
2082 849 2411 915 censenda
2459 851 2610 915 sint.
2707 850 2889 926 Quae
2934 852 3137 938 igitur
3183 854 3391 939 primo
3437 854 3583 917 loco

543 951 625 1017 ad
674 973 812 1019 rem
862 958 1150 1018 nostram
1197 955 1478 1037 faciunt,
1528 959 1683 1019 sunt
1730 974 1975 1019 numm.
2031 954 2110 1017 14
2160 958 2230 1019 et
2272 956 2387 1037 213
2438 953 2546 1039 (de
2579 975 2758 1018 num.
2799 957 2969 1019 1168
3001 955 3271 1020 inferius
3305 957 3583 1042 agetur).
3615 959 3787 1025 spuria
3812 974 4003 1008 numm.

542 1056 675 1122 Sed
740 1063 1089 1144 utrumque
1153 1058 1276 1122 hoc
1340 1057 1625 1145 diploma
1681 1058 1976 1144 spurium
2023 1077 2238 1144 neque
2286 1058 2477 1123 aliter
2525 1063 2823 1145 superest
2870 1058 2994 1122 nisi
3040 1060 3111 1122 in
3158 1059 3588 1146 apographis,
3674 1029 3739 1076 14
3773 1034 3823 1076 οἵ
3861 1026 3946 1076 21.

539 1181 711 1247 quae
781 1161 1040 1226 saeculo
1104 1162 1272 1228 XIV
1335 1162 1706 1248 antiquiora
1752 1165 1930 1226 certo
1979 1181 2110 1227 non
2159 1168 2332 1226 sunt.
2428 1161 2799 1248 Utrumque
2848 1182 3004 1227 sane
3050 1163 3293 1247 legitur
3338 1164 3408 1226 in
3455 1165 3596 1249 qui·

544 1264 821 1330 busdam
869 1264 1278 1331 chartulariis
1330 1266 1644 1332 ecclesiae
1698 1264 1763 1329 S.
1812 1265 2080 1330 Martini
2127 1267 2568 1351 Trajectensis
2617 1286 2824 1352 eaque
2863 1266 3116 1331 ratione
3150 1265 3594 1331 adulteratum

540 1390 685 1436 esse
749 1369 1041 1452 videtur,
1105 1376 1180 1435 ut
1242 1370 1510 1457 Majoris
1572 1378 1641 1437 et
1704 1371 1771 1436 S.
1837 1369 2193 1436 Salvatoris
2256 1369 2674 1436 ecclesiarum
2737 1371 3025 1457 capitula
3070 1370 3418 1456 quamdam
3471 1370 3596 1435 sibi

546 1495 700 1561 prae
749 1474 1024 1540 caeteris
1072 1476 1376 1561 capitulis
1414 1477 1639 1560 jurum
1688 1475 2112 1541 eminentiam
2158 1474 2589 1540 vindicarent.

770 1579 863 1642 At
932 1599 1124 1661 vero,
1195 1600 1373 1643 num.
1443 1580 1523 1643 14
1590 1586 1663 1643 ut
1726 1584 2109 1665 excerptum
2171 1580 2391 1644 taliter
2453 1579 2734 1665 qualiter
2781 1583 3188 1644 contractum
3236 1581 3415 1666 prius
3461 1600 3595 1644 non

542 1680 787 1765 legitur
851 1703 1045 1767 quam
1107 1684 1177 1746 in
1240 1682 1633 1748 chartulario
1681 1682 2015 1769 Leydensi
2066 1684 2262 1766 (saec.
2311 1684 2471 1767 XV)
2518 1689 2587 1749 et
2632 1685 2701 1748 in
2750 1684 3143 1749 chartulario
3193 1684 3558 1749 recentiore
3585 1733 3602 1767 ,

542 1784 720 1870 quod
786 1786 1322 1872 Bockenbergius
1384 1793 1615 1874 postea
1678 1786 2065 1873 composuit.
2158 1788 2489 1853 Falsarius
2537 1795 2759 1853 autem
2806 1789 3001 1853 nimis
3047 1789 3389 1875 imperitus
3438 1793 3605 1852 tam·

544 1910 740 1975 quam
812 1891 1149 1978 exemplar
1217 1893 1511 1956 imitatus
1581 1897 1684 1958 est
1751 1914 1929 1957 num.
2006 1891 2083 1976 8,
2157 1890 2273 1956 sed
2335 1892 2660 1977 integram
2723 1892 2969 1956 bullam
3031 1890 3403 1956 adulterare
3461 1912 3597 1957 non

540 2017 743 2060 ausus
812 1997 921 2060 vel
986 1997 1228 2062 frustra
1295 1996 1462 2062 forte
1536 2004 1846 2080 conatus,
1918 2000 2189 2082 genuini
2261 1998 2635 2086 diplomatis
2705 1997 3231 2083 inscriptionem,
3305 1995 3601 2078 initium,

543 2106 771 2166 notam
815 2100 1337 2186 chronologicam
1371 2102 1467 2166 ita
1498 2101 1866 2189 adaptavit,
1915 2110 1990 2167 ut
2022 2102 2103 2167 ad
2140 2104 2432 2189 spurium
2465 2101 2642 2166 istud
2676 2100 2958 2167 Conradi
2992 2100 3279 2187 episcopi
3315 2099 3601 2186 diploma

542 2204 1066 2270 confirmandum
1112 2205 1450 2292 cujusdam
1499 2227 1708 2272 novae
1756 2207 1974 2273 bullae
2024 2208 2310 2293 speciem
2343 2207 2574 2271 saltem
2599 2205 3040 2292 praeberetl).
3114 2204 3344 2290 Neque
3381 2209 3601 2269 tamen

545 2309 721 2375 idem
795 2308 1094 2375 falsarius
1165 2315 1388 2374 notam
1455 2310 1976 2396 chronologicam
2027 2310 2402 2398 diplomatis
2450 2309 2904 2398 praecedentis
2951 2307 3269 2373 imitando
3318 2328 3605 2374 errorem

540 2414 852 2497 evitavit,
901 2435 1100 2499 quum
1150 2414 1482 2479 Calixtum
1531 2435 1767 2502 papam
1814 2415 1884 2479 II
1932 2436 2155 2480 mense
2205 2415 2509 2481 Octobris
2541 2436 2645 2479 an.
2687 2416 2852 2478 1121
2890 2434 3304 2500 nequaquam
3337 2412 3602 2493 RemiS,

546 2517 660 2583 sed
709 2517 973 2583 Melfiae
1021 2518 1242 2584 sedem
1290 2517 1598 2584 habuisse
1645 2525 1903 2585 constet
1927 2520 2002 2605 2).

773 2621 922 2688 Jam
987 2627 1285 2709 superest
1340 2644 1517 2687 num.
1585 2625 1703 2707 21,
1770 2644 1973 2689 unum
2019 2630 2088 2689 et
2135 2623 2346 2690 solum
2393 2624 2722 2710 specimen
2771 2623 2989 2688 bullae
3039 2624 3297 2710 spuriae
3344 2623 3601 2708 integre

549 2747 638 2792 ex
700 2727 813 2792 illo
877 2733 1168 2814 tempore
1230 2726 1550 2793 residuae.
1644 2728 1919 2814 Legitur
1975 2728 2100 2793 hoc
2148 2728 2471 2815 diploma,
2521 2729 2625 2793 cui
2672 2728 2991 2793 insertum
3041 2734 3144 2793 est
3189 2728 3602 2814 privilegium

552 2829 859 2897 Conrado
930 2832 1067 2918 regi
1138 2832 1243 2897 III
1314 2832 1475 2897 falso
1547 2834 1955 2920 suppositum
2022 2839 2220 2919 atque
2285 2831 2414 2896 d.d.
2487 2834 2564 2896 18
2631 2831 2933 2897 Octobris
2995 2833 3148 2897 anni
3202 2833 3371 2896 1145
3397 2831 3486 2916 3),
3533 2832 3603 2896 in

550 2934 945 3000 chartulario
1013 2935 1188 3022 quod
1254 2936 1490 3001 dicitur
1553 2937 2040 3002 Hannoverano
2100 2940 2297 3021 (saec.
2345 2936 2577 3020 XIV),
2643 2942 2709 3000 et
2768 2937 3036 3022 insuper
3093 2937 3162 3000 in
3209 2936 3602 3001 chartulario

550 3039 723 3124 quod
791 3061 988 3126 supra
1048 3040 1457 3105 laudavimus
1519 3040 1874 3127 Leydensi.
1978 3040 2149 3123 „Sed
2197 3041 2398 3105 risum
2449 3040 2729 3106 teneatis
2777 3038 3044 3104 amici’':
3095 3039 3274 3104 bulla
3319 3041 3599 3126 papalis,

546 3164 679 3230 qua
750 3151 1070 3209 assertam
1133 3146 1304 3231 regis
1369 3145 1788 3211 donationem
1851 3145 2149 3211 falsarius
2196 3144 2564 3210 confirmari
2610 3144 2854 3227 voluit,
2912 3144 3036 3209 hac
3082 3144 3257 3230 prior
3305 3150 3600 3231 tempore

550 3249 917 3338 prophetici
962 3250 1172 3314 instar
1218 3252 1534 3315 sermonis
1582 3250 1932 3316 emanavit.
2026 3249 2467 3315 Nihilominus
2516 3250 2777 3335 utrique
2825 3248 3162 3335 diplomati
3214 3253 3352 3312 tum
3395 3249 3603 3333 regali

552 3376 698 3419 cum
748 3353 1085 3441 pontificio
1133 3352 1329 3419 fidem
1379 3353 1617 3419 eruditi
1667 3354 1817 3419 olim
1867 3375 2001 3420 non
2049 3354 2495 3439 denegarunt,
2557 3352 2764 3419 donec
2812 3374 2940 3418 van
2990 3352 3208 3439 Spaen
3237 3354 3289 3435 ⁴)
3338 3352 3600 3438 utrique

549 3458 853 3523 falsitatis
915 3463 1135 3522 notam
1190 3457 1446 3523 inussit.
1540 3458 1745 3524 Porro
1794 3463 1869 3523 ut
1916 3458 2295 3544 hujusmodi
2341 3459 2727 3524 commentis
2777 3479 3100 3544 quaenam
3147 3456 3303 3523 fidei
3349 3457 3600 3543 species

552 3561 972 3645 indueretur,
1053 3582 1131 3626 eo
1199 3560 1452 3626 facilius
1521 3562 1757 3646 fiebat,
1841 3561 2014 3649 quod
2087 3562 2217 3629 duo
2290 3563 2585 3650 ejusdem
2654 3562 2938 3628 Oonradi
3009 3563 3180 3647 regis
3244 3560 3603 3648 diplomata

554 3668 842 3752 genuina
866 3668 919 3750 5)
982 3667 1052 3731 in
1111 3667 1309 3732 Libro
1371 3667 1811 3750 donationum,
1875 3668 2269 3732 chartulario
2331 3669 2697 3754 antiquiore
2760 3666 3022 3753 fideque
3069 3665 3245 3731 haud
3290 3665 3601 3752 indigno,

551 3771 962 3857 legebantur.
1036 3771 1099 3836 A
1147 3771 1385 3858 quibus
1430 3777 1500 3837 et
1549 3772 1692 3837 aliis
1742 3771 2151 3837 documentis
2199 3773 2396 3858 regiis
2443 3771 2739 3837 falsarius
2772 3771 3093 3836 nonnulla
3125 3771 3334 3858 spolia
3365 3769 3598 3834 callide

553 3873 917 3939 mutuando
986 3881 1427 3941 commentum
1498 3897 1686 3966 suum
1750 3876 2166 3941 concinnavit
2191 3877 2266 3958 ⁰).
2363 3875 2676 3940 Similiter
2739 3894 2999 3961 quoque
3065 3874 3202 3959 egit
3261 3875 3332 3937 in
3380 3874 3600 3941 elucu-

552 3977 803 4043 branda
849 3979 1029 4043 bulla
1073 3979 1354 4065 Eugenii
1403 4000 1610 4068 papae
1656 3980 1791 4045 III:
1841 3982 2051 4045 varias
2100 3980 2273 4043 enim
2323 3980 2671 4044 verborum
2718 3984 3112 4059 structuras,
3163 3997 3331 4062 quae
3370 3996 3600 4041 secun-

554 4080 711 4145 dum
762 4083 980 4147 stilum
1029 4084 1246 4148 curiae
1294 4083 1854 4148 confirmationem
1902 4104 2132 4149 sonare
2181 4083 2607 4167 videbantur,
2656 4080 3154 4168 agglomeravit,
3204 4101 3336 4145 non
3375 4085 3598 4145 autem

554 4190 686 4250 tam
762 4192 950 4272 apte,
1020 4192 1095 4250 ut
1164 4186 1216 4250 si
1289 4187 1434 4273 quis
1504 4188 1798 4252 conferat
1859 4208 2004 4252 cum
2069 4188 2211 4252 aliis
2259 4188 2554 4252 formulis
2601 4187 3096 4252 confirmatoriis
3141 4185 3255 4250 illo
3304 4191 3597 4270 tempore

554 4287 905 4372 adhibitis,
953 4290 1128 4355 fraus
1177 4290 1482 4355 affectata
1526 4292 1791 4378 penitus
1833 4312 1982 4356 eum
2021 4291 2227 4357 lateat
2273 4293 2413 4377 (cfr.
2459 4315 2519 4357 v.
2562 4314 2658 4379 gr.
2693 4313 2935 4357 numm.
2977 4292 3266 4373 17—20,
3302 4292 3386 4355 23
3422 4290 3597 4372 etc.).

556 4392 900 4469 Quodnam
974 4400 1194 4459 autem
1265 4396 1602 4482 exemplar
1670 4417 1982 4460 coaevum
2055 4398 2122 4461 in
2184 4396 2494 4483 fingendo
2559 4396 2778 4461 bullae
2826 4396 3014 4461 initio
3063 4394 3426 4459 adhibitum
3475 4392 3598 4474 sit,

555 4497 827 4562 indicari
898 4499 1160 4563 omnino
1232 4519 1363 4563 non
1427 4506 1682 4587 potest,
1747 4521 1893 4565 cum
1963 4506 2096 4565 tam
2155 4501 2329 4566 inter
2380 4501 2645 4586 Reqesta
2690 4499 3080 4582 Pontificum
3126 4498 3598 4577 Romanorum,

553 4621 725 4687 quae
774 4602 852 4667 cl.
903 4601 1073 4667 Jaffe
1121 4601 1355 4685 edidit,
1405 4624 1601 4689 quam
1645 4606 1716 4669 in
1761 4606 2055 4671 Bullario
2104 4611 2330 4670 nostro
2379 4604 2586 4671 altera
2631 4604 2812 4669 bulla
2857 4603 3088 4669 iisdem
3136 4601 3383 4668 verbis:
3434 4599 3602 4685 Sup-

550 4706 818 4790 plicatio
864 4705 1249 4789 charissimi,
1298 4707 1618 4795 incipiens
1666 4708 2094 4775 desideretur.
2187 4709 2402 4773 Notae
2453 4714 2674 4774 tamen
2721 4707 3219 4792 chronologicae
3264 4704 3603 4791 exemplar

554 4810 891 4874 invenitur
949 4810 1018 4873 in
1081 4811 1373 4875 Bullario
1434 4833 1612 4876 num.
1677 4815 1800 4898 243
1866 4815 2051 4900 cujus
2114 4812 2488 4900 diplomatis
2552 4812 3030 4898 autographum
3079 4815 3367 4876 aetatem
3417 4816 3596 4874 certo

726 5176 782 5239 1)
819 5176 921 5226 Csr.
958 5176 1011 5227 S.
1047 5177 1237 5227 Muller
1274 5177 1354 5227 Fz.
1422 5178 1530 5227 Het
1563 5179 1735 5228 oudsto
1779 5177 2127 5229 Cartalam-ium
2159 5194 2257 5227 van
2292 5178 2373 5227 lut
2410 5176 2574 5227 Stichi
2620 5176 2826 5226 Utreclat
2864 5175 2964 5225 [ul.
3001 5174 3431 5224 LXIII—LXIV.

724 5256 781 5319 2)
816 5257 1340 5309 Jatre-Loeuwenfeld
1376 5258 1724 5309 6925—6930.

726 5336 782 5397 3)
820 5336 1047 5388 Bohmer
1080 5339 1297 5402 Reges-ia
1328 5340 1783 5404 chronoledipM.
1819 5340 2178 5404 (Francofurti
2213 5338 2369 5403 1831)
2405 5338 2554 5390 2248.

724 5419 781 5481 4)
818 5418 1073 5482 Inleidiny
1119 5423 1194 5468 tot
1236 5421 1298 5468 de
1341 5420 1555 5469 historie
1598 5437 1695 5470 van
1735 5421 2048 5472 Golden-land
2082 5420 2262 5486 (1801)
2300 5421 2341 5471 1.
2376 5419 2473 5471 ‘247
2510 5434 2650 5484 seq.;
2685 5420 2779 5469 cfr.
2815 5420 2976 5470 etiam
3015 5417 3099 5469 W.
3135 5417 3258 5468 Mol!
3297 5416 3600 5481 Kar-kyneb-

547 5516 653 5550 van
689 5498 986 5547 Nedao-land
1020 5499 1086 5550 11.
1121 5512 1158 5550 1.
1193 5499 1474 5552 310-311.

723 5578 780 5639 5)
818 5580 1043 5629 Bolimer
1080 5582 1296 5644 Regula
1330 5581 1461 5631 2177
1495 5587 1549 5632 et
1583 5581 1730 5632 2249.

726 5659 784 5727 6)
819 5659 1009 5710 Muller
1042 5662 1078 5712 l.
1111 5662 1173 5724 l.;
1208 5663 1327 5713 vide
1360 5664 1519 5713 etiam
1553 5661 1651 5713 127
1688 5669 1743 5713 et
1775 5662 1893 5714 131.
