4450 6684
832 539 920 605 24
2137 532 2457 598 omnus
2495 530 2618 597 VI.

828 755 1013 824 1312.
1832 755 2043 838 1350,
2090 752 2329 819 Martii
2370 754 2490 835 15,
2540 752 2827 816 Avenion
2835 752 2910 815 es.

1148 909 1428 975 Henrico
1489 907 1799 994 Dembery
1862 906 2191 989 confertur
2252 906 2660 969 canonicatus
2723 911 2783 968 et
2845 910 3210 968 reservatur
3257 900 3632 988 praebenda
3673 920 3910 966 necnon

1055 1015 1368 1100 diynitas,
1427 1020 1818 1100 personatus
1887 1012 1986 1077 vel
2053 1009 2343 1093 officium
2410 1012 2479 1073 in
2540 1010 2794 1074 ecclesia
2863 1007 3277 1102 Trajectensi.
3344 1044 3428 1057 —
3487 1006 3905 1092 Deputancur

1055 1127 1428 1188 executores.

1055 1300 1404 1366 Attributa
1449 1299 1593 1365 tibi.
1620 1346 1638 1364 .
1666 1345 1682 1363 .
1713 1345 1729 1363 .
1778 1298 1934 1363 Dat.
1981 1296 2352 1382 Avinione,
2398 1296 2500 1362 Id.
2549 1295 2817 1380 Marcii,
2865 1316 3039 1362 anno
3091 1301 3347 1362 octavo.

1255 1415 1380 1479 περ.
1416 1417 1514 1465 Δυ.
1558 1416 1612 1466 T.
1647 1413 1739 1480 55,
1767 1415 1828 1478 s.
1862 1411 1969 1464 92⁹.

827 1833 1014 1902 1313.
1807 1833 2027 1914 1350,
2073 1832 2336 1917 Aprilis
2382 1833 2507 1915 23,
2556 1832 2925 1896 Avenionis.

1147 1985 1537 2051 Ghiselberto
1598 1985 1676 2050 de
1738 1986 1979 2050 Rienen
2006 1986 2058 2069 1)
2118 1986 2541 2067 conferuntur
2600 1984 3043 2068 canonicatus,
3095 1983 3470 2068 praebenda
3532 1992 3595 2049 et
3650 1985 3904 2070 supple·

1049 2099 1323 2156 mentum
1385 2093 1455 2156 in
1511 2093 1765 2156 ecclesia
1818 2091 2244 2175 Traiectensi‚
2305 2091 2601 2155 vacantia
2634 2109 2762 2174 per
2807 2088 3043 2154 obitum
3104 2088 3429 2155 Willermi
3483 2090 3560 2155 de
3605 2090 3798 2155 Raelt
3841 2096 3903 2154 et

1050 2196 1151 2261 die
1210 2199 1301 2261 19
1346 2197 1692 2262 Februarii
1732 2199 2022 2282 proxime
2068 2199 2283 2281 elapso
2330 2196 2734 2281 dispositioni
2777 2194 2942 2259 sedis
2987 2195 3369 2281 apostolicae
3414 2203 3757 2262 reservata.
3814 2232 3898 2244 —-

1051 2301 1468 2388 Deputantur
1513 2310 1882 2368 executores.

1050 2488 1209 2554 Vite
1256 2508 1332 2553 ac
1378 2507 1652 2552 morum.
1685 2534 1701 2550 .
1730 2534 1747 2550 .
1775 2532 1793 2552 .
1850 2486 2003 2552 Non
2051 2486 2472 2551 obstantibus
2520 2532 2537 2549 .
2567 2532 2582 2549 .
2611 2532 2628 2549 .
2678 2483 2854 2572 quod
2902 2485 2973 2549 in
3018 2485 3297 2551 ecclesia
3343 2486 3555 2551 sancti
3601 2485 3892 2552 Lebuini

826 2594 1293 2661 Daventriensi
1354 2593 1812 2658 canonicatum
1879 2598 1947 2658 et
2007 2591 2414 2679 prebendam
2478 2591 2741 2656 obtines
2791 2596 2861 2656 et
2906 2606 3104 2677 super
3150 2597 3389 2679 quarta
3435 2597 3627 2680 parte
3672 2612 3896 2679 parro-

825 2702 1053 2766 chialis
1123 2699 1399 2766 ecclesie
1467 2698 1791 2764 Elstensis
1859 2720 1979 2785 per
2047 2704 2333 2786 quatuor
2403 2697 2595 2764 solite
2666 2698 3022 2784 gubernari
3094 2703 3386 2764 rectores
3449 2698 3898 2786 'trajectensis

826 2807 1103 2871 diocesis
1124 2854 1141 2888 ,
1210 2826 1340 2892 que
1409 2805 1834 2870 canonicatus
1905 2809 1974 2869 et
2040 2804 2381 2891 prebenda
2446 2804 2812 2890 vulgariter
2872 2809 3295 2891 nuncupatur
3315 2853 3333 2890 ,
3398 2810 3591 2871 extra
3654 2804 3898 2870 dictam

827 2913 1074 2977 curiam
1119 2911 1341 2998 litigas
1362 2961 1379 2996 ,
1440 2909 1749 2998 quodque
1799 2909 1882 2976 de
1928 2910 2347 2998 prepositura
2392 2910 2769 2976 Westfrisie
2821 2957 2837 2974 .
2864 2956 2880 2974 .
2909 2956 2926 2975 .
2956 2957 2973 2975 .
3024 2909 3146 2975 tibi
3193 2909 3503 2976 duximus
3548 2909 3898 2998 providen-

825 3016 980 3082 dum
1004 3019 1082 3103 2).
1115 3065 1130 3082 .
1158 3064 1174 3082 .
1203 3064 1219 3082 .
1267 3016 1423 3082 Dat.
1468 3016 1833 3100 Avinione,
1880 3016 2088 3083 VIIII
2134 3016 2245 3082 Kl.
2293 3015 2490 3101 Maji,
2539 3036 2713 3081 anno
2763 3020 3017 3083 octavo.

1243 3133 1370 3197 Ray.
1404 3131 1499 3183 Δυ.
1545 3135 1600 3183 Τ.
1634 3132 1723 3197 54,
1751 3133 1813 3197 s.
1846 3131 1988 3184 319⁰.

976 3260 1033 3328 1)
1070 3259 1242 3313 Codex
1277 3260 1462 3313 habet:
1501 3261 1565 3312 de
1601 3260 1819 3313 Rieven.
2020 3259 2078 3326 2)
2114 3260 2289 3326 Supra
2323 3274 2474 3312 num.
2511 3256 2659 3311 1298.

823 3700 1013 3768 1314.
1814 3702 2027 3786 1350,
2075 3702 2335 3786 Aprilis
2381 3703 2495 3784 27,
2538 3701 2904 3765 Avenionis.

1138 3853 1432 3920 Johanni
1476 3854 1642 3919 dicto
1687 3854 1992 3919 Mochart
2023 3857 2396 3940 praeposito
2442 3855 2727 3920 ecclesiae
2772 3852 3226 3918 Arnhemensis
3278 3852 3458 3937 Traj.
3508 3854 3697 3920 dioec.
3744 3874 3891 3921 con-

1047 3960 1290 4024 ceditur
1347 3962 1763 4047 privileqium
1818 3962 2158 4046 plenariae
2225 3962 2504 4026 omnium
2559 3967 2967 4046 peccatorum
3034 3961 3422 4026 remissionis
3484 3963 3554 4025 in
3612 3962 3888 4027 articulo

1052 4068 1291 4132 mortis.
2633 4070 2643 4081 “

1048 4249 1369 4315 Provenit
1415 4271 1524 4316 ex.
1552 4297 1568 4314 .
1600 4298 1618 4315 .
1646 4298 1662 4314 .
1710 4250 1867 4315 Dat.
1915 4250 2284 4335 Avinione,
2333 4249 2397 4315 V
2445 4249 2555 4314 Kl.
2602 4248 2802 4334 Maji,
2851 4270 3023 4315 anno
3071 4256 3328 4317 octavo·

1244 4368 1370 4431 1209.
1404 4367 1500 4417 Ao.
1546 4369 1601 4418 T.
1639 4365 1730 4431 51,
1756 4368 1818 4432 s.
1851 4365 1965 4417 488.

826 4783 1014 4851 1315.
1726 4787 1937 4870 1350,
1983 4786 2157 4870 Maji
2200 4787 2282 4870 2,
2340 4806 2445 4872 ap.
2508 4785 3000 4853 Villamnovam.

1146 4933 1439 4999 Gerardo
1506 4942 1658 5001 nato
1718 4935 2039 5021 quondam
2093 4935 2449 5001 Eremberti
2508 4936 2585 5001 de
2644 4936 2880 5001 Verart
2926 4936 3256 5020 confertur
3290 4943 3608 5021 perpetua
3652 4936 3893 5000 vicaria
3988 4988 4000 4996 .

1053 5039 1286 5104 altaris
1349 5039 1418 5104 S.
1484 5039 1706 5107 Orucis
1767 5043 1882 5106 siti
1940 5045 2010 5106 in
2073 5044 2328 5107 ecclesia
2389 5042 2457 5107 S.
2507 5041 2868 5108 Salvatoris
2922 5041 3106 5126 Traj.
3126 5091 3146 5127 ‚
3194 5061 3425 5107 vacans
3456 5062 3582 5126 per
3632 5041 3891 5108 liberam

1053 5146 1538 5230 resiqnationem
1584 5146 1858 5233 Riquini
1917 5147 2344 5234 Uppenoerde.
2397 5185 2479 5196 —
2527 5147 2949 5233 Deputantur
2992 5154 3368 5214 executores.

1050 5326 1208 5392 Vite
1275 5347 1351 5392 ac
1412 5348 1689 5394 morum.
1717 5376 1734 5393 .
1762 5375 1780 5395 .
1808 5375 1825 5394 .
1896 5329 2050 5396 Dat.
2113 5328 2290 5417 apud
2353 5330 2841 5396 Villamnovam
2901 5330 3376 5399 Avinionensis
3440 5327 3746 5412 diocesis,
3792 5327 3895 5394 VI

826 5432 999 5499 Non.
1047 5432 1245 5518 Maji,
1293 5453 1467 5497 anno
1517 5440 1772 5500 octavo·

1243 5549 1370 5614 12⁶9.
1402 5551 1501 5601 Ao.
1544 5551 1599 5601 T.
1633 5549 1721 5617 53,
1745 5553 1805 5617 s.
1839 5549 1956 5604 181.
