4450 6684
1755 528 2158 594 Gnneomus
2203 525 2327 590 XI.
3446 527 3578 590 213
3638 514 3649 526 ’

510 753 709 822 2047.
1498 750 1707 830 1372,
1757 747 2016 834 Aprilis
2062 745 2183 827 19,
2230 745 2596 808 Avenionia

828 906 1082 970 Decano
1146 905 1433 969 ecclesiae
1481 902 1550 967 S.
1600 901 1790 965 Petri
1841 900 2027 982 Traj.
2078 897 2456 980 mandatur,
2518 905 2592 961 ut
2642 896 2933 961 Gerardo
2978 896 3055 961 de
3101 896 3245 960 Ziza
3288 900 3584 962 canonico

754 1012 935 1094 Traj.
984 1011 1317 1096 provideri
1376 1009 1583 1092 faciat
1626 1008 1703 1071 de
1736 1005 2108 1092 parochiali
2152 1006 2405 1069 ecclesia
2453 1005 2519 1067 in
2570 1002 3010 1082 Ouderkerke,
3056 1011 3316 1067 vacante
3360 1025 3435 1068 ex
3480 1025 3547 1069 eo
3568 1053 3586 1087 ,

744 1118 914 1204 quod
975 1116 1303 1182 Johannes
1363 1115 1440 1180 de
1501 1114 1709 1200 Dryel
1734 1114 1788 1196 1)
1849 1112 2031 1192 infra
2095 1119 2336 1196 tempus
2386 1112 2861 1196 praescriptum
2922 1129 2986 1173 se
3045 1130 3172 1174 non
3231 1112 3452 1192 fecerit
3513 1115 3584 1177 in

746 1224 1177 1310 presbyterum
1216 1223 1595 1308 promoveri.

763 1405 1054 1491 Dignum
1101 1406 1555 1471 arbitramur„
1586 1454 1600 1468 .
1629 1450 1643 1465 .
1691 1401 1849 1467 Dat.
1894 1400 2261 1481 Avinione,
2309 1398 2519 1463 XIIII
2563 1398 2672 1464 ΚῙ.
2723 1399 3009 1485 Aprilis,
3055 1420 3228 1464 anno
3277 1398 3587 1466 secunde.

948 1541 1073 1605 Περ.
1110 1541 1207 1589 Αυ.
1252 1542 1307 1590 T.
1340 1539 1431 1602 12,
1459 1540 1519 1604 s.
1551 1537 1666 1588 133.

680 1686 739 1752 1)
774 1686 918 1736 Driel
953 1687 1009 1735 in
1046 1684 1235 1735 Gelria.

533 2009 736 2078 2048.
1531 2010 1739 2091 1372,
1790 2009 2024 2072 Martii
2066 2011 2183 2091 19,
2237 2009 2597 2072 Avenionia

850 2166 1318 2231 Archidiacono
1389 2164 1811 2230 Arnhemensi
1878 2163 2324 2242 committitur,
2395 2168 2469 2223 ut
2526 2162 2896 2244 simpliciter
2957 2181 3211 2225 causam
3258 2163 3485 2227 audiat
3530 2170 3590 2227 et

759 2273 1049 2336 decernat
1106 2292 1225 2354 pro
1289 2269 1610 2354 Stephano
1679 2269 1755 2333 de
1812 2267 2090 2332 Manher
2149 2274 2369 2330 curato
2405 2266 2804 2350 parochialis
2850 2268 3133 2332 ecclesiae
3177 2267 3253 2331 de
3297 2268 3585 2359 Maisan,

762 2380 876 2461 qui
919 2398 1260 2461 conyruam
1296 2378 1652 2460 portionem
1700 2375 2083 2438 decimarum
2130 2374 2460 2454 fructuum
2500 2374 2569 2435 in
2609 2393 2726 2436 sua
2766 2372 3080 2457 parochia
3117 2382 3595 2447 excrescentium

764 2503 805 2547 a
849 2481 1081 2546 decano
1127 2490 1186 2546 et
1232 2483 1512 2566 capitulo
1561 2480 1627 2544 S.
1681 2480 1870 2544 Petri
1923 2479 2104 2562 Traj.
2151 2478 2273 2543 sibi
2319 2477 2666 2542 taxandam
2703 2481 3078 2562 postulavit.

772 2660 1032 2725 Dilecto
1080 2659 1214 2724 filio
1263 2658 1675 2724 arcidiacono
1723 2658 2169 2724 Arnhemensi
2213 2660 2284 2723 in
2331 2660 2607 2726 ecclesia
2652 2661 3058 2746 Trajectensi
3107 2666 3384 2731 salutem
3433 2676 3544 2735 etc.

771 2765 1087 2831 Exhibita
1134 2765 1324 2830 nobis
1372 2786 1489 2851 pro
1538 2772 1726 2852 parte
1776 2764 1996 2830 dilecti
2044 2766 2162 2830 filii
2213 2765 2532 2852 Stephani
2582 2766 2663 2831 de
2710 2767 2989 2833 Manher
3019 2773 3320 2856 perpetui
3355 2775 3608 2861 vicarii,

556 2873 764 2937 curati
827 2872 1224 2959 nuncupati,
1284 2871 1704 2958 parrochialis
1769 2873 2039 2937 ecclesie
2100 2873 2171 2936 in
2233 2871 2489 2938 Malsen
2551 2872 2989 2957 Trajectensis
3050 2875 3325 2943 diocesis
3373 2883 3614 2967 peticio

558 2979 978 3060 continebat,
1043 2978 1218 3064 quod
1284 2983 1643 3064 perpetuus
1706 2978 1985 3043 vicarius
2048 2976 2223 3044 dicte
2288 2979 2560 3044 ecclesie
2607 3000 2724 3065 pro
2772 2984 3067 3066 tempore
3113 2983 3441 3070 existens,
3493 3008 3621 3074 que

558 3085 823 3173 quidem
872 3086 1146 3151 ecclesia
1191 3085 1600 3171 parrochiam
1649 3085 2000 3171 spatiosam
2048 3089 2117 3149 et
2160 3084 2453 3150 lucosam
2496 3084 2742 3151 habere
2794 3085 3186 3172 dinoscitur,
3237 3092 3391 3177 quia
3437 3093 3616 3159 mille

560 3193 857 3279 personis
906 3191 1345 3260 ecclesiastica
1392 3190 1817 3256 Sacramenta
1864 3192 2270 3274 ministrare,
2327 3191 2621 3256 divinum
2671 3192 2952 3257 officium
3001 3196 3241 3262 cotidie
3289 3199 3621 3265 celebrare

564 3321 824 3366 necnon
885 3300 955 3364 in
1008 3299 1281 3383 singulis
1330 3298 1562 3363 diebus
1611 3298 1952 3363 dominicis
2001 3306 2068 3364 et
2115 3300 2311 3364 certis
2358 3299 2824 3364 festivitatibus
2873 3302 3145 3366 verbum
3194 3303 3321 3370 Dei
3369 3312 3504 3371 tam
3549 3309 3620 3372 in

568 3406 745 3472 dicta
793 3406 1066 3471 ecclesia
1111 3426 1306 3491 quam
1352 3407 1422 3469 in
1468 3404 1750 3491 quadam
1800 3406 2082 3491 capella,
2131 3405 2304 3469 infra
2342 3404 2582 3470 dictam
2623 3407 3031 3492 parrochiam
3071 3410 3433 3494 existente,
3482 3435 3628 3499 pre-

576 3513 794 3579 dicare
856 3518 924 3578 et
982 3513 1253 3598 insuper
1305 3513 1458 3596 jura
1520 3511 1917 3597 episcopalia
1979 3519 2046 3576 et
2109 3510 2608 3576 arcidiaconalia
2677 3514 2865 3577 annis
2923 3514 3196 3600 singulis
3244 3526 3629 3605 supportare

571 3627 642 3687 et
707 3621 882 3684 ultra
946 3618 1072 3684 hoc
1140 3619 1641 3704 procuraciones
1709 3618 2075 3703 legatorum
2139 3624 2206 3683 et
2271 3619 2657 3682 nunciorum
2717 3621 3073 3704 apostolice
3139 3623 3311 3688 sedis
3375 3646 3632 3692 necnon

569 3726 1038 3791 subventiones
1086 3725 1590 3807 ordinariorum,
1640 3746 1787 3788 cum
1834 3725 2288 3809 imponuntur,
2339 3724 2590 3789 solvere
2640 3746 2714 3788 ac
2761 3725 3242 3793 habitacionem
3288 3751 3407 3815 pro
3455 3753 3524 3797 se
3566 3738 3634 3797 et

567 3835 700 3898 suis
772 3831 1172 3914 conducere,
1247 3831 1766 3918 hospitalitatem
1839 3852 2034 3895 causa
2102 3831 2392 3895 caritatis
2466 3836 2598 3895 tam
2669 3832 3161 3897 transeuntibus
3236 3856 3430 3921 quam
3494 3838 3637 3901 aliis

574 3942 888 4008 exhibere
950 3944 1248 4021 tenetur,
1298 3939 1603 4025 quodque
1653 3939 1898 4003 dudum
1946 3939 2239 4024 prefatus
2288 3937 2697 4023 Stephanus,
2746 3959 2893 4002 cum
2951 3938 3243 4025 videret,
3294 3942 3469 4028 quod
3518 3964 3635 4030 pro

573 4047 876 4113 omnibus
921 4045 1296 4131 hujusmodi
1345 4046 1656 4111 oneribus
1705 4044 2166 4131 supportandis
2215 4064 2472 4108 necnon
2519 4064 2637 4129 pro
2685 4046 3172 4110 sustentacione
3222 4068 3340 4112 sua
3370 4049 3634 4135 propria
3745 4027 3748 4029 .

567 4175 644 4219 ac
708 4154 867 4219 socii
914 4152 1295 4239 ⁴presbyteri
1359 4157 1428 4216 et
1490 4151 1946 4232 familiarium,
2011 4150 2249 4236 quibus
2298 4170 2415 4235 pro
2464 4149 2750 4235 regenda
2798 4155 2983 4214 tanta
3030 4172 3185 4216 cura
3235 4174 3453 4219 carere
3502 4175 3636 4219 non

574 4267 868 4348 poterat,
931 4258 1013 4324 de
1077 4258 1396 4323 fructibus
1456 4258 1754 4342 ejusdem
1819 4257 2092 4322 ecclesie
2156 4258 2329 4320 ultra
2384 4255 2818 4341 quadraginta
2865 4256 3258 4321 florenorum
3309 4260 3452 4323 auri
3498 4281 3631 4325 non

571 4368 939 4454 perciperet
1001 4366 1381 4449 annuatim,
1447 4371 1516 4429 et
1581 4363 1756 4451 quod
1817 4363 2040 4428 dilecti
2086 4363 2202 4427 filii
2252 4362 2537 4427 decanus
2585 4367 2653 4426 et
2698 4363 3055 4449 capitulum
3103 4364 3378 4429 ecclesie
3427 4366 3639 4431 sancti

584 4473 767 4539 Petri
816 4472 1254 4559 Trajectensis
1303 4492 1528 4536 omnes
1576 4471 1861 4536 decimas
1907 4470 2369 4556 provenientes
2410 4490 2494 4534 ex
2533 4468 2850 4534 fructibus
2890 4472 3422 4535 excrescentibus
3463 4472 3633 4538 infra

572 4581 815 4645 limites
877 4578 1215 4665 parrochie
1280 4578 1454 4643 dicte
1513 4578 1823 4660 ecclesie,
1873 4596 2000 4663 que
2050 4575 2132 4640 ad
2180 4596 2490 4660 magnum
2537 4576 2823 4641 valorem
2872 4576 3274 4660 ascendunt,
3324 4579 3642 4665 percipie·

576 4687 773 4769 bant,
838 4706 984 4751 cum
1046 4685 1293 4750 eisdem
1360 4684 1608 4750 decano
1674 4690 1741 4749 et
1806 4685 2092 4771 capitulo
2149 4689 2283 4747 tam
2332 4704 2528 4769 super
2573 4684 2854 4747 rectoria
2900 4684 3073 4749 dicte
3128 4685 3399 4751 ecclesie
3446 4708 3642 4773 quam

579 4791 955 4879 hujusmodi
1018 4792 1285 4857 decimis
1346 4792 1415 4856 in
1461 4792 1713 4878 palacio
1760 4792 2119 4877 apostolico
2167 4790 2352 4855 litem
2398 4792 2632 4874 movit,
2682 4792 2752 4856 in
2799 4813 2929 4878 qua
2972 4792 3457 4879 depauperatus
3505 4816 3640 4860 non

569 4901 821 4966 habens
885 4898 966 4965 de
1031 4922 1157 4986 quo
1225 4920 1488 4963 causam
1534 4903 2071 4985 prosequeretur,
2143 4897 2490 4962 succubuit
2537 4903 2604 4962 et
2649 4899 2773 4962 fuit
2818 4899 2888 4963 in
2937 4899 3246 4985 expensis
3299 4901 3369 4964 in
3414 4901 3643 4986 hujus·

579 5006 757 5073 modi
805 5029 1002 5072 causa
1046 5006 1234 5071 factis
1282 5005 1819 5091 condempnatus.
1884 5004 2049 5070 Cum
2098 5009 2357 5087 autem,
2406 5004 2577 5067 sicut
2624 5003 2854 5070 eadem
2885 5006 3126 5091 peticio
3161 5006 3636 5092 subjungebat,

567 5114 745 5179 idem
794 5114 1200 5200 Stephanus,
1250 5113 1522 5177 attentis
1570 5110 2075 5176 adversitatibus
2107 5111 2638 5196 pestilenciarum
2676 5119 2745 5176 et
2776 5111 3218 5194 caristiarum,
3259 5134 3387 5198 que
3418 5120 3639 5199 partes

579 5220 1035 5305 TraJectenses
1080 5220 1244 5307 proh
1291 5219 1477 5284 dolor
1524 5218 1914 5303 tetigerunt,
1965 5238 2097 5282 non
2143 5218 2352 5303 possit
2400 5217 2481 5283 de
2527 5218 2684 5301 hiis,
2736 5239 2862 5304 que
2909 5219 3187 5304 percipit
3234 5240 3320 5283 ex
3366 5239 3645 5304 proven-

571 5327 749 5391 tibus
813 5327 987 5393 diote
1049 5327 1474 5413 parrochialis
1521 5325 1827 5408 ecclesie,
1894 5345 2095 5389 onera
2140 5325 2299 5409 sibi,
2348 5332 2424 5391 ut
2470 5325 2823 5412 prefertur,
2870 5325 3326 5390 incumbencia
3371 5346 3644 5412 suppor-

573 5438 751 5515 tare,
816 5454 934 5520 pro
997 5439 1184 5520 parte
1249 5431 1407 5496 dicti
1470 5431 1791 5518 Stephani
1839 5431 2031 5495 nobis
2078 5431 2202 5496 fuit
2247 5432 2586 5496 humiliter
2632 5429 3105 5517 supplicatum,
3167 5436 3242 5494 ut
3288 5451 3643 5516 congruam

580 5541 957 5626 porcionem
1017 5540 1100 5605 de
1163 5539 1434 5626 prefatis
1497 5537 1766 5604 decimis
1831 5538 1954 5601 sibi
2018 5538 2269 5621 taxari,
2334 5539 2535 5602 statui
2605 5544 2673 5602 et
2721 5536 3038 5619 ordinari,
3107 5537 3188 5601 de
3233 5537 3647 5623 benignitate

568 5646 935 5731 apostolica
995 5644 1475 5711 mandaremus.
1571 5644 1709 5709 Nos
1759 5643 2021 5730 itaque,
2068 5642 2447 5729 hujusmodi
2493 5641 3086 5729 supplicacionibus
3132 5643 3461 5725 inclinati,
3515 5642 3642 5707 dis-
