4450 6684
1794 537 2128 602 Uannius
2173 535 2260 599 V.
3438 542 3564 605 173

496 765 850 852 deputato,
914 766 1066 848 post
1126 763 1368 825 multas
1430 761 1893 826 altercationes
1954 759 2131 825 inter
2195 780 2309 824 eos
2375 760 2714 824 occasione
2778 759 3100 825 dictarum
3165 761 3565 828 decimarum

496 872 758 937 habitas
819 891 936 956 pro
999 873 1182 934 certa
1244 888 1496 932 summa
1556 867 1836 952 pecunie
1897 866 2113 932 eidem
2157 865 2497 931 Bernardo
2543 866 2979 953 persolvenda
3024 868 3566 936 concordaverint

500 978 791 1064 dictique
852 975 1089 1064 prelati
1154 979 1222 1039 et
1285 973 1574 1061 capitula
1638 972 2015 1057 hujusmodi
2084 993 2402 1037 summam
2468 978 2535 1037 et
2584 973 2756 1036 ultra
2802 994 2840 1037 a
2889 973 3144 1039 dilectis
3191 975 3342 1040 filiis
3392 978 3565 1042 clero

500 1085 787 1151 civitatis
846 1090 915 1148 et
963 1082 1242 1148 diocesis
1291 1080 1660 1167 receperint
1707 1101 1781 1144 ac
1827 1080 2027 1144 iidem
2078 1080 2282 1144 abbas
2330 1083 2397 1144 et
2444 1086 2808 1144 conventus
2857 1083 3235 1147 monasterii
3284 1082 3570 1167 Egmon-

508 1192 731 1257 densis
799 1188 1178 1275 hujusmodi
1249 1186 1568 1252 decimam
1639 1184 1998 1251 secundum
2060 1191 2270 1250 ratam
2335 1207 2447 1251 eos
2502 1187 2998 1271 contingentem
3046 1208 3163 1253 seu
3211 1189 3570 1254 secundum

506 1301 781 1366 formam
842 1298 914 1362 in
975 1297 1214 1362 litteris
1277 1296 1518 1360 nostris
1582 1316 1779 1382 super
1833 1292 2208 1379 hujusmodi
2259 1295 2682 1359 concessione
2731 1293 2905 1360 dicte
2954 1296 3205 1362 decime
3255 1297 3568 1362 confectis

508 1413 887 1473 contentam
950 1406 1202 1470 solvere
1265 1405 1478 1490 parati
1525 1403 1770 1468 fuerint
1818 1407 1886 1467 et
1935 1402 2069 1466 sint
2116 1402 2316 1466 etiam
2365 1401 2445 1465 de
2492 1402 2825 1487 presenti,
2883 1409 3104 1468 tamen
3154 1403 3366 1469 dictus
3412 1405 3573 1471 Ber·

506 1514 756 1581 nardus
803 1534 920 1579 seu
967 1513 1063 1576 sui
1113 1512 1184 1576 in
1229 1511 1351 1575 hac
1398 1515 1584 1596 parte
1634 1509 1922 1594 delegati
1970 1529 2044 1573 ac
2091 1508 2327 1595 prelati
2377 1514 2445 1573 et
2492 1510 2780 1596 capitula
2828 1510 3184 1595 supradicti
3232 1533 3272 1576 a
3303 1512 3572 1599 prefatis

509 1622 750 1687 abbate
822 1625 890 1685 et
960 1624 1290 1683 conventu
1363 1622 1694 1682 trecentos
1767 1622 2071 1680 mutones
2134 1616 2274 1679 auri
2341 1620 2772 1701 extorquere,
2836 1618 2993 1681 licet
3053 1618 3295 1683 dictum
3346 1640 3572 1684 eorum

511 1727 980 1793 monasterium
1028 1724 1110 1789 ad
1158 1725 1438 1788 multum
1487 1723 1700 1787 minus
1749 1723 1833 1786 sit
1882 1727 2218 1802 taxatum,
2271 1726 2338 1785 et
2385 1720 2464 1784 ad
2499 1722 2623 1786 hoc
2656 1743 2769 1786 eos
2800 1730 3112 1809 pretextu
3145 1746 3567 1809 processuum

504 1840 734 1900 contra
794 1853 929 1897 non
991 1832 1321 1897 solventes
1390 1831 1630 1894 dictam
1696 1829 2012 1894 decimam
2061 1835 2129 1892 et
2176 1849 2401 1892 00111111
2452 1829 2791 1894 occasione
2840 1832 3222 1895 emissorum
3271 1840 3563 1899 coartare

506 1942 825 2006 nituntur.
923 1937 1140 2013 Quare
1203 1957 1321 2023 pro
1385 1943 1573 2024 parte
1622 1935 1944 2000 dictorum
1992 1934 2252 1999 abbatis
2301 1941 2368 1999 et
2414 1942 2779 2000 conventus
2825 1937 3015 2001 nobis
3061 1938 3187 2002 fuit
3231 1939 3567 2006 humiliter

506 2048 972 2135 supplicatum,
1036 2052 1110 2111 ut
1158 2066 1304 2109 cum
1351 2045 1476 2131 ipsi
1524 2042 1605 2107 ad
1654 2042 2040 2106 solvendum
2086 2041 2464 2125 hujusmodi
2512 2048 2842 2108 trecentos
2891 2050 3193 2111 mutones
3240 2050 3380 2112 auri
3425 2070 3559 2115 non

506 2154 865 2235 sufficiant,
929 2152 1273 2240 providere
1338 2152 1433 2215 eis
1496 2170 1692 2237 super
1746 2148 2079 2235 premissis
2126 2147 2208 2212 de
2256 2148 2665 2233 benignitate
2715 2152 3072 2236 apostolica
3118 2153 3555 2240 dignaremur.

505 2260 643 2325 Nos
702 2261 961 2345 itaque,
1009 2255 1384 2343 hujusmodi
1432 2253 2018 2342 supplicationibus
2065 2253 2389 2336 inclinati,
2438 2253 2831 2318 fraternitati
2882 2262 2994 2321 tue
3043 2280 3160 2345 per
3206 2265 3565 2348 apostolica

511 2368 754 2452 scripta
816 2365 1235 2443 mandamus,
1302 2363 1611 2449 quatinus
1675 2361 1924 2424 vocatis
1987 2361 2097 2445 qui
2159 2359 2404 2424 fuerint
2467 2362 2784 2426 evocandi
2847 2370 2915 2427 et
2977 2366 3218 2431 auditis
3263 2368 3572 2435 hincinde

512 2474 864 2561 propositis
914 2471 1294 2559 simpliciter
1342 2476 1411 2535 et
1457 2468 1538 2533 de
1586 2470 1781 2556 plano
1830 2489 1905 2531 ac
1954 2468 2094 2531 sine
2142 2467 2424 2552 strepitu
2473 2474 2541 2532 et
2587 2468 2796 2554 figura
2834 2471 3068 2555 judicii
3111 2474 3286 2559 quod
3324 2477 3581 2560 justum

510 2581 709 2646 fuerit
773 2579 1213 2666 appellatione
1282 2583 1532 2641 remota
1581 2576 1919 2655 decernas,
1981 2573 2227 2639 faciens
2277 2574 2451 2659 quod
2501 2574 2868 2640 decreveris
2916 2580 3309 2645 auctoritate
3358 2588 3586 2649 nostra

518 2686 790 2749 firmiter
853 2684 1204 2748 observari.
1301 2683 1535 2747 Testes
1600 2687 1851 2762 autem,
1910 2680 2021 2765 qui
2068 2678 2315 2743 fuerint
2363 2680 2713 2756 nominati,
2764 2683 2818 2746 si
2866 2704 2935 2748 se
2982 2685 3231 2769 gratia,
3283 2685 3434 2752 odio
3482 2689 3590 2754 vel

520 2794 752 2857 timore
804 2792 1281 2872 subtraxerint,
1329 2810 1448 2876 per
1494 2808 1837 2853 censuram
1880 2786 2390 2851 ecclesiasticam
2423 2788 2866 2874 appellatione
2899 2797 3198 2857 cessante
3232 2795 3588 2880 compellas

517 2900 784 2965 veritati
829 2898 1280 2963 testimonium
1326 2896 1709 2983 perhibere3
1772 2915 1892 2958 nos
1941 2893 2393 2976 obstantibus,
2461 2895 2514 2958 si
2563 2895 2811 2960 eisdem
2859 2899 3129 2984 prelatis
3177 2906 3245 2964 et
3292 2902 3579 2987 capitulo

519 3007 625 3070 vel
689 3005 1025 3091 quibusvis
1092 3004 1236 3068 aliis
1298 3002 1732 3068 communiter
1793 3000 1898 3065 vel
1961 2999 2221 3063 divisim
2276 3022 2316 3064 a
2361 3000 2616 3086 prefata
2663 3004 2747 3066 sit
2796 3003 2951 3069 sede
2998 3005 3365 3090 indultum,
3415 3006 3590 3092 quod

524 3110 863 3192 interdici,
932 3109 1245 3196 suspendi
1307 3110 1413 3174 vel
1476 3106 2031 3173 excommunicari
2077 3126 2211 3170 non
2258 3108 2512 3193 possint
2557 3129 2675 3194 per
2719 3109 2974 3174 litteras
3022 3113 3413 3198 apostolicas
3459 3134 3596 3179 non

524 3217 845 3282 facientes
907 3217 1169 3304 plenam
1233 3222 1300 3280 et
1365 3235 1742 3301 expressam
1807 3235 1881 3278 ac
1946 3212 2029 3277 de
2078 3213 2278 3277 verbo
2327 3212 2412 3278 ad
2458 3216 2731 3280 verbum
2780 3216 2862 3281 de
2909 3217 3167 3283 indulto
3215 3220 3594 3304 hujusmodi

517 3325 943 3389 mentionem.
1024 3324 1176 3387 Dat.
1227 3321 1401 3410 apud
1449 3321 2134 3401 Montemflasconem,
2184 3319 2317 3385 XV
2363 3320 2472 3385 Kl.
2522 3321 2737 3405 Junii,
2788 3345 2961 3389 anno
3010 3325 3311 3412 septimo.

933 3441 1062 3503 περ.
1095 3442 1197 3489 Αυ.
1238 3442 1296 3489 T.
1328 3438 1419 3498 20,
1447 3441 1508 3503 s.
1542 3437 1658 3488 477.

672 3568 727 3630 1)
765 3569 870 3618 Csr.
906 3583 1066 3631 supra
1102 3582 1251 3617 1111111.
1285 3566 1434 3616 1834.

520 3958 709 4025 1876.
1346 3959 1554 4036 1369,
1607 3955 1777 4039 Majz·
1823 3956 1940 4036 22,
1990 3976 2095 4039 ap.
2144 3955 2783 4039 Montemflasconem.

848 4114 988 4179 Pro
1034 4113 1255 4177 abbate
1301 4120 1360 4176 et
1404 4118 1707 4176 conventu
1754 4112 2122 4175 monasterii
2166 4110 2624 4195 Eymondensis
2671 4114 3083 4199 infrascripti
3126 4115 3214 4180 ad
3260 4118 3602 4181 triennium

752 4221 1146 4307 deputantur
1193 4227 1673 4284 conservatores.

756 4405 1034 4470 Dilectis
1104 4404 1255 4468 filiis
1325 4403 1878 4468 Vliederlacensis
1950 4402 2101 4486 (sic)
2138 4403 2188 4485 ¹)
2258 4408 2328 4468 et
2396 4405 2605 4467 sancti
2674 4404 3014 4468 Michaelis
3082 4404 3603 4491 Antwerpiensis

535 4510 927 4577 Leodiensis
966 4516 1035 4574 et
1066 4509 1556 4575 Cameracensis
1588 4506 1946 4572 diocesium
1978 4508 2520 4573 monasteriorum
2556 4509 2905 4574 abbatibus
2936 4530 3013 4574 ac
3045 4509 3293 4575 decano
3327 4512 3601 4578 ecclesie

530 4618 744 4682 sancti
790 4616 1057 4681 Martini
1106 4614 1492 4680 Leodiensis
1541 4614 1819 4679 salutem
1866 4622 1976 4677 etc.

757 4721 1075 4786 Militanti
1139 4721 1435 4786 ecclesie.
1467 4768 1481 4783 .
1510 4767 1525 4782 .
1558 4768 1573 4782 .
1646 4720 1799 4784 Dat.
1865 4718 2038 4805 apud
2100 4719 2781 4804 Montemflasconem,
2850 4722 2953 4786 XI
2998 4722 3110 4787 Kl.
3158 4722 3377 4806 Junii,
3427 4744 3600 4788 anno

530 4829 830 4915 septimo.

954 4933 1081 4995 Ray.
1116 4933 1216 4981 Δυ.
1259 4933 1312 4980 Τ.
1346 4930 1436 4992 20,
1464 4932 1526 4994 f.
1556 4930 1671 4980 394.

684 5066 743 5127 1)
781 5064 1100 5115 Vliet-beeck.

532 5406 719 5474 1877.
1366 5406 1582 5487 1369,
1630 5403 1825 5468 Junii
1870 5405 1948 5486 2,
1996 5425 2102 5488 ap.
2150 5403 2788 5484 Montemflasconem.

855 5561 1021 5628 Ocko
1068 5561 1259 5626 abbas
1306 5561 1676 5625 monasterii
1723 5559 1788 5623 S.
1843 5558 2129 5643 odulphi
2170 5560 2242 5622 in
2291 5555 2562 5620 Stauria
2606 5556 2677 5617 in
2713 5553 3116 5637 capellanum
3153 5553 3317 5617 sedis
3355 5559 3603 5637 aposto-

766 5670 922 5734 licae
959 5670 1238 5754 qratiose
1282 5669 1608 5752 recipitur.
