4450 6684
1762 516 2165 581 Gnaeonms
2210 507 2335 574 XI.
3457 493 3582 556 201

741 750 899 816 Vite
948 767 1022 812 ac
1069 764 1343 810 morum.
1372 790 1387 805 .
1416 789 1432 805 .
1461 789 1477 806 .
1534 739 1689 804 Dat.
1736 735 2105 816 Avinione,
2150 731 2216 797 V
2261 728 2362 794 Id.
2411 724 2632 806 Junii,
2682 742 2854 787 anno
2901 719 3136 806 primo.

939 879 1065 943 Ray.
1097 878 1198 927 Au.
1239 878 1291 925 T.
1329 874 1386 938 1,
1413 875 1474 937 f.
1508 870 1622 923 437.

674 993 730 1057 1)
770 991 934 1042 Hono.

526 1366 716 1435 2011.
1570 1359 1779 1439 1371,
1826 1354 2020 1419 Junii
2065 1352 2139 1432 9,
2198 1347 2553 1413 Avenionis.

845 1515 1178 1601 Rcynaldo
1239 1511 1562 1598 Reynaldi
1624 1509 1699 1573 de
1745 1507 2259 1591 Novi(o)ma9io,
2311 1499 2646 1588 Raynaldi
2692 1499 2759 1562 S.
2808 1496 3097 1560 Adriani
3142 1493 3393 1557 diaconi
3441 1489 3602 1554 Car-

759 1627 1001 1692 dinalis
1055 1624 1415 1703 domestico,
1451 1620 1738 1706 provisio
1784 1619 1914 1702 ipsi
1956 1616 2136 1699 facta
2164 1615 2215 1698 1)
2264 1613 2339 1677 de
2385 1613 2760 1677 canonicatu
2806 1616 2865 1672 et
2899 1605 3266 1691 praebenda
3312 1602 3602 1668 ecclesiae

762 1732 816 1797 b.
880 1732 1138 1796 Mariae
1209 1728 1425 1811 Traj.,
1485 1748 1610 1811 per
1671 1725 1905 1789 obitum
1971 1721 2253 1787 Gerardi
2297 1720 2452 1784 dicti
2497 1718 2572 1781 de
2617 1717 2932 1782 Pomeriis
2978 1715 3146 1778 alias
3191 1712 3267 1775 de
3312 1710 3604 1794 Bonyart

755 1837 1123 1904 vacantibus
1142 1884 1159 1917 ,
1222 1834 1670 1917 confirmatur,
1723 1831 1993 1917 perinde
2054 1850 2128 1893 ac
2181 1828 2346 1891 idem
2396 1825 2728 1890 Gerardus
2773 1822 2938 1887 sedis
2985 1821 3362 1906 apostolicae
3406 1818 3606 1899 fami-

771 1947 954 2012 liaris
1000 1966 1125 2010 non
1169 1945 1419 2027 fuisset.

771 2128 1162 2195 Laudabilia
1207 2126 1574 2213 probitatis.
1605 2172 1620 2187 .
1648 2171 1664 2188 .
1695 2171 1709 2187 .
1757 2122 1913 2188 Dat.
1960 2121 2324 2202 Avinione,
2370 2118 2436 2184 V
2482 2118 2578 2182 Id.
2620 2117 2664 2184 J
2668 2118 2836 2200 unii,
2886 2137 3058 2181 anno
3107 2115 3336 2201 primo.

954 2262 1081 2324 Ray.
1116 2261 1218 2310 An.
1261 2261 1315 2308 T.
1349 2259 1407 2320 a,
1439 2261 1498 2323 f.
1532 2256 1647 2308 350.

700 2388 752 2450 1)
789 2386 892 2437 Csr.
930 2401 1091 2450 supra
1128 2401 1277 2436 num.
1311 2385 1458 2438 1902.

546 2760 742 2829 2012.
1453 2762 1661 2843 1371,
1709 2760 1886 2825 Julii
1931 2761 2008 2843 9,
2058 2780 2162 2844 ap.
2225 2757 2714 2823 Villamnovam.

861 2915 1197 2981 Arnoldus
1268 2915 1344 2979 de
1411 2914 1669 2979 Hoerne
1736 2915 2024 2979 ecclesiae
2094 2913 2485 2996 Trajectcnsi
2532 2910 2917 2997 praeficitur
2978 2912 3045 2974 in
3106 2914 3479 2996 episcopam.
3533 2947 3616 2956 —

777 3023 975 3107 Cujus
1034 3024 1484 3088 nominationis
1543 3022 1811 3105 diversi,
1864 3042 2135 3107 quorum
2181 3023 2477 3102 interest,
2522 3020 2812 3083 certiores
2859 3018 3219 3082 redduntur
3263 3024 3323 3082 et
3366 3016 3443 3080 de
3488 3016 3623 3082 obe-

772 3130 1011 3194 dientia
1031 3179 1047 3211 ,
1094 3131 1474 3213 reverentia,
1522 3129 1745 3212 favore
1788 3128 1984 3193 eidem
2029 3128 2324 3193 Johanni
2355 3126 2772 3213 praestandis
2817 3125 3255 3190 admonentur.

776 3317 1035 3382 Dilecto
1082 3317 1218 3382 filio
1266 3316 1562 3382 Arnoldo
1612 3315 1694 3381 de
1743 3316 2013 3381 Hoerne
2062 3317 2274 3381 electo
2323 3316 2734 3401 Trajectensi
2783 3316 3061 3380 salutem
3107 3323 3215 3379 etc.

778 3423 1081 3510 Suscepti
1143 3444 1299 3487 cura
1359 3422 1694 3509 regiminis
1759 3444 1870 3487 cor
1917 3427 2213 3487 nostrum
2262 3423 2576 3487 continua
2621 3423 2841 3508 pulsat
2887 3422 3239 3506 instantia,
3288 3427 3363 3487 ut
3409 3423 3626 3489 solici-

551 3529 801 3594 tudinis
847 3529 1175 3613 debitum,
1223 3529 1305 3594 ad
1355 3529 1528 3616 quod
1577 3529 1869 3594 universi
1917 3530 2093 3595 orbis
2142 3530 2437 3595 ecclesiis
2485 3550 2606 3594 nos
2638 3529 2994 3616 apostolice
3029 3531 3363 3595 servitutis
3397 3552 3621 3597 neces-

555 3636 715 3701 sitas
782 3636 1063 3723 obligat,
1128 3657 1353 3701 earum
1416 3636 1725 3722 singulis,
1792 3643 1987 3722 prout
2052 3637 2241 3701 nobis
2297 3657 2384 3701 ex
2432 3636 2566 3701 alto
2616 3635 3036 3715 conceditur,
3083 3638 3506 3720 exolvamus,
3556 3640 3626 3704 in

557 3763 635 3808 eo
695 3743 1065 3829 potissime,
1113 3748 1189 3807 ut
1233 3744 1491 3807 illarum
1538 3744 1895 3828 regimina,
1945 3764 2073 3829 que
2120 3743 2402 3829 propriis
2452 3749 2607 3807 sunt
2653 3742 2969 3808 destitute
3016 3745 3422 3829 pastoribus,
3469 3765 3617 3831 per-

556 3851 733 3914 sonis
794 3850 1037 3914 talibus
1088 3851 1621 3933 committantur,
1687 3872 1804 3938 per
1861 3870 2138 3936 quorum
2187 3850 2529 3914 solerciam
2577 3849 3111 3935 circumspectam
3161 3854 3436 3918 ecclesie
3481 3853 3655 3942 ipse-

554 3958 624 4022 in
669 3956 1117 4043 spiritualibus
1165 3962 1234 4021 et
1265 3959 1735 4045 temporalibus
1768 3959 2034 4023 valeant
2064 3958 2399 4043 adaugeri.
2450 3956 2714 4022 Dudum
2748 3957 3071 4042 siquidem
3103 3958 3276 4024 bone
3307 3962 3621 4027 memorie

561 4062 867 4129 Johanne
939 4063 1243 4150 episcopo
1316 4064 1725 4149 TraJ'ectensi
1796 4064 2102 4149 regimini
2171 4064 2615 4149 TraJ'ectensis
2678 4063 2953 4129 ecclesie
3016 4065 3429 4150 presidente,
3501 4089 3623 4133 nos
3711 4046 3714 4049 Ι

561 4173 901 4259 cupientes
971 4171 1187 4237 eidem
1255 4172 1570 4254 ecclesie,
1640 4193 1789 4236 cum
1861 4193 1942 4237 ea
1987 4171 2244 4236 vacatio
2292 4171 2740 4256 contingeret,
2789 4192 2908 4256 per
2954 4174 3352 4258 operationis
3399 4181 3624 4241 nostre

558 4279 993 4344 ministerium
1055 4279 1287 4343 utilem
1350 4283 1418 4344 et
1463 4278 1790 4365 ydoneam
1837 4278 2172 4365 presidere
2219 4300 2606 4365 personam,
2661 4299 2777 4364 pro
2816 4279 3279 4363 jurisdictione
3328 4282 3628 4365 ejusdem

561 4386 834 4451 ecclesie
905 4408 985 4451 ea
1052 4387 1193 4451 vice
1257 4385 1659 4451 ordinacioni
1726 4391 1794 4451 et
1857 4386 2280 4474 disposicioni
2342 4391 2563 4450 nostre
2626 4385 2935 4449 duximus
2995 4386 3366 4472 specialiter
3417 4409 3626 4453 reser-

559 4492 874 4577 vandam,
939 4493 1373 4559 decernentes
1435 4498 1682 4559 extunc
1745 4494 2003 4558 irritum
2066 4498 2134 4559 et
2193 4493 2429 4576 inane,
2495 4493 2550 4556 si
2614 4513 2800 4557 secus
2856 4513 3053 4578 super
3097 4493 3223 4557 hiis
3269 4515 3388 4581 per
3433 4516 3629 4581 quos-

561 4620 819 4686 cunque
866 4600 1094 4686 quavis
1142 4601 1534 4666 auctoritate
1582 4602 1867 4666 scienter
1914 4602 2018 4665 vel
2064 4602 2448 4685 ignoranter
2493 4599 2908 4685 contingeret
2954 4601 3353 4685 attemptari.
3434 4601 3629 4667 Post-

562 4705 829 4771 modum
878 4727 1031 4772 vero
1080 4707 1336 4794 prefata
1382 4708 1659 4773 ecclesia
1704 4729 1822 4794 per
1870 4707 2125 4772 obitum
2175 4704 2474 4791 ejusdem
2520 4705 2564 4772 J
2568 4706 2843 4770 ohannis
2892 4706 3215 4792 episcopi,
3281 4708 3390 4793 qui
3439 4714 3632 4774 extra

564 4809 932 4876 Romanam
980 4813 1226 4877 curiam
1272 4812 1446 4878 diem
1496 4813 1731 4879 clausit
1778 4819 2188 4895 extremum,
2250 4811 2532 4899 pastoris
2580 4812 2814 4877 solatio
2864 4812 3218 4895 destituta,
3276 4834 3396 4878 nos
3443 4835 3635 4880 vaca·

565 4916 743 4981 tione
792 4916 1168 5002 hujusmodi
1213 4919 1563 5005 fidedignis
1606 4920 1923 4986 relatibus
1968 4920 2341 5001 intellecta,
2388 4918 2472 4982 ad
2519 4918 2963 5005 provisionem
3010 4919 3305 5004 ejusdem
3354 4921 3628 4987 ecclesie

498 5017 501 5022 '
569 5024 847 5089 celerem
911 5032 978 5090 et
1037 5026 1332 5110 felicem,
1395 5027 1478 5092 de
1542 5048 1672 5114 qua
1735 5027 1957 5092 nullus
2020 5030 2244 5113 preter
2290 5046 2411 5090 nos
2458 5025 2580 5090 hac
2628 5026 2770 5089 vice
2817 5047 2888 5090 se
2935 5025 3372 5091 intromittere
3417 5028 3639 5113 potuit

567 5152 784 5219 neque
828 5139 1081 5220 potest,
1128 5135 1572 5200 reservatione
1621 5141 1690 5200 et
1736 5135 2003 5200 decreto
2053 5133 2533 5199 obsistentibus
2583 5131 3002 5219 supradictis,
3051 5154 3135 5197 ne
3184 5134 3461 5199 ecclesia
3497 5135 3643 5220 ipsa

568 5239 825 5324 prolixe
887 5242 1247 5306 vacationis
1311 5247 1755 5330 exponeretur
1813 5239 2249 5306 incommodis
2275 5290 2292 5323 ,
2357 5239 2649 5326 paternis
2714 5245 2781 5303 et
2827 5237 3098 5302 solicitis
3143 5238 3379 5303 studiis
3425 5241 3641 5305 inten-

574 5343 841 5429 dentes,
888 5354 1040 5434 post
1071 5348 1642 5432 deliberationem,
1691 5370 1887 5435 quam
1925 5348 2006 5412 de
2039 5331 2445 5435 preficiendo
2483 5345 2696 5410 eidem
2729 5345 3001 5409 ecclesie
3033 5365 3379 5429 personam
3411 5347 3641 5411 utilem

572 5459 641 5516 et
689 5454 889 5518 etiam
936 5455 1373 5540 fructuosam,
1422 5476 1570 5521 cum
1615 5456 1926 5521 fratribus
1977 5455 2219 5520 nostris
2266 5454 2622 5518 habuimus
2669 5452 3087 5537 diligentem,
3138 5451 3401 5516 demum
3446 5453 3529 5517 ad
3579 5462 3644 5519 te

576 5560 963 5625 canonicum
1024 5562 1299 5628 ecclesie
1362 5562 1770 5629 Coloniensis
1796 5611 1814 5647 ,
1860 5563 1932 5627 in
1976 5561 2338 5627 minoribus
2392 5558 2729 5624 ordinibus
2778 5557 3123 5622 dumtaxat
3168 5559 3634 5642 constitutum,

579 5665 686 5730 cui
747 5665 830 5731 de
890 5667 1260 5733 litterarum
1315 5668 1627 5751 scientia,
1674 5669 1810 5734 vite
1857 5666 2223 5749 mundicia,
2274 5665 2628 5729 honestate
2673 5683 2962 5746 morum,
3011 5663 3451 5749 spiritualium
3497 5686 3644 5751 pro-

793 5802 883 5864 11.
3343 5799 3421 5858 26
