4450 6684
1976 532 2465 597 Iunonum-10.
3555 552 3736 600 xxx1

694 750 1014 836 eligentes
1058 752 1234 816 inter
1277 771 1349 816 se
1397 750 1698 815 altercari
1745 751 2186 834 contingeret,
2236 747 2318 812 ad
2367 770 2587 834 regem
2636 750 2864 835 utique
2905 752 3293 837 pertineret,
3345 753 3736 818 auctoritate

694 875 848 938 sua,
895 855 1211 920 consultis
1256 853 1518 919 interim
1567 853 1889 940 episcopis
1936 853 2201 936 vicinis,
2252 852 2591 917 electionis
2637 856 2976 939 negotium
3023 856 3402 941 dijudicare.

915 957 1596 1024 Animadvertendum
1667 965 1924 1040 autem,
1996 965 2144 1043 post
2213 955 2696 1023 concordatum
2765 960 3240 1034 wormatiense
3288 962 3400 1046 jus
3448 961 3735 1048 eligendi

693 1064 980 1149 episcopi
1029 1070 1165 1127 tum
1216 1063 1458 1149 populo
1507 1084 1652 1127 cum
1701 1063 2007 1128 universo
2054 1061 2226 1125 clero
2274 1060 2680 1149 pedetentim
2726 1062 2927 1128 fuisse
2974 1064 3456 1148 abjudicatum,
3521 1068 3616 1130 ita
3662 1073 3739 1130 ut

693 1174 981 1232 exeunte
1028 1167 1290 1232 saeculo
1337 1167 1477 1231 XII
1521 1167 1587 1231 in
1638 1166 1940 1231 omnibus
1984 1165 2120 1231 fere
2153 1165 2546 1231 Germaniae
2578 1165 2985 1232 dioecesibus
3022 1170 3282 1233 nonnisi
3315 1171 3733 1235 ecclesiarum

691 1269 1162 1335 cathedralium
1209 1270 1513 1357 capitulis
1558 1270 1899 1335 inhaerere
1946 1274 2344 1336 censeretur.
2377 1270 2425 1351 ¹)
2502 1269 2810 1336 Jamvero
2858 1292 2976 1357 per
3019 1273 3350 1358 integrum
3400 1275 3734 1339 saeculum

692 1380 761 1438 et
829 1373 1168 1439 dimidium
1238 1374 1373 1440 fere
1436 1374 1696 1439 assidue
1742 1374 2013 1439 liberam
2059 1374 2259 1438 fuisse
2308 1375 2666 1459 reperimus
2714 1375 3164 1463 episcoporum
3212 1376 3734 1462 Trajectensium

693 1477 1117 1559 electionem,
1180 1478 1250 1542 in
1297 1499 1427 1564 qua
1463 1480 1576 1563 jus
1623 1478 1949 1563 suffragii,
2000 1477 2232 1542 saltem
2281 1478 2452 1542 circa
2497 1498 2600 1541 an.
2658 1480 2828 1542 1200
2852 1480 2944 1563 ⁴²),
2994 1479 3147 1544 solis
3194 1481 3484 1568 quinque
3531 1483 3735 1548 eccle·

693 1582 933 1647 siarum
995 1582 1433 1668 collegialium
1496 1582 1799 1668 capitulis
1846 1583 2054 1667 iisque
2103 1587 2436 1666 tamquam
2483 1582 2552 1645 in
2600 1603 2804 1646 unum
2852 1602 3086 1669 corpus
3133 1584 3516 1652 coadunatis
3564 1606 3735 1651 com·

691 1692 917 1772 petere
987 1686 1260 1752 solebat.
1353 1686 1448 1751 At
1520 1686 1780 1751 saeculo
1844 1686 2018 1751 XIII
2083 1684 2334 1750 Summi
2381 1685 2737 1752 Pontifices
2784 1708 2871 1751 ex
2916 1686 3339 1775 Apostolicae
3387 1696 3735 1779 potestatis

691 1789 1101 1877 plenitudine
1171 1790 1548 1876 hujusmodi
1618 1790 2049 1855 electionibus
2118 1790 2291 1854 ultro
2355 1810 2424 1854 se
2471 1791 2836 1856 immiscere
2884 1800 3243 1878 coeperunt
3287 1802 3486 1882 atque
3532 1796 3726 1863 modo
3813 1807 4074 1858 Pontifices

690 1893 847 1978 hac,
920 1894 1113 1958 modo
1182 1895 1296 1959 illa
1361 1895 1615 1959 ratione
1679 1893 1943 1958 adducti
1990 1895 2254 1981 propria
2298 1916 2418 1959 sua
2462 1896 2855 1960 auctoritate
2902 1898 3242 1984 episcopos
3289 1901 3730 1969 nominarunt.
3823 1874 4070 2008 0330?ss

693 1996 800 2063 Sic
858 1998 1474 2064 Monasteriensium
1537 1999 1987 2084 episcoporum
2052 1999 2359 2065 electioni
2421 2020 2588 2064 saec.
2637 1998 2812 2064 XIII
2858 2008 3090 2087 quater
3137 2002 3401 2088 quidem
3447 2005 3729 2072 interve·
3782 2010 4107 2061 nominantes.

697 2104 869 2168 nisse
918 2101 1123 2168 Sedes
1168 2103 1553 2188 Apostolica
1598 2103 1927 2167 asseritur.
1953 2103 2007 2185 3)
2102 2103 2307 2188 Cujus
2364 2104 2458 2168 rei
2505 2104 2835 2190 specimen
2883 2105 3156 2190 praebet
3201 2106 3477 2174 Bullarii
3523 2111 3732 2175 nostri

696 2227 872 2271 num.
945 2211 1113 2289 332,
1182 2208 1297 2273 ubi
1363 2206 1813 2273 Everhardum
1883 2205 1966 2272 de
2035 2206 2225 2271 Diest
2295 2208 2738 2293 praepositum
2809 2208 3355 2276 Daventriensem
3402 2234 3506 2277 an.
3564 2216 3734 2279 1275

696 2312 1011 2377 ecclesiae
1070 2313 1574 2379 Monasteriensi
1635 2334 1674 2376 a
1721 2311 2037 2397 Gregorio
2085 2332 2258 2396 papa
2302 2312 2368 2376 X
2416 2312 2795 2397 episcopum
2843 2313 3108 2398 praefici
3154 2314 3452 2399 legimus.
3548 2318 3738 2384 Simi-

693 2416 843 2481 liter
911 2438 1015 2481 an.
1093 2419 1256 2482 1301
1332 2417 1717 2504 Adulphum
1787 2415 1869 2481 de
1931 2414 2261 2481 Waldeck
2316 2417 2760 2503 praepositum
2809 2416 3300 2502 TraJectensem
3348 2423 3740 2489 auctoritate

693 2539 813 2584 sua
854 2520 1232 2586 Bonifacius
1278 2542 1449 2608 papa
1494 2520 1665 2585 VIII
1710 2520 1958 2585 creavit
2002 2519 2381 2606 episcopum
2430 2518 2864 2586 Leodiensem
2912 2522 3114 2604 (num.
3167 2524 3348 2607 441).

914 2625 1207 2714 Idipsum
1279 2645 1383 2690 an.
1460 2626 1624 2688 1291
1701 2624 1924 2689 evenit
1990 2624 2061 2687 in
2132 2623 2416 2689 dioecesi
2489 2631 2714 2689 nostra
2783 2625 3210 2715 Trajectensi.
3304 2628 3490 2693 Tunc
3562 2633 3738 2696 enim

692 2729 1029 2796 Johannes
1092 2731 1174 2795 de
1235 2732 1491 2795 Nassau
1539 2729 1788 2794 electus
1836 2734 2070 2815 sponte
2117 2749 2271 2813 sua,
2328 2729 2435 2793 vel
2481 2728 2701 2814 potius
2748 2727 3023 2795 adversa
3068 2729 3331 2795 fortuna
3374 2732 3734 2819 suadente,

692 2835 912 2900 sedem
958 2836 1350 2921 resignavit,
1406 2836 1681 2920 ejusque
1727 2832 2169 2918 resignatione
2217 2838 2488 2920 accepta
2532 2852 2655 2897 nec
2701 2833 2838 2897 ulla
2881 2834 3145 2899 interim
3193 2856 3365 2900 nova
3412 2838 3734 2905 electione

691 2939 1054 3023 celebrata,
1116 2939 1424 3005 Nicolaus
1484 2959 1657 3024 papa
1716 2938 1816 3003 IV
1863 2937 2272 3024 capellanum
2322 2959 2510 3002 suum
2557 2936 2602 3003 J
2606 2936 2933 3002 ohannem
2980 2936 3062 3003 de
3110 2938 3344 3024 Syrick
3392 2941 3735 3009 substituit

691 3044 1066 3130 episcopum
1128 3044 1617 3128 Trajectensem
1663 3044 1868 3125 (num.
1918 3041 2097 3124 385).
2192 3041 2324 3117 Qui
2371 3040 2631 3127 praesul
2678 3062 2782 3105 an.
2839 3043 3008 3106 1296
3056 3041 3140 3106 ad
3186 3044 3528 3109 ecclesiam
3576 3048 3731 3113 Tul-

688 3147 937 3213 lensem
992 3148 1312 3212 transivit.
1408 3144 1696 3232 Sedique
1742 3145 2150 3230 Trajectensi
2197 3152 2355 3209 tunc
2402 3145 2663 3210 vacanti
2708 3145 3085 3210 Bonifacius
3130 3167 3303 3233 papa
3348 3149 3518 3214 VIII
3563 3152 3732 3217 Wil-

686 3251 973 3317 helmum
1041 3251 1421 3333 Bertholdi,
1490 3252 1560 3315 in
1628 3250 1930 3315 Romana
1999 3250 2179 3314 curia
2247 3270 2588 3315 causarum
2635 3250 3000 3315 auditorem
3033 3251 3123 3333 4),
3196 3251 3370 3317 illico
3417 3256 3733 3340 praefecit

686 3357 958 3440 (numm.
1030 3358 1193 3436 416,
1267 3357 1446 3440 418).
1543 3354 1675 3420 Sed
1742 3354 1839 3417 ita
1908 3351 2162 3438 agendo
2234 3373 2477 3418 novum
2547 3353 2792 3440 aliquid
2866 3355 3236 3440 nostrisque
3302 3357 3373 3420 in
3434 3359 3732 3442 partibus

686 3481 1019 3547 nunquam
1090 3457 1387 3524 auditum
1448 3459 1787 3524 Romanos
1849 3456 2209 3521 Pontifices
2274 3463 2637 3523 attentasse
2699 3479 2893 3524 nemo
2940 3459 3238 3524 affirmet.
3331 3459 3500 3525 Nam
3547 3462 3602 3526 si
3648 3464 3732 3529 ab

688 3585 809 3630 ovo
870 3565 1159 3650 incipere
1205 3563 1398 3646 licet,
1452 3564 1593 3648 jam
1640 3583 1745 3629 an.
1798 3563 1927 3626 695
1977 3562 2044 3628 S.
2100 3560 2612 3633 Willebrordum
2660 3564 2939 3649 primum
2988 3563 3365 3650 episcopum
3410 3564 3733 3653 UltraJ'ec-

685 3678 936 3737 tensem
984 3678 1052 3735 et
1096 3669 1446 3734 Frisonum
1491 3668 2049 3755 archiepiscopum
2096 3689 2136 3732 a
2183 3668 2412 3753 Sergio
2460 3689 2631 3755 papa
2675 3667 2712 3732 I
2754 3673 3045 3732 creatum
3085 3668 3285 3734 fuisse
3327 3672 3648 3738 novimus.
3675 3677 3729 3759 5)

684 3774 972 3859 Deinde,
1042 3775 1097 3838 si
1165 3772 1543 3860 posterioris
1614 3774 1759 3837 aevi
1828 3772 2168 3836 historiam
2200 3771 2656 3857 inquirimus,
2727 3792 2832 3836 an.
2896 3772 3066 3836 1197
3131 3792 3392 3838 causam
3439 3778 3727 3866 episcopi

684 3878 1122 3964 Trajectensis
1183 3875 1604 3963 praeficiendi
1663 3897 1703 3939 a
1749 3874 2018 3940 Summo
2066 3875 2391 3939 Pontifice
2439 3874 2771 3940 decretam
2819 3895 2962 3939 esse
3011 3876 3388 3960 reperimus.
3485 3880 3723 3947 Sedem

683 3987 837 4047 tunc
904 3981 1030 4046 sibi
1096 3981 1378 4046 invicem
1448 3979 1757 4045 aemulati
1826 3985 1980 4043 sunt
2048 3978 2494 4043 Theodericus
2564 3977 2647 4043 de
2707 3977 3066 4042 Hollandia
3126 3985 3194 4043 ct
3256 3979 3591 4048 Arnoldus
3637 3985 3721 4052 de

682 4084 1036 4171 Isenburg,
1103 4091 1381 4171 utroque
1438 4103 1509 4148 se
1555 4084 1846 4169 legitime
1892 4105 1933 4148 a
1979 4083 2284 4168 capitulis
2332 4082 2614 4147 electum
2654 4083 2967 4166 Jactante.
3063 4081 3469 4149 Theoderico
3517 4090 3723 4154 mani-

683 4189 847 4254 feste
893 4189 1208 4255 favebant
1252 4190 1394 4274 ejus
1442 4186 1641 4253 frater
1688 4186 2085 4252 Hollandiae
2134 4207 2353 4252 comes
2399 4193 2467 4253 et
2513 4186 2842 4252 Henricus
2888 4185 3256 4272 Imperator
3298 4187 3417 4252 VI.
3497 4189 3721 4257 Nihilo

681 4295 891 4359 secius
937 4293 1019 4358 ad
1065 4293 1405 4358 arbitrium
1454 4292 1703 4358 Summi
1753 4291 2096 4357 Pontificis
2143 4290 2503 4378 petendum
2549 4291 2829 4356 Romam
2875 4290 3116 4355 aemuli
3160 4311 3232 4355 se
3278 4294 3719 4360 contulerunt.

681 4396 1091 4463 Coelestinus
1151 4397 1355 4481 igitur
1414 4417 1587 4482 papa
1647 4395 1756 4460 III
1811 4395 2204 4461 auctoritate
2252 4417 2372 4460 sua
2415 4394 2866 4481 quaestionem
2913 4394 3140 4459 solvit:
3190 4394 3414 4461 sedem
3462 4398 3724 4484 Trajec-

679 4505 930 4566 tensem
998 4500 1279 4587 primum
1348 4500 1671 4564 commisit
1744 4498 2043 4564 Arnoldo
2115 4497 2197 4563 de
2267 4499 2592 4585 Isenburg
2662 4519 2871 4584 eoque
2934 4498 3156 4586 paullo
3218 4506 3369 4585 post
3422 4500 3492 4565 in
3538 4501 3720 4567 Urbe

678 4603 1053 4687 demortuo,
1100 4602 1580 4668 Theodericum
1629 4602 1710 4667 de
1758 4601 2115 4667 Hollandia
2161 4605 2539 4690 episcopum
2588 4604 3078 4688 Trajectensem
3126 4603 3392 4669 creavit.
3418 4605 3474 4688 ⁶)

896 4706 1001 4772 Ex
1048 4706 1276 4772 eadem
1322 4705 1747 4793 Apostolicae
1795 4706 2144 4794 potestatis
2190 4705 2604 4793 plenitudine
2644 4706 3001 4772 Pontifices
3032 4707 3319 4772 Romani
3351 4729 3519 4774 saec.
3552 4710 3720 4776 XIV

677 4815 746 4875 et
805 4817 1038 4895 postea
1095 4808 1404 4875 electioni
1467 4810 1920 4895 episcoporum
1983 4809 2503 4894 Trajectensium
2551 4809 2813 4898 saepius
2857 4811 3376 4877 intervenerunt.
3471 4812 3718 4898 Hujus·

676 4912 850 4978 modi
898 4933 1120 4996 casus,
1167 4913 1281 4999 qui
1329 4920 1520 4977 extra
1565 4912 1844 4978 Bullarii
1887 4913 2131 4977 limites
2177 4933 2312 4977 non
2359 4912 2633 4993 cadunt,
2683 4914 2910 5000 paucis
2957 4914 3382 4981 illustremus.

897 5016 1025 5081 An.
1102 5018 1274 5081 1322
1344 5016 1633 5102 quinque
1696 5014 1982 5102 capitula
2049 5016 2383 5098 „unanimi
2430 5015 2629 5081 voto’'
2653 5016 2709 5101 7)
2757 5016 3129 5083 Johannem
3176 5017 3259 5082 de
3304 5017 3716 5084 Bronkhorst
3781 5011 4067 5130 &3²1aeoe-

832 5335 888 5399 1)
932 5335 992 5386 G.
1034 5350 1135 5386 von
1181 5334 1357 5386 Below
1391 5335 1490 5385 mo
1521 5335 1841 5399 meeum
1873 5337 1959 5385 aa
1994 5336 2456 5386 maemmuom
2503 5337 2823 5387 Waumue
2855 5336 2946 5386 aar
2977 5334 3324 5400 Doukapittol
3356 5336 3712 5400 (Biston-ischa
3767 5304 3772 5311 ’

666 5413 886 5466 Studien
924 5415 1017 5466 xl.
1052 5415 1261 5481 Leipzig
1293 5415 1469 5479 1883).
1809 5416 1866 5480 2)
1901 5415 2005 5467 cfr.
2040 5432 2141 5466 von
2178 5416 2357 5467 Below
2391 5416 2472 5468 43.

828 5495 885 5559 3)
923 5496 986 5547 H.
1024 5496 1190 5547 Finke
1223 5498 1336 5546 Das
1367 5497 1680 5560 Papsttm
1710 5498 1816 5546 und
1860 5497 2152 5560 Wutsalen
2185 5496 2267 5548 73.
2600 5497 2656 5561 4)
2692 5497 2835 5548 Beka
2874 5496 3122 5547 Okrodioa
3154 5495 3270 5548 101.

830 5578 886 5642 5)
922 5578 1208 5628 Bollandus
1241 5577 1381 5627 Acta
1414 5577 1712 5627 Sanctorum
1747 5578 1788 5628 1.
1822 5592 1873 5641 p.
1907 5576 2090 5629 XLVI.

824 5658 881 5723 6)
916 5658 1041 5709 Mon
1076 5657 1550 5723 Kerkgmlaiedaenie
1585 5657 1650 5709 11.
1687 5669 1724 5708 1.
1755 5656 1873 5710 103.
2207 5656 2262 5721 7)
2299 5657 2440 5708 Beka
2480 5657 2731 5708 Chronica
2763 5657 2864 5709 113
