4450 6684
859 624 943 686 74
2077 620 2538 686 [nocam-ms
2582 620 2702 685 VI.

849 841 1047 910 1543.
1805 843 2016 923 1355,
2067 842 2441 908 Novembris
2486 845 2562 926 9,
2610 844 2979 908 AvenioniS.

1158 998 1585 1064 Arnhemensi
1647 1006 1706 1063 et
1769 998 1837 1063 S.
1904 997 2163 1062 Mariae
2237 997 2420 1082 Traj.
2485 997 2738 1061 decanis
2802 1004 2861 1061 et
2924 996 3256 1061 Willermo
3300 997 3379 1060 de
3426 996 3588 1082 Zyle
3632 996 3926 1060 canonico

1079 1105 1263 1189 Traj.
1332 1106 1712 1189 mandatur,
1776 1113 1850 1170 ut
1915 1103 2222 1169 Jacobum
2282 1104 2359 1168 de
2420 1103 2836 1169 Westervoert
2881 1106 2949 1168 in
2995 1105 3387 1189 corporalem
3434 1102 3741 1167 inducant
3774 1121 3926 1187 pos-

1074 1215 1402 1277 sessionem
1466 1214 1754 1277 ecclesiae
1804 1210 2209 1298 parochialis
2271 1210 2338 1274 S.
2389 1209 2673 1274 Martini
2717 1209 3206 1294 Arnhemensis,
3273 1230 3395 1296 pro
3442 1230 3574 1296 qua
3606 1230 3733 1295 per
3766 1228 3925 1294 pro·

1072 1328 1429 1384 curatorem
1475 1340 1663 1384 suum
1709 1318 2070 1397 Johannem
2118 1317 2193 1381 de
2257 1315 2621 1381 Westrenen
2665 1318 2963 1381 clericum
3009 1317 3325 1381 ecclesiam
3361 1315 3802 1401 parochialem
3848 1313 3916 1378 S.

1071 1425 1391 1513 Lutqheri
1435 1428 1504 1491 in
1551 1425 1951 1511 Dorenspich
1996 1446 2136 1489 cum
2183 1424 2484 1489 «Iohanne
2528 1423 2694 1488 dicto
2746 1424 2965 1509 Caupo
2999 1427 3264 1509 putavit
3298 1422 3814 1508 permutandam.

1071 1611 1452 1697 Apostolice
1500 1610 1694 1677 sedis.
1724 1659 1741 1676 .
1770 1659 1785 1674 .
1815 1659 1830 1674 .
1880 1610 2035 1676 Dat.
2085 1609 2456 1691 Avinione,
2503 1607 2567 1671 V
2613 1605 2715 1671 Id.
2763 1606 3194 1690 Novembris,
3241 1606 3668 1693 pontificatus
3717 1606 3925 1671 nostri

846 1738 1020 1783 anno
1069 1718 1295 1783 tercio.

1267 1833 1659 1896 Autoyrapltun
1692 1832 1747 1881 in
1782 1831 1946 1880 eodem
1980 1830 2187 1879 archivo
2219 1847 2329 1880 cum
2350 1828 2522 1893 sigillo
2537 1827 2799 1893 plumbeo,
2834 1827 3093 1877 chordulis
3114 1828 3412 1877 cannabinis
3433 1844 3653 1892 appenso
3667 1850 3688 1886 ,·
3720 1827 3777 1877 in
3790 1827 3936 1893 plica

1195 1915 1471 1980 inser-ivri.-
1521 1915 1614 1965 Βία
1661 1914 1855 1964 Gratis.
1927 1914 1988 1963 R.
2040 1913 2105 1962 de
2153 1912 2320 1963 Valle:
2357 1921 2405 1975 :a
2447 1916 2619 1975 tergo.-
2668 1910 2732 1961 R.
2776 1912 3145 1976 Apoyrapkum
3189 1927 3421 1961 coaevum
3452 1911 3657 1973 ibidem,
3696 1911 3938 1961 mmm

1203 2000 1376 2049 iisdem
1410 1999 1579 2048 literis
1628 1997 1882 2047 Willcrmi
1915 1999 1977 2047 do
2009 1997 2139 2047 Zilc.

1266 2084 1548 2147 Biidrayen
1583 2082 1795 2148 Nijhoff
1835 2082 1886 2129 V
1913 2080 2094 2147 (1868)
2127 2080 2244 2131 40³³.

847 2581 1046 2650 1544.
1806 2585 2023 2666 1355,
2071 2581 2443 2647 Novembris
2489 2585 2561 2666 9,
2609 2540 2972 2649 Avenibnis.

1168 2737 1465 2802 «Iohanni
1526 2738 1690 2802 dicto
1759 2738 1976 2822 Caupo
2042 2746 2368 2822 tamquam
2428 2744 2659 2805 rectori
2715 2741 3048 2823 confertur
3095 2738 3499 2825 parochialis
3558 2739 3811 2802 ecclesia
3857 2740 3923 2802 in

1085 2843 1520 2929 Dorenspich,
1566 2866 1697 2929 pro
1759 2866 1890 2929 qua
1936 2866 2076 2908 cum
2121 2843 2359 2908 Jacobo
2404 2846 2480 2910 de
2544 2846 2972 2912 Westerwoert
3006 2846 3447 2932 parochialem
3496 2846 3811 2909 ecclesiam
3856 2843 3924 2908 S.

1085 2950 1368 3016 Martini
1413 2954 1479 3015 in
1528 2950 1818 3015 Arnhem
1852 2954 2116 3036 putavit
2149 2954 2669 3036 permutandam.
2723 2991 2802 3003 —
2853 2953 3272 3040 Deputantur
3317 2959 3704 3034 executore-3,
3760 2953 3926 3016 inter

1078 3078 1234 3144 quos
1298 3057 1669 3122 Willermus
1714 3057 1791 3121 de
1837 3058 1998 3143 Zyle
2041 3061 2380 3123 canonicus
2435 3059 2619 3143 Traj.

1080 3240 1463 3326 Apostolice
1511 3239 1707 3306 sedis.
1733 3288 1750 3305 .
1782 3288 1799 3305 .
1828 3288 1845 3305 .
1902 3241 2058 3307 Dat.
2105 3241 2477 3324 Afiniana,
2524 3243 2586 3308 V
2636 3243 2734 3308 Id.
2782 3243 3210 3326 Novembris,
3259 3262 3432 3307 anno
3479 3241 3703 3307 tercio.

1273 3374 1398 3438 Ray.
1446 3377 1547 3425 Ao.
1605 3377 1659 3426 T.
1695 3373 1788 3441 10,
1835 3377 1899 3442 s.
1934 3374 2017 3426 91.
2086 3376 2150 3428 ln
2187 3377 2287 3427 hac
2323 3377 2467 3428 sicut
2500 3383 2554 3426 et
2588 3376 2645 3427 in
2683 3349 3094 3441 quampluribus
3129 3375 3248 3426 aliis
3282 3372 3770 3439 permutationibus
3806 3377 3944 3424 tam·

1205 3470 1368 3520 quam
1401 3458 1657 3521 speciales
1694 3465 2063 3523 procuratores
2096 3464 2390 3510 occurrunt
2426 3459 2696 3510 ,lohannes
2718 3460 2783 3509 de
2806 3459 3128 3510 Westreuen
3152 3464 3207 3509 et
3230 3457 3502 3509 Iohannes
3524 3455 3740 3508 Moliart
3761 3453 3941 3506 clerici

1205 3539 1345 3603 Traj.
1378 3541 1545 3592 dioec.

857 3993 1051 4063 1545.
1816 4000 2027 4081 1355,
2079 3996 2452 4063 Novembris
2497 4002 2572 4082 9,
2624 3998 2984 4063 Avenionis.

1187 4149 1491 4216 Wernero
1562 4151 1920 4217 Haselbeke
1988 4153 2065 4217 de
2125 4153 2440 4217 Essendia
2500 4154 2723 4218 clerico
2790 4153 3176 4217 Coloniensis
3235 4152 3426 4216 dioec.
3488 4150 3938 4233 conferendum

1081 4265 1447 4323 reservatur
1495 4258 1857 4342 beneficium
1902 4263 2039 4325 sine
2083 4282 2243 4324 cura
2289 4280 2521 4325 vacans
2565 4262 2665 4325 vel
2707 4267 3084 4325 vacaturum
3132 4262 3199 4323 in
3245 4260 3502 4324 ecclesia
3547 4258 3936 4343 Trajectensi

1082 4370 1141 4427 et
1211 4366 1300 4428 18
1371 4386 1739 4429 marcarum
1809 4369 2062 4453 arqenti
2120 4368 2397 4432 valorem
2460 4387 2746 4431 annuum
2808 4388 2935 4431 non
2997 4367 3309 4432 ecccedens.
3376 4403 3457 4414 —
3522 4364 3938 4450 Deputantur

1082 4480 1456 4537 executores.

1085 4652 1480 4720 Laudabilia
1527 4656 1867 4721 virtutum.
1896 4705 1912 4721 .
1943 4706 1959 4722 .
1989 4703 2007 4722 .
2056 4657 2209 4724 Dat.
2256 4657 2620 4740 Avinione,
2668 4659 2732 4723 V
2778 4657 2878 4722 Id.
2926 4657 3350 4739 Novembris,
3399 4677 3572 4723 anno
3620 4657 3842 4722 toreio.

1275 4790 1403 4853 Ray.
1435 4793 1536 4841 Ao.
1577 4795 1632 4842 Τ.
1664 4790 1756 4855 11,
1781 4795 1845 4858 s.
1877 4791 1960 4844 69.

2133 5058 2571 5065 ——-—--—-
2580 5059 2715 5065 ———

859 5288 1058 5358 1546.
1821 5297 1995 5359 1355
2017 5344 2035 5378 ,
2083 5295 2443 5361 Decembris
2490 5300 2568 5380 9,
2617 5299 2981 5362 AvenioniS.

1184 5445 1480 5511 «Iohanni
1523 5448 1599 5511 de
1646 5448 1864 5534 Herpt
1894 5451 2314 5533 conferuntur
2345 5454 2752 5516 canonicatus
2784 5460 2843 5516 et
2871 5451 3242 5537 praebenda
3277 5451 3566 5516 ecclesiae
3597 5449 3653 5513 b.
3685 5447 3944 5513 Mariae

1096 5550 1311 5636 Traj.,
1378 5562 1670 5620 vacantes
1721 5576 1848 5641 per
1909 5558 2395 5641 resiqnationem
2456 5558 2719 5644 Royerii
2780 5559 2856 5623 de
2915 5558 3079 5644 Em,
3151 5561 3333 5641 cujus
3396 5560 3465 5622 in
3525 5557 3945 5642 resiqnatione

1077 5666 1472 5743 procurator
1515 5662 1652 5744 fuit
1692 5661 1934 5726 Petrus
1978 5663 2056 5727 de
2110 5663 2303 5728 Velde
2348 5664 2620 5747 ejusdem
2667 5668 2954 5731 ecclesiae
2999 5668 3354 5730 canonicus.
3407 5701 3489 5711 —
3528 5662 3946 5749 Deputantur

1087 5773 1470 5850 executores,
1518 5769 1686 5833 inter
1733 5790 1890 5855 quos
1941 5769 2374 5836 Ghiselbertus
2421 5773 2497 5837 de
2552 5772 2968 5838 Walenborch
3014 5774 3350 5838 canonicus
3405 5770 3848 5854 Trajectensis.
