4450 6684
1705 510 1930 575 Im'ru
1975 510 2383 576 BULLARUM.
3448 514 3580 577 329

515 731 617 795 Ex
668 730 1033 795 devotionis
1083 732 1234 795 557.

515 835 619 899 Ex
666 835 1093 899 fraternitatis
1142 835 1292 899 668.

514 938 615 1002 Ex
664 938 963 1023 injuncta
1009 938 1199 1002 nobis
1248 939 1398 1001 294.

511 1042 617 1105 Ex
664 1042 961 1126 injuncto
1008 1043 1197 1108 nobis
1245 1043 1441 1106 2180.

511 1143 613 1207 Ex
661 1145 896 1208 litteris
945 1145 1259 1209 carissimi
1305 1146 1457 1207 205.

460 1247 467 1250 ”
511 1247 612 1311 Ex
661 1254 844 1333 parte
893 1249 1206 1312 carissimi
1263 1250 1415 1328 195,
1475 1249 1624 1311 197.

508 1350 610 1414 Ex
658 1356 844 1437 parte
891 1350 1111 1415 dilecti
1166 1354 1318 1433 161,
1364 1352 1526 1433 216,
1569 1352 1733 1432 245,
1777 1350 1937 1433 366,

599 1455 765 1536 618,
819 1456 978 1536 737,
1029 1457 1179 1518 859.

508 1554 611 1619 Ex
658 1563 844 1641 parte
892 1555 1278 1621 dilectorum
1328 1558 1490 1639 318,
1540 1556 1701 1637 426,
1744 1557 1934 1619 1586.

508 1658 611 1721 Ex
657 1665 844 1745 parte
892 1660 1205 1746 prepositi
1260 1662 1403 1723 108.

505 1761 607 1825 Ex
653 1768 838 1848 parte
887 1769 999 1827 tua
1050 1765 1207 1846 181,
1261 1765 1417 1845 182,
1474 1764 1618 1825 183.

506 1863 609 1928 Ex
656 1871 841 1951 parte
887 1866 1277 1930 venerabilis
1332 1868 1476 1931 193.

503 1966 604 2030 Ex
652 1973 923 2052 paterne
970 1970 1435 2054 compassionis
1487 1970 1677 2033 1787.

501 2067 608 2132 Ex
653 2070 995 2155 probitatis
1044 2073 1195 2136 902.

502 2171 607 2235 Ex
656 2179 996 2260 susceptae
1043 2175 1376 2241 servitutis
1424 2177 1574 2240 953.

498 2274 603 2340 Ex
652 2282 879 2341 tenore
926 2278 1271 2363 peticionis
1322 2281 1484 2362 884,
1535 2280 1695 2361 890,
1745 2279 1896 2343 944.

496 2378 600 2442 Ex
649 2385 762 2444 tue
810 2379 1175 2446 devotionis
1228 2384 1388 2465 640,
1440 2385 1601 2466 643,
1655 2384 1802 2447 740.

499 2483 759 2550 Excelsi
806 2487 1009 2571 patris
1058 2488 1209 2552 984.

495 2587 810 2653 Exhibita
869 2591 1057 2655 nobis
1120 2593 1288 2674 226,
1339 2592 1499 2675 235,
1551 2593 1714 2674 308,
1763 2592 1925 2673 359,

586 2694 745 2775 370,
798 2696 949 2776 938,
1006 2696 1196 2777 1103,
1250 2698 1439 2779 1215,
1489 2697 1681 2778 1224,
1734 2697 1926 2780 1225,

592 2798 782 2879 1253,
824 2799 1016 2880 1489,
1055 2801 1247 2882 1525,
1282 2800 1473 2882 1576,
1508 2800 1701 2880 1739,
1734 2800 1926 2881 1826,

590 2900 782 2982 1847,
821 2901 1013 2983 1875,
1048 2903 1244 2984 2048,
1279 2903 1476 2986 2049,
1503 2902 1701 2984 2075,
1729 2903 1926 2984 2084,

585 3004 1057 3088 2090-2092,
1108 3007 1304 3070 2231.

492 3103 806 3172 Exhibite
854 3108 1042 3173 nobis
1096 3110 1287 3172 1169.

489 3207 929 3295 Exigentibus
976 3211 1345 3277 devotionis
1394 3213 1546 3276 251.

489 3310 926 3397 Exigentibus
997 3316 1342 3400 probitatis
1429 3316 1637 3398 1474,
1714 3316 1919 3398 1500,

586 3417 793 3500 1568,
851 3420 1039 3482 1752.

489 3518 929 3605 Exigentibus
979 3527 1089 3587 tue
1139 3524 1290 3605 247,
1341 3524 1493 3606 397,
1544 3524 1704 3605 615,
1757 3525 1916 3605 705,

576 3626 741 3707 891,
789 3627 950 3708 994,
1000 3628 1159 3708 995,
1221 3628 1421 3710 1047,
1476 3628 1669 3709 1092,
1725 3628 1917 3709 1190,

580 3728 788 3809 1246,
865 3731 1069 3813 1284,
1146 3732 1355 3814 1285,
1432 3732 1640 3812 1406,
1712 3731 1914 3812 1422,

583 3832 775 3896 1683.

484 3929 925 4018 Exigentibus
971 3943 1186 4001 vestre
1236 3938 1388 4001 250.

484 4033 922 4120 Exigentibus
966 4038 1320 4104 virtutibus
1374 4040 1565 4103 1193.

484 4137 925 4223 Exigentibus
970 4143 1291 4207 virtutum
1346 4144 1545 4225 1104,
1600 4143 1794 4206 1873.

483 4241 715 4327 Exigit
759 4251 875 4309 tue
931 4246 1130 4328 1048,
1189 4248 1380 4313 1063.

484 4343 712 4430 Exigit
761 4351 1017 4411 tuorum
1073 4349 1265 4413 1498.

484 4445 782 4531 Exigunt
823 4454 935 4512 tue
977 4450 1138 4531 676,
1175 4452 1336 4532 752,
1374 4453 1524 4535 797,
1560 4452 1721 4535 852,
1756 4452 1916 4533 983,

581 4550 773 4634 1057,
828 4553 1029 4635 1058,
1085 4555 1290 4637 1204,
1346 4556 1536 4619 1630.

484 4649 747 4717 Eximia
794 4659 908 4719 tue
964 4657 1155 4721 1041.

483 4752 742 4820 Eximio
829 4755 1198 4821 devotionis
1277 4760 1446 4842 546,
1526 4761 1916 4842 732-734,

574 4857 780 4941 2003,
831 4861 1028 4924 2175.

481 4958 741 5026 Eximio
788 4968 899 5029 tue
951 4964 1111 5046 773,
1161 4966 1313 5029 926.

483 5059 877 5149 Exponente
925 5068 1115 5132 nobis
1163 5069 1328 5152 438,
1377 5070 1530 5133 439.

481 5162 876 5252 Exponente
923 5170 1176 5257 pridem
1226 5173 1379 5236 432.

482 5266 798 5354 Exposcit
844 5280 1106 5339 tuorum
1161 5276 1352 5340 1389.

482 5368 801 5457 Exposite
848 5375 1037 5440 nobis
1084 5379 1236 5441 427.

483 5470 809 5560 Exposuit
856 5479 1046 5542 nobis
1094 5480 1246 5545 609.

482 5575 873 5645 Exultamus
919 5583 987 5644 in
1035 5584 1188 5647 342.

483 5677 782 5766 Exurgat
828 5682 1009 5749 Deus
1059 5687 1241 5771 482„
1270 5689 1421 5752 599.

701 5804 788 5865 1Ι.

2150 728 2432 796 faciens
2478 727 2987 793 misericordiam
3035 730 3188 811 484,
3230 732 3381 812 485,
3424 733 3579 797 486.

2144 833 2350 898 Fama
2395 832 2657 920 publica
2708 834 2900 897 1627.

2145 937 2383 1001 Felicis
2431 936 2901 1001 recordationis
2951 938 3110 1021 270,
3162 939 3313 1002 339.

2141 1039 2329 1104 Fidei
2377 1040 2625 1125 puritas
2673 1039 2822 1103 774.

2142 1143 2652 1208 Fraternitatem
2701 1148 2982 1206 vestram
3037 1145 3139 1207 11.

2141 1247 2568 1311 Fraternitati
2620 1251 2730 1310 tue
2785 1247 2976 1309 1622.

2138 1350 2597 1415 Fraternitatis
2649 1355 2760 1414 tue
2809 1351 2962 1432 398,
3015 1352 3167 1433 399,
3217 1351 3368 1433 504,
3421 1352 3580 1432 532,

2230 1455 2378 1516 554.

2136 1555 2542 1642 Frequentes
2588 1556 2906 1621 hactenus
2953 1559 3105 1639 940,
3146 1557 3337 1639 1521,
3379 1559 3576 1622 1776.

2137 1759 2449 1830 Gaudere
2497 1762 2698 1827 debes
2746 1766 2852 1828 43.

2133 1866 2409 1931 Generis
2459 1886 2532 1930 ac
2581 1887 2831 1930 morum
2882 1868 3035 1932 685.

2134 1969 2412 2034 Generis
2460 1975 2528 2033 et
2576 1990 2828 2033 morum
2878 1970 3029 2035 570.

2133 2073 2409 2138 Generis
2459 2073 2801 2138 nobilitate
2855 2076 3005 2138 745.

2131 2176 2454 2241 Gerentes
2503 2176 2585 2241 ad
2637 2178 2798 2258 498,
2850 2179 3001 2242 590.

2132 2280 2358 2345 Gloria
2403 2279 2757 2367 perhennis
2807 2282 3004 2346 2077.

2131 2384 2337 2449 Grata
2383 2390 2453 2448 et
2500 2391 2770 2470 accepta
2823 2387 3014 2449 1141.

2127 2487 2332 2552 Grata
2377 2488 2746 2554 litterarum
2796 2491 2946 2553 781.

2128 2591 2333 2656 Grata
2389 2597 2502 2656 tue
2566 2593 2765 2675 1035,
2834 2592 3036 2674 1086,
3101 2593 3301 2674 1142,
3357 2594 3566 2675 1383,

2222 2696 2432 2778 1450,
2479 2697 2675 2761 2094.

2128 2798 2482 2863 Gratanter
2528 2797 2897 2864 audivimus
2950 2801 3099 2863 728.

2128 2901 2491 2966 Gratanter
2536 2907 2606 2966 et
2651 2901 2908 2988 placide
2962 2904 3154 2967 1222.

2132 3004 2336 3069 Grate
2385 3004 2753 3071 devotionis
2803 3008 2955 3070 518.

2126 3110 2388 3175 Gratias
2438 3111 2692 3194 agimus
2744 3112 2848 3175 71.

2132 3213 2353 3278 Gratis
2400 3213 2754 3278 admodum
2803 3215 2953 3278 846.

2126 3317 2401 3382 Gratum
2453 3318 2737 3402 gerimus
2785 3318 2892 3381 44.

2124 3421 2339 3486 Grave
2387 3420 2673 3504 gerimus
2722 3421 2883 3502 529,
2934 3421 3084 3483 558.

2123 3523 2407 3588 Gravem
2458 3521 2682 3587 dilecti
2730 3524 2882 3586 661.

2122 3625 2356 3690 Gravis
2404 3631 2505 3689 est
2553 3622 2907 3688 admodum
2960 3625 3107 3688 136.

2123 3829 2398 3898 liabens
2447 3830 2724 3895 dilectus
2779 3832 2924 3894 191.

2120 3933 2466 3999 Habentes
2514 3934 2582 3996 in
2630 3939 2786 3996 voto
2841 3933 2987 3996 150.

2119 4038 2346 4103 Habet
2393 4036 2477 4102 de
2527 4042 2595 4101 te
2646 4038 2796 4100 671.

2123 4141 2351 4206 Habet
2399 4139 2731 4224 fidedigne
2780 4140 2932 4202 431.
3019 4138 3026 4142 ’

2120 4245 2345 4309 Habet
2390 4245 2459 4307 in
2508 4243 2697 4307 nobis
2745 4244 2905 4325 402,
2955 4243 3108 4305 477.

2084 4347 2269 4411 .Hiis
2317 4367 2445 4432 que
2495 4345 2855 4431 equitatem
2903 4345 3099 4409 2200.

2121 4449 2270 4514 Hiis
2318 4469 2444 4535 que
2491 4468 2608 4534 pro
2658 4448 2864 4531 2201,
2914 4448 3124 4530 2202,
3172 4447 3368 4510 2203.

2118 4553 2268 4617 Hiis
2316 4573 2434 4638 per
2480 4571 2606 4638 que
2660 4552 2852 4615 1637.

2118 4656 2452 4720 Honestas
2514 4674 2767 4717 morum
2830 4653 3036 4735 1221,
3089 4652 3291 4734 1230,
3345 4652 3556 4735 1372,

2214 4759 2407 4841 1408,
2447 4757 2641 4840 1413,
2681 4756 2873 4838 1438,
2907 4756 3100 4837 1536,
3133 4756 3325 4838 1564,
3352 4754 3558 4819 2013.

2117 4861 2507 4926 Honestatis
2555 4864 2624 4924 et
2669 4878 2920 4922 morum
2977 4859 3169 4922 1965.

2117 4963 2506 5028 Honestatis
2554 4968 2621 5026 et
2670 4960 2940 5025 scientie
2976 4961 3127 5043 606,
3166 4960 3318 5041 905,
3360 4960 3552 5042 1377,

2217 5066 2685 5146 1451-1468,
2755 5064 2955 5145 1733,
3026 5064 3228 5145 1868,
3293 5063 3554 5126 1913-

2214 5171 2416 5251 1928,
2471 5170 2664 5234 1976.

2118 5273 2498 5338 Humilibus
2546 5277 2614 5336 et
2659 5268 2953 5335 honestis
3001 5270 3154 5333 443.

2118 5374 2499 5440 Humilibus
2546 5372 2911 5460 supplicum
2963 5372 3168 5454 1843,
3218 5372 3414 5434 2132.

2123 5579 2248 5648 lna
2291 5600 2407 5643 vos
2454 5577 2777 5643 credimus
2823 5576 2988 5659 488,
3039 5575 3198 5657 489,
3252 5575 3404 5638 490.

2116 5684 2273 5748 Illas
2318 5683 2601 5747 libenter
2650 5681 2799 5743 760.

3251 5799 3325 5855 42
