<?xml version="1.0" encoding="UTF-8"?>
<!DOCTYPE html PUBLIC "-//W3C//DTD XHTML 1.0 Transitional//EN"
    "http://www.w3.org/TR/xhtml1/DTD/xhtml1-transitional.dtd">
<html xmlns="http://www.w3.org/1999/xhtml" xml:lang="en" lang="en">
 <head>
  <title>
</title>
<meta http-equiv="Content-Type" content="text/html;charset=utf-8" />
  <meta name='ocr-system' content='tesseract 3.04.00' />
  <meta name='ocr-capabilities' content='ocr_page ocr_carea ocr_par ocr_line ocrx_word'/>
</head>
<body>
  <div class='ocr_page' id='page_1' title='image "./bullariumtrajec00nethgoog_0044.png"; bbox 0 0 4450 6684; ppageno 0'>
   <div class='ocr_carea' id='block_1_1' title="bbox 762 522 2530 588">
    <p class='ocr_par' dir='ltr' id='par_1_1' title="bbox 762 522 2530 588">
     <span class='ocr_line' id='line_1_1' title="bbox 762 522 2530 588; baseline -0.001 -1"><span class='ocrx_word' id='word_1_1' title='bbox 762 540 988 587; x_wconf 75' lang='lat' dir='ltr'><strong>xxxrv</strong></span> <span class='ocrx_word' id='word_1_2' title='bbox 2042 522 2530 588; x_wconf 69' lang='lat' dir='ltr'><strong>Is‘rnonncrro.</strong></span> 
     </span>
    </p>
   </div>
   <div class='ocr_carea' id='block_1_2' title="bbox 352 735 3816 1136">
    <p class='ocr_par' dir='ltr' id='par_1_2' title="bbox 763 735 3816 827">
     <span class='ocr_line' id='line_1_2' title="bbox 763 735 3816 827; baseline 0.001 -25"><span class='ocrx_word' id='word_1_3' title='bbox 763 759 1021 824; x_wconf 90' lang='lat' dir='ltr'><strong>semper</strong></span> <span class='ocrx_word' id='word_1_4' title='bbox 1068 735 1252 803; x_wconf 87' lang='lat' dir='ltr'><strong>audit</strong></span> <span class='ocrx_word' id='word_1_5' title='bbox 1300 737 1581 821; x_wconf 87' lang='lat' dir='ltr'><strong>electus,</strong></span> <span class='ocrx_word' id='word_1_6' title='bbox 1632 745 1861 803; x_wconf 92' lang='lat' dir='ltr'><strong>octavo</strong></span> <span class='ocrx_word' id='word_1_7' title='bbox 1904 743 2054 825; x_wconf 92' lang='lat' dir='ltr'><strong>post</strong></span> <span class='ocrx_word' id='word_1_8' title='bbox 2091 738 2605 803; x_wconf 80' lang='lat' dir='ltr'><strong>nominationem</strong></span> <span class='ocrx_word' id='word_1_9' title='bbox 2638 736 2746 802; x_wconf 91' lang='lat' dir='ltr'><strong>die</strong></span> <span class='ocrx_word' id='word_1_10' title='bbox 2779 738 3130 825; x_wconf 77' lang='lat' dir='ltr'><strong>specialem</strong></span> <span class='ocrx_word' id='word_1_11' title='bbox 3162 737 3404 804; x_wconf 84' lang='lat' dir='ltr'><strong>direxit</strong></span> <span class='ocrx_word' id='word_1_12' title='bbox 3437 740 3816 827; x_wconf 64' lang='lat' dir='ltr'><strong>epistolam,</strong></span> 
     </span>
    </p>

    <p class='ocr_par' dir='ltr' id='par_1_3' title="bbox 352 840 3812 1136">
     <span class='ocr_line' id='line_1_3' title="bbox 764 840 3057 930; baseline 0 -25"><span class='ocrx_word' id='word_1_13' title='bbox 764 862 893 928; x_wconf 91' lang='lat' dir='ltr'><strong>qua</strong></span> <span class='ocrx_word' id='word_1_14' title='bbox 939 842 1325 930; x_wconf 88' lang='lat' dir='ltr'><strong>episcopalis</strong></span> <span class='ocrx_word' id='word_1_15' title='bbox 1372 841 1800 927; x_wconf 81' lang='lat' dir='ltr'><strong>promotionis</strong></span> <span class='ocrx_word' id='word_1_16' title='bbox 1848 861 2161 928; x_wconf 87' lang='lat' dir='ltr'><strong>expressa</strong></span> <span class='ocrx_word' id='word_1_17' title='bbox 2207 840 2282 904; x_wconf 88' lang='lat' dir='ltr'><strong>fit</strong></span> <span class='ocrx_word' id='word_1_18' title='bbox 2330 843 2574 906; x_wconf 91' lang='lat' dir='ltr'><strong>mentio</strong></span> <span class='ocrx_word' id='word_1_19' title='bbox 2622 842 2826 923; x_wconf 87' lang='lat' dir='ltr'><strong>(num.</strong></span> <span class='ocrx_word' id='word_1_20' title='bbox 2878 843 3057 925; x_wconf 86' lang='grc'>611).</span> 
     </span>
     <span class='ocr_line' id='line_1_4' title="bbox 425 944 3812 1034; baseline 0.001 -25"><span class='ocrx_word' id='word_1_21' title='bbox 425 945 632 1024; x_wconf 50' lang='lat' dir='ltr'><strong>servitia</strong></span> <span class='ocrx_word' id='word_1_22' title='bbox 669 961 717 1024; x_wconf 72' lang='lat'><strong>⁸,</strong></span> <span class='ocrx_word' id='word_1_23' title='bbox 990 947 1313 1032; x_wconf 81' lang='lat' dir='ltr'><strong>Tempore</strong></span> <span class='ocrx_word' id='word_1_24' title='bbox 1380 944 1704 1010; x_wconf 85' lang='lat' dir='ltr'><strong>Bonifacii</strong></span> <span class='ocrx_word' id='word_1_25' title='bbox 1773 966 1982 1032; x_wconf 91' lang='lat' dir='ltr'><strong>papae</strong></span> <span class='ocrx_word' id='word_1_26' title='bbox 2051 944 2260 1023; x_wconf 90' lang='lat' dir='ltr'>VIII,</span> <span class='ocrx_word' id='word_1_27' title='bbox 2333 945 2530 1010; x_wconf 90' lang='lat' dir='ltr'><strong>immo</strong></span> <span class='ocrx_word' id='word_1_28' title='bbox 2592 946 2760 1011; x_wconf 84' lang='lat' dir='ltr'><strong>forte</strong></span> <span class='ocrx_word' id='word_1_29' title='bbox 2796 946 2937 1030; x_wconf 88' lang='lat' dir='ltr'><strong>jam</strong></span> <span class='ocrx_word' id='word_1_30' title='bbox 2984 967 3024 1009; x_wconf 87' lang='lat' dir='ltr'><strong>a</strong></span> <span class='ocrx_word' id='word_1_31' title='bbox 3071 951 3363 1033; x_wconf 89' lang='lat' dir='ltr'><strong>tempore</strong></span> <span class='ocrx_word' id='word_1_32' title='bbox 3411 947 3812 1034; x_wconf 77' lang='lat' dir='ltr'><strong>antiquiore,</strong></span> 
     </span>
     <span class='ocr_line' id='line_1_5' title="bbox 352 1027 3809 1136; baseline -0.001 -22"><span class='ocrx_word' id='word_1_33' title='bbox 352 1027 1306 1136; x_wconf 43' lang='grc' dir='ltr'><strong>111(Μ’εἰη“’”01””000-001000000,</strong></span> <span class='ocrx_word' id='word_1_34' title='bbox 1384 1069 1579 1134; x_wconf 90' lang='lat' dir='ltr'><strong>quem</strong></span> <span class='ocrx_word' id='word_1_35' title='bbox 1652 1048 1957 1113; x_wconf 81' lang='lat' dir='ltr'><strong>Summus</strong></span> <span class='ocrx_word' id='word_1_36' title='bbox 2025 1048 2340 1114; x_wconf 84' lang='lat' dir='ltr'><strong>Pontifex</strong></span> <span class='ocrx_word' id='word_1_37' title='bbox 2409 1049 2511 1113; x_wconf 88' lang='lat' dir='ltr'><strong>vel</strong></span> <span class='ocrx_word' id='word_1_38' title='bbox 2585 1050 3036 1114; x_wconf 79' lang='lat' dir='ltr'><strong>nominaverat</strong></span> <span class='ocrx_word' id='word_1_39' title='bbox 3107 1049 3213 1114; x_wconf 90' lang='lat' dir='ltr'><strong>vel</strong></span> <span class='ocrx_word' id='word_1_40' title='bbox 3280 1049 3809 1131; x_wconf 84' lang='lat' dir='ltr'><strong>confirmaverat,</strong></span> 
     </span>
    </p>
   </div>
   <div class='ocr_carea' id='block_1_3' title="bbox 439 1096 3818 1239">
    <p class='ocr_par' dir='ltr' id='par_1_4' title="bbox 439 1096 3818 1239">
     <span class='ocr_line' id='line_1_6' title="bbox 446 1096 668 1130; baseline 0.005 -1"><span class='ocrx_word' id='word_1_41' title='bbox 446 1096 499 1129; x_wconf 85' lang='lat' dir='ltr'><strong>m</strong></span> <span class='ocrx_word' id='word_1_42' title='bbox 532 1097 668 1130; x_wconf 58' lang='lat' dir='ltr'><strong>cunt</strong></span> 
     </span>
     <span class='ocr_line' id='line_1_7' title="bbox 439 1148 3818 1239; baseline 0.001 -24"><span class='ocrx_word' id='word_1_43' title='bbox 439 1148 683 1198; x_wconf 64' lang='lat' dir='ltr'><strong>solvenda.</strong></span> <span class='ocrx_word' id='word_1_44' title='bbox 765 1154 1017 1218; x_wconf 87' lang='lat' dir='ltr'><strong>solvere</strong></span> <span class='ocrx_word' id='word_1_45' title='bbox 1065 1152 1296 1218; x_wconf 85' lang='lat' dir='ltr'><strong>debuit</strong></span> <span class='ocrx_word' id='word_1_46' title='bbox 1335 1151 1647 1239; x_wconf 89' lang='lat' dir='ltr'><strong>quasdam</strong></span> <span class='ocrx_word' id='word_1_47' title='bbox 1689 1152 2008 1239; x_wconf 88' lang='lat' dir='ltr'><strong>pecuniae</strong></span> <span class='ocrx_word' id='word_1_48' title='bbox 2057 1151 2540 1234; x_wconf 82' lang='lat' dir='ltr'><strong>,oblationes,”</strong></span> <span class='ocrx_word' id='word_1_49' title='bbox 2589 1172 2831 1238; x_wconf 87' lang='lat' dir='ltr'><strong>easque</strong></span> <span class='ocrx_word' id='word_1_50' title='bbox 2871 1151 3181 1239; x_wconf 81' lang='lat' dir='ltr'><strong>deinceps</strong></span> <span class='ocrx_word' id='word_1_51' title='bbox 3226 1153 3572 1234; x_wconf 83' lang='lat' dir='ltr'><strong>„servitia”</strong></span> <span class='ocrx_word' id='word_1_52' title='bbox 3612 1153 3818 1239; x_wconf 86' lang='lat' dir='ltr'><strong>vulgo</strong></span> 
     </span>
    </p>
   </div>
   <div class='ocr_carea' id='block_1_4' title="bbox 761 1255 3818 1864">
    <p class='ocr_par' dir='ltr' id='par_1_5' title="bbox 761 1255 3818 1864">
     <span class='ocr_line' id='line_1_8' title="bbox 762 1255 3816 1345; baseline 0.001 -25"><span class='ocrx_word' id='word_1_53' title='bbox 762 1256 964 1322; x_wconf 82' lang='lat' dir='ltr'><strong>fuisse</strong></span> <span class='ocrx_word' id='word_1_54' title='bbox 1028 1257 1390 1343; x_wconf 89' lang='lat' dir='ltr'><strong>appellatas</strong></span> <span class='ocrx_word' id='word_1_55' title='bbox 1437 1262 1665 1321; x_wconf 92' lang='lat' dir='ltr'><strong>notum</strong></span> <span class='ocrx_word' id='word_1_56' title='bbox 1715 1262 1836 1321; x_wconf 86' lang='lat' dir='ltr'><strong>est.</strong></span> <span class='ocrx_word' id='word_1_57' title='bbox 1866 1256 1917 1339; x_wconf 91' lang='lat'><strong>¹)</strong></span> <span class='ocrx_word' id='word_1_58' title='bbox 2010 1255 2188 1331; x_wconf 84' lang='lat' dir='ltr'><strong>Quas</strong></span> <span class='ocrx_word' id='word_1_59' title='bbox 2236 1256 2498 1342; x_wconf 89' lang='lat' dir='ltr'><strong>quidem</strong></span> <span class='ocrx_word' id='word_1_60' title='bbox 2552 1256 3001 1338; x_wconf 74' lang='lat' dir='ltr'><strong>„oblationes”</strong></span> <span class='ocrx_word' id='word_1_61' title='bbox 3050 1258 3274 1321; x_wconf 89' lang='lat' dir='ltr'><strong>statim</strong></span> <span class='ocrx_word' id='word_1_62' title='bbox 3323 1264 3472 1345; x_wconf 88' lang='lat' dir='ltr'><strong>post</strong></span> <span class='ocrx_word' id='word_1_63' title='bbox 3518 1259 3816 1322; x_wconf 84' lang='lat' dir='ltr'><strong>nomina-</strong></span> 
     </span>
     <span class='ocr_line' id='line_1_9' title="bbox 763 1360 3811 1447; baseline 0.001 -22"><span class='ocrx_word' id='word_1_64' title='bbox 763 1363 1011 1427; x_wconf 88' lang='lat' dir='ltr'><strong>tionem</strong></span> <span class='ocrx_word' id='word_1_65' title='bbox 1080 1362 1234 1447; x_wconf 89' lang='lat' dir='ltr'><strong>quia</strong></span> <span class='ocrx_word' id='word_1_66' title='bbox 1301 1361 1673 1446; x_wconf 88' lang='lat' dir='ltr'><strong>persolvere</strong></span> <span class='ocrx_word' id='word_1_67' title='bbox 1741 1360 2190 1446; x_wconf 91' lang='lat' dir='ltr'><strong>neo-episcopi</strong></span> <span class='ocrx_word' id='word_1_68' title='bbox 2250 1360 2634 1446; x_wconf 90' lang='lat' dir='ltr'><strong>plerumque</strong></span> <span class='ocrx_word' id='word_1_69' title='bbox 2691 1381 2881 1446; x_wconf 88' lang='lat' dir='ltr'><strong>pares</strong></span> <span class='ocrx_word' id='word_1_70' title='bbox 2928 1382 3062 1426; x_wconf 93' lang='lat' dir='ltr'><strong>non</strong></span> <span class='ocrx_word' id='word_1_71' title='bbox 3109 1368 3331 1443; x_wconf 90' lang='lat' dir='ltr'><strong>erant,</strong></span> <span class='ocrx_word' id='word_1_72' title='bbox 3381 1363 3485 1427; x_wconf 83' lang='lat' dir='ltr'><strong>vel</strong></span> <span class='ocrx_word' id='word_1_73' title='bbox 3530 1362 3658 1447; x_wconf 91' lang='lat' dir='ltr'><strong>ipsi</strong></span> <span class='ocrx_word' id='word_1_74' title='bbox 3705 1362 3811 1427; x_wconf 92' lang='lat' dir='ltr'><strong>vel</strong></span> 
     </span>
     <span class='ocr_line' id='line_1_10' title="bbox 761 1463 3818 1554; baseline 0 -24"><span class='ocrx_word' id='word_1_75' title='bbox 761 1487 880 1554; x_wconf 90' lang='lat' dir='ltr'><strong>per</strong></span> <span class='ocrx_word' id='word_1_76' title='bbox 925 1471 1379 1552; x_wconf 81' lang='lat' dir='ltr'><strong>procuratores</strong></span> <span class='ocrx_word' id='word_1_77' title='bbox 1428 1463 1808 1529; x_wconf 90' lang='lat' dir='ltr'><strong>solemniter</strong></span> <span class='ocrx_word' id='word_1_78' title='bbox 1857 1464 1926 1527; x_wconf 91' lang='lat' dir='ltr'><strong>in</strong></span> <span class='ocrx_word' id='word_1_79' title='bbox 1973 1464 2155 1528; x_wconf 89' lang='lat' dir='ltr'><strong>curia</strong></span> <span class='ocrx_word' id='word_1_80' title='bbox 2210 1463 2762 1548; x_wconf 75' lang='lat' dir='ltr'><strong>„obligationem”</strong></span> <span class='ocrx_word' id='word_1_81' title='bbox 2808 1465 2976 1529; x_wconf 90' lang='lat' dir='ltr'><strong>inire</strong></span> <span class='ocrx_word' id='word_1_82' title='bbox 3024 1464 3353 1546; x_wconf 89' lang='lat' dir='ltr'><strong>solebant,</strong></span> <span class='ocrx_word' id='word_1_83' title='bbox 3403 1465 3485 1530; x_wconf 88' lang='lat' dir='ltr'><strong>de</strong></span> <span class='ocrx_word' id='word_1_84' title='bbox 3531 1466 3818 1551; x_wconf 87' lang='lat' dir='ltr'><strong>pecunia</strong></span> 
     </span>
     <span class='ocr_line' id='line_1_11' title="bbox 763 1566 3810 1654; baseline 0 -20"><span class='ocrx_word' id='word_1_85' title='bbox 763 1569 988 1634; x_wconf 87' lang='lat' dir='ltr'><strong>debita</strong></span> <span class='ocrx_word' id='word_1_86' title='bbox 1034 1567 1117 1632; x_wconf 89' lang='lat' dir='ltr'><strong>ad</strong></span> <span class='ocrx_word' id='word_1_87' title='bbox 1167 1574 1422 1654; x_wconf 92' lang='lat' dir='ltr'><strong>tempus</strong></span> <span class='ocrx_word' id='word_1_88' title='bbox 1470 1566 1928 1654; x_wconf 88' lang='lat' dir='ltr'><strong>respondendi.</strong></span> <span class='ocrx_word' id='word_1_89' title='bbox 1993 1567 2198 1633; x_wconf 90' lang='lat' dir='ltr'><strong>Porro</strong></span> <span class='ocrx_word' id='word_1_90' title='bbox 2247 1588 2414 1654; x_wconf 91' lang='lat' dir='ltr'><strong>quae</strong></span> <span class='ocrx_word' id='word_1_91' title='bbox 2469 1569 2777 1649; x_wconf 77' lang='lat' dir='ltr'><strong>,servitia</strong></span> <span class='ocrx_word' id='word_1_92' title='bbox 2822 1569 3235 1634; x_wconf 89' lang='lat' dir='ltr'><strong>communia&#39;&#39;</strong></span> <span class='ocrx_word' id='word_1_93' title='bbox 3285 1571 3549 1635; x_wconf 91' lang='lat' dir='ltr'><strong>nomine</strong></span> <span class='ocrx_word' id='word_1_94' title='bbox 3589 1591 3810 1635; x_wconf 90' lang='lat' dir='ltr'><strong>occur·</strong></span> 
     </span>
     <span class='ocr_line' id='line_1_12' title="bbox 762 1669 3816 1760; baseline 0 -22"><span class='ocrx_word' id='word_1_95' title='bbox 762 1680 950 1755; x_wconf 91' lang='lat' dir='ltr'><strong>runt,</strong></span> <span class='ocrx_word' id='word_1_96' title='bbox 1021 1671 1364 1736; x_wconf 88' lang='lat' dir='ltr'><strong>dimidiata</strong></span> <span class='ocrx_word' id='word_1_97' title='bbox 1434 1677 1574 1735; x_wconf 93' lang='lat' dir='ltr'><strong>tum</strong></span> <span class='ocrx_word' id='word_1_98' title='bbox 1645 1669 1908 1735; x_wconf 90' lang='lat' dir='ltr'><strong>domino</strong></span> <span class='ocrx_word' id='word_1_99' title='bbox 1979 1670 2201 1757; x_wconf 87' lang='lat' dir='ltr'><strong>Papae</strong></span> <span class='ocrx_word' id='word_1_100' title='bbox 2272 1693 2420 1736; x_wconf 92' lang='lat' dir='ltr'><strong>cum</strong></span> <span class='ocrx_word' id='word_1_101' title='bbox 2495 1672 2558 1737; x_wconf 85' lang='lat' dir='ltr'><strong>S.</strong></span> <span class='ocrx_word' id='word_1_102' title='bbox 2626 1672 3071 1738; x_wconf 73' lang='lat' dir='ltr'><strong>cardinalium</strong></span> <span class='ocrx_word' id='word_1_103' title='bbox 3138 1673 3431 1759; x_wconf 83' lang='lat' dir='ltr'><strong>Collegio</strong></span> <span class='ocrx_word' id='word_1_104' title='bbox 3496 1673 3816 1760; x_wconf 87' lang='lat' dir='ltr'><strong>obtigisse</strong></span> 
     </span>
     <span class='ocr_line' id='line_1_13' title="bbox 762 1775 3812 1864; baseline 0 -22"><span class='ocrx_word' id='word_1_105' title='bbox 762 1779 1102 1858; x_wconf 82' lang='lat' dir='ltr'><strong>novimus3</strong></span> <span class='ocrx_word' id='word_1_106' title='bbox 1166 1781 1365 1861; x_wconf 91' lang='lat' dir='ltr'><strong>atque</strong></span> <span class='ocrx_word' id='word_1_107' title='bbox 1412 1780 1754 1861; x_wconf 86' lang='lat' dir='ltr'><strong>praeterea</strong></span> <span class='ocrx_word' id='word_1_108' title='bbox 1806 1775 2112 1855; x_wconf 77' lang='lat' dir='ltr'><strong>,servitia</strong></span> <span class='ocrx_word' id='word_1_109' title='bbox 2158 1775 2454 1840; x_wconf 87' lang='lat' dir='ltr'><strong>minuta”</strong></span> <span class='ocrx_word' id='word_1_110' title='bbox 2504 1776 2931 1841; x_wconf 82' lang='lat' dir='ltr'><strong>familiaribus</strong></span> <span class='ocrx_word' id='word_1_111' title='bbox 2979 1778 3197 1843; x_wconf 89' lang='lat' dir='ltr'><strong>curiae</strong></span> <span class='ocrx_word' id='word_1_112' title='bbox 3245 1778 3494 1864; x_wconf 90' lang='lat' dir='ltr'><strong>papalis</strong></span> <span class='ocrx_word' id='word_1_113' title='bbox 3541 1784 3610 1843; x_wconf 92' lang='lat' dir='ltr'><strong>et</strong></span> <span class='ocrx_word' id='word_1_114' title='bbox 3657 1777 3812 1843; x_wconf 86' lang='lat' dir='ltr'><strong>Car-</strong></span> 
     </span>
    </p>
   </div>
   <div class='ocr_carea' id='block_1_5' title="bbox 764 1878 3817 2071">
    <p class='ocr_par' dir='ltr' id='par_1_6' title="bbox 764 1878 3817 2071">
     <span class='ocr_line' id='line_1_14' title="bbox 764 1878 1628 1963; baseline -0.003 -19"><span class='ocrx_word' id='word_1_115' title='bbox 764 1881 1080 1946; x_wconf 88' lang='lat' dir='ltr'><strong>dinalium</strong></span> <span class='ocrx_word' id='word_1_116' title='bbox 1127 1878 1547 1944; x_wconf 82' lang='lat' dir='ltr'><strong>accedebant.</strong></span> <span class='ocrx_word' id='word_1_117' title='bbox 1574 1879 1628 1963; x_wconf 73' lang='grc'><strong>2)</strong></span> 
     </span>
     <span class='ocr_line' id='line_1_15' title="bbox 987 1981 3817 2071; baseline 0.001 -23"><span class='ocrx_word' id='word_1_118' title='bbox 987 1983 1094 2048; x_wconf 87' lang='lat' dir='ltr'><strong>Ita</strong></span> <span class='ocrx_word' id='word_1_119' title='bbox 1153 1983 1549 2048; x_wconf 88' lang='lat' dir='ltr'><strong>Wilhelmus</strong></span> <span class='ocrx_word' id='word_1_120' title='bbox 1611 1981 1986 2063; x_wconf 88' lang='lat' dir='ltr'><strong>Bertholdi‚</strong></span> <span class='ocrx_word' id='word_1_121' title='bbox 2045 1982 2156 2068; x_wconf 90' lang='lat' dir='ltr'><strong>qui</strong></span> <span class='ocrx_word' id='word_1_122' title='bbox 2204 1981 2312 2047; x_wconf 89' lang='lat' dir='ltr'><strong>die</strong></span> <span class='ocrx_word' id='word_1_123' title='bbox 2366 1985 2444 2047; x_wconf 90' lang='lat'><strong>15</strong></span> <span class='ocrx_word' id='word_1_124' title='bbox 2495 1983 2838 2048; x_wconf 87' lang='lat' dir='ltr'><strong>Februarii</strong></span> <span class='ocrx_word' id='word_1_125' title='bbox 2885 2004 2991 2048; x_wconf 91' lang='lat' dir='ltr'><strong>an.</strong></span> <span class='ocrx_word' id='word_1_126' title='bbox 3047 1987 3216 2050; x_wconf 84' lang='lat'>1296</span> <span class='ocrx_word' id='word_1_127' title='bbox 3265 1986 3608 2071; x_wconf 90' lang='lat' dir='ltr'><strong>episcopus</strong></span> <span class='ocrx_word' id='word_1_128' title='bbox 3654 1986 3817 2051; x_wconf 85' lang='lat' dir='ltr'><strong>Tra-</strong></span> 
     </span>
    </p>
   </div>
   <div class='ocr_carea' id='block_1_6' title="bbox 753 2085 3819 3003">
    <p class='ocr_par' dir='ltr' id='par_1_7' title="bbox 753 2085 3819 3003">
     <span class='ocr_line' id='line_1_16' title="bbox 753 2085 3813 2175; baseline 0.001 -23"><span class='ocrx_word' id='word_1_129' title='bbox 753 2089 1071 2175; x_wconf 89' lang='lat' dir='ltr'><strong>jectensis</strong></span> <span class='ocrx_word' id='word_1_130' title='bbox 1119 2088 1491 2151; x_wconf 88' lang='lat' dir='ltr'><strong>nominatus</strong></span> <span class='ocrx_word' id='word_1_131' title='bbox 1541 2092 1673 2168; x_wconf 84' lang='lat' dir='ltr'><strong>est,</strong></span> <span class='ocrx_word' id='word_1_132' title='bbox 1721 2085 2012 2150; x_wconf 90' lang='lat' dir='ltr'><strong>nondum</strong></span> <span class='ocrx_word' id='word_1_133' title='bbox 2061 2093 2478 2152; x_wconf 88' lang='lat' dir='ltr'><strong>consecratus</strong></span> <span class='ocrx_word' id='word_1_134' title='bbox 2533 2108 2689 2172; x_wconf 85' lang='lat' dir='ltr'><strong>„pro</strong></span> <span class='ocrx_word' id='word_1_135' title='bbox 2736 2108 2854 2151; x_wconf 91' lang='lat' dir='ltr'><strong>suo</strong></span> <span class='ocrx_word' id='word_1_136' title='bbox 2903 2090 3232 2152; x_wconf 90' lang='lat' dir='ltr'><strong>communi</strong></span> <span class='ocrx_word' id='word_1_137' title='bbox 3280 2089 3590 2154; x_wconf 85' lang='lat' dir='ltr'><strong>servitio”</strong></span> <span class='ocrx_word' id='word_1_138' title='bbox 3639 2111 3813 2154; x_wconf 91' lang='lat' dir='ltr'><strong>sum·</strong></span> 
     </span>
     <span class='ocr_line' id='line_1_17' title="bbox 760 2190 3819 2277; baseline 0.001 -20"><span class='ocrx_word' id='word_1_139' title='bbox 760 2214 932 2257; x_wconf 86' lang='lat' dir='ltr'><strong>mam</strong></span> <span class='ocrx_word' id='word_1_140' title='bbox 1004 2194 1179 2257; x_wconf 83' lang='grc'>4600</span> <span class='ocrx_word' id='word_1_141' title='bbox 1251 2209 1318 2256; x_wconf 84' lang='lat' dir='ltr'><strong>et</strong></span> <span class='ocrx_word' id='word_1_142' title='bbox 1396 2212 1550 2277; x_wconf 86' lang='lat' dir='ltr'><strong>„pro</strong></span> <span class='ocrx_word' id='word_1_143' title='bbox 1622 2190 1905 2254; x_wconf 87' lang='lat' dir='ltr'><strong>servitiis</strong></span> <span class='ocrx_word' id='word_1_144' title='bbox 1972 2190 2285 2255; x_wconf 86' lang='lat' dir='ltr'><strong>minutis&#39;’</strong></span> <span class='ocrx_word' id='word_1_145' title='bbox 2358 2212 2673 2255; x_wconf 91' lang='lat' dir='ltr'><strong>summam</strong></span> <span class='ocrx_word' id='word_1_146' title='bbox 2740 2192 2872 2255; x_wconf 80' lang='lat'><strong>200</strong></span> <span class='ocrx_word' id='word_1_147' title='bbox 2928 2191 3321 2257; x_wconf 86' lang='lat' dir='ltr'><strong>florenorum</strong></span> <span class='ocrx_word' id='word_1_148' title='bbox 3368 2194 3509 2257; x_wconf 88' lang='lat' dir='ltr'><strong>auri</strong></span> <span class='ocrx_word' id='word_1_149' title='bbox 3556 2194 3819 2260; x_wconf 83' lang='lat' dir='ltr'><strong>solvere</strong></span> 
     </span>
     <span class='ocr_line' id='line_1_18' title="bbox 761 2293 3814 2383; baseline 0.001 -24"><span class='ocrx_word' id='word_1_150' title='bbox 761 2298 1058 2383; x_wconf 87' lang='lat' dir='ltr'><strong>promisit</strong></span> <span class='ocrx_word' id='word_1_151' title='bbox 1120 2297 1326 2378; x_wconf 87' lang='lat' dir='ltr'><strong>(uum.</strong></span> <span class='ocrx_word' id='word_1_152' title='bbox 1394 2296 1572 2377; x_wconf 88' lang='grc'><strong>420).</strong></span> <span class='ocrx_word' id='word_1_153' title='bbox 1667 2293 1861 2359; x_wconf 89' lang='lat' dir='ltr'><strong>Hanc</strong></span> <span class='ocrx_word' id='word_1_154' title='bbox 1927 2293 2011 2359; x_wconf 87' lang='lat' dir='ltr'><strong>ob</strong></span> <span class='ocrx_word' id='word_1_155' title='bbox 2073 2314 2334 2358; x_wconf 90' lang='lat' dir='ltr'><strong>causam</strong></span> <span class='ocrx_word' id='word_1_156' title='bbox 2395 2316 2543 2358; x_wconf 91' lang='lat' dir='ltr'><strong>cum</strong></span> <span class='ocrx_word' id='word_1_157' title='bbox 2591 2294 2978 2381; x_wconf 88' lang='lat' dir='ltr'><strong>quibusdam</strong></span> <span class='ocrx_word' id='word_1_158' title='bbox 3027 2297 3496 2361; x_wconf 87' lang='lat' dir='ltr'><strong>mercatoribus</strong></span> <span class='ocrx_word' id='word_1_159' title='bbox 3540 2297 3814 2363; x_wconf 87' lang='lat' dir='ltr'><strong>Floren-</strong></span> 
     </span>
     <span class='ocr_line' id='line_1_19' title="bbox 762 2390 3812 2488; baseline 0.001 -23"><span class='ocrx_word' id='word_1_160' title='bbox 762 2402 918 2466; x_wconf 90' lang='lat' dir='ltr'><strong>tinis</strong></span> <span class='ocrx_word' id='word_1_161' title='bbox 983 2406 1282 2465; x_wconf 86' lang='lat' dir='ltr'><strong>mutuum</strong></span> <span class='ocrx_word' id='word_1_162' title='bbox 1339 2399 1706 2480; x_wconf 83' lang='lat' dir='ltr'><strong>contraxit,</strong></span> <span class='ocrx_word' id='word_1_163' title='bbox 1766 2398 1942 2464; x_wconf 88' lang='lat' dir='ltr'><strong>unde</strong></span> <span class='ocrx_word' id='word_1_164' title='bbox 1986 2390 2123 2463; x_wconf 77' lang='lat' dir='ltr'><strong>&#39;tam</strong></span> <span class='ocrx_word' id='word_1_165' title='bbox 2172 2399 2313 2484; x_wconf 91' lang='lat' dir='ltr'><strong>ipse</strong></span> <span class='ocrx_word' id='word_1_166' title='bbox 2360 2420 2556 2484; x_wconf 88' lang='lat' dir='ltr'><strong>quam</strong></span> <span class='ocrx_word' id='word_1_167' title='bbox 2605 2420 3007 2464; x_wconf 87' lang='lat' dir='ltr'><strong>successores</strong></span> <span class='ocrx_word' id='word_1_168' title='bbox 3057 2400 3347 2488; x_wconf 90' lang='lat' dir='ltr'><strong>episcopi</strong></span> <span class='ocrx_word' id='word_1_169' title='bbox 3395 2423 3547 2467; x_wconf 87' lang='lat' dir='ltr'><strong>aere</strong></span> <span class='ocrx_word' id='word_1_170' title='bbox 3595 2402 3812 2467; x_wconf 90' lang='lat' dir='ltr'><strong>alieno</strong></span> 
     </span>
     <span class='ocr_line' id='line_1_20' title="bbox 761 2500 3814 2591; baseline 0 -22"><span class='ocrx_word' id='word_1_171' title='bbox 761 2525 1158 2591; x_wconf 83' lang='lat' dir='ltr'><strong>magnopere</strong></span> <span class='ocrx_word' id='word_1_172' title='bbox 1205 2502 1589 2568; x_wconf 86' lang='lat' dir='ltr'><strong>laborarunt</strong></span> <span class='ocrx_word' id='word_1_173' title='bbox 1635 2508 1834 2588; x_wconf 91' lang='lat' dir='ltr'><strong>atque</strong></span> <span class='ocrx_word' id='word_1_174' title='bbox 1882 2500 2180 2567; x_wconf 90' lang='lat' dir='ltr'><strong>solvendi</strong></span> <span class='ocrx_word' id='word_1_175' title='bbox 2226 2502 2507 2589; x_wconf 89' lang='lat' dir='ltr'><strong>impares</strong></span> <span class='ocrx_word' id='word_1_176' title='bbox 2548 2524 2693 2566; x_wconf 91' lang='lat' dir='ltr'><strong>cum</strong></span> <span class='ocrx_word' id='word_1_177' title='bbox 2728 2509 2979 2584; x_wconf 86' lang='lat' dir='ltr'><strong>essent,</strong></span> <span class='ocrx_word' id='word_1_178' title='bbox 3028 2505 3322 2569; x_wconf 87' lang='lat' dir='ltr'><strong>censuris</strong></span> <span class='ocrx_word' id='word_1_179' title='bbox 3354 2505 3814 2571; x_wconf 88' lang='lat' dir='ltr'><strong>ecclesiasticis</strong></span> 
     </span>
     <span class='ocr_line' id='line_1_21' title="bbox 760 2605 3809 2689; baseline 0.001 -16"><span class='ocrx_word' id='word_1_180' title='bbox 760 2608 1121 2674; x_wconf 89' lang='lat' dir='ltr'><strong>identidem</strong></span> <span class='ocrx_word' id='word_1_181' title='bbox 1186 2605 1486 2672; x_wconf 88' lang='lat' dir='ltr'><strong>innodati</strong></span> <span class='ocrx_word' id='word_1_182' title='bbox 1555 2613 1744 2689; x_wconf 87' lang='lat' dir='ltr'><strong>sunt,</strong></span> <span class='ocrx_word' id='word_1_183' title='bbox 1794 2605 2003 2672; x_wconf 89' lang='lat' dir='ltr'><strong>donec</strong></span> <span class='ocrx_word' id='word_1_184' title='bbox 2050 2605 2315 2670; x_wconf 88' lang='lat' dir='ltr'><strong>tandem</strong></span> <span class='ocrx_word' id='word_1_185' title='bbox 2367 2627 2468 2670; x_wconf 91' lang='lat' dir='ltr'><strong>an.</strong></span> <span class='ocrx_word' id='word_1_186' title='bbox 2525 2608 2694 2670; x_wconf 81' lang='grc'>1353</span> <span class='ocrx_word' id='word_1_187' title='bbox 2743 2605 3082 2672; x_wconf 88' lang='lat' dir='ltr'><strong>Johannes</strong></span> <span class='ocrx_word' id='word_1_188' title='bbox 3131 2606 3213 2673; x_wconf 91' lang='lat' dir='ltr'><strong>de</strong></span> <span class='ocrx_word' id='word_1_189' title='bbox 3260 2609 3469 2676; x_wconf 84' lang='lat' dir='ltr'><strong>Arkel</strong></span> <span class='ocrx_word' id='word_1_190' title='bbox 3512 2612 3809 2675; x_wconf 91' lang='lat' dir='ltr'><strong>ultimam</strong></span> 
     </span>
     <span class='ocr_line' id='line_1_22' title="bbox 762 2709 3817 2798; baseline 0 -22"><span class='ocrx_word' id='word_1_191' title='bbox 762 2712 971 2778; x_wconf 89' lang='lat' dir='ltr'><strong>debiti</strong></span> <span class='ocrx_word' id='word_1_192' title='bbox 1018 2719 1270 2798; x_wconf 90' lang='lat' dir='ltr'><strong>partem</strong></span> <span class='ocrx_word' id='word_1_193' title='bbox 1315 2710 1437 2774; x_wconf 88' lang='lat' dir='ltr'><strong>rite</strong></span> <span class='ocrx_word' id='word_1_194' title='bbox 1480 2709 1793 2795; x_wconf 86' lang='lat' dir='ltr'><strong>persolvit</strong></span> <span class='ocrx_word' id='word_1_195' title='bbox 1831 2712 2037 2793; x_wconf 91' lang='lat' dir='ltr'><strong>(num.</strong></span> <span class='ocrx_word' id='word_1_196' title='bbox 2082 2711 2262 2790; x_wconf 82' lang='lat'><strong>432).</strong></span> <span class='ocrx_word' id='word_1_197' title='bbox 2336 2709 2614 2775; x_wconf 85' lang='lat' dir='ltr'><strong>Easdem</strong></span> <span class='ocrx_word' id='word_1_198' title='bbox 2656 2731 2940 2775; x_wconf 87' lang='lat' dir='ltr'><strong>summas</strong></span> <span class='ocrx_word' id='word_1_199' title='bbox 2983 2716 3114 2775; x_wconf 89' lang='lat' dir='ltr'><strong>tam</strong></span> <span class='ocrx_word' id='word_1_200' title='bbox 3157 2733 3275 2798; x_wconf 89' lang='lat' dir='ltr'><strong>pro</strong></span> <span class='ocrx_word' id='word_1_201' title='bbox 3315 2715 3642 2779; x_wconf 90' lang='lat' dir='ltr'><strong>communi</strong></span> <span class='ocrx_word' id='word_1_202' title='bbox 3679 2735 3817 2777; x_wconf 87' lang='lat' dir='ltr'><strong>ser·</strong></span> 
     </span>
     <span class='ocr_line' id='line_1_23' title="bbox 760 2811 3807 2902; baseline 0.001 -22"><span class='ocrx_word' id='word_1_203' title='bbox 760 2816 920 2880; x_wconf 89' lang='lat' dir='ltr'><strong>vitio</strong></span> <span class='ocrx_word' id='word_1_204' title='bbox 970 2836 1165 2901; x_wconf 90' lang='lat' dir='ltr'><strong>quam</strong></span> <span class='ocrx_word' id='word_1_205' title='bbox 1213 2835 1329 2900; x_wconf 88' lang='lat' dir='ltr'><strong>pro</strong></span> <span class='ocrx_word' id='word_1_206' title='bbox 1379 2813 1659 2878; x_wconf 88' lang='lat' dir='ltr'><strong>servitiis</strong></span> <span class='ocrx_word' id='word_1_207' title='bbox 1705 2814 1974 2878; x_wconf 90' lang='lat' dir='ltr'><strong>minutis</strong></span> <span class='ocrx_word' id='word_1_208' title='bbox 2021 2812 2309 2900; x_wconf 89' lang='lat' dir='ltr'><strong>pendere</strong></span> <span class='ocrx_word' id='word_1_209' title='bbox 2358 2811 2850 2900; x_wconf 87' lang='lat' dir='ltr'><strong>spoponderunt</strong></span> <span class='ocrx_word' id='word_1_210' title='bbox 2897 2813 3288 2879; x_wconf 87' lang='lat' dir='ltr'><strong>Fredericus</strong></span> <span class='ocrx_word' id='word_1_211' title='bbox 3336 2815 3418 2880; x_wconf 91' lang='lat' dir='ltr'><strong>de</strong></span> <span class='ocrx_word' id='word_1_212' title='bbox 3466 2817 3698 2902; x_wconf 80' lang='lat' dir='ltr'><strong>Syrick</strong></span> <span class='ocrx_word' id='word_1_213' title='bbox 3721 2818 3807 2901; x_wconf 79' lang='lat'><strong>³),</strong></span> 
     </span>
     <span class='ocr_line' id='line_1_24' title="bbox 761 2916 3818 3003; baseline 0 -19"><span class='ocrx_word' id='word_1_214' title='bbox 761 2918 1071 2984; x_wconf 88' lang='lat' dir='ltr'><strong>Nicolaus</strong></span> <span class='ocrx_word' id='word_1_215' title='bbox 1134 2916 1215 2982; x_wconf 89' lang='lat' dir='ltr'><strong>de</strong></span> <span class='ocrx_word' id='word_1_216' title='bbox 1276 2916 1557 3003; x_wconf 76' lang='lat' dir='ltr'><strong>caputio</strong></span> <span class='ocrx_word' id='word_1_217' title='bbox 1581 2917 1666 2999; x_wconf 79' lang='lat'><strong>⁴¹),</strong></span> <span class='ocrx_word' id='word_1_218' title='bbox 1729 2916 2068 2982; x_wconf 85' lang='lat' dir='ltr'><strong>Johannes</strong></span> <span class='ocrx_word' id='word_1_219' title='bbox 2130 2916 2211 2982; x_wconf 89' lang='lat' dir='ltr'><strong>de</strong></span> <span class='ocrx_word' id='word_1_220' title='bbox 2274 2917 2590 3001; x_wconf 79' lang='lat' dir='ltr'><strong>Arke15),</strong></span> <span class='ocrx_word' id='word_1_221' title='bbox 2655 2916 2994 2983; x_wconf 82' lang='lat' dir='ltr'><strong>Johannes</strong></span> <span class='ocrx_word' id='word_1_222' title='bbox 3055 2918 3136 2984; x_wconf 92' lang='lat' dir='ltr'><strong>de</strong></span> <span class='ocrx_word' id='word_1_223' title='bbox 3192 2920 3636 3002; x_wconf 87' lang='lat' dir='ltr'><strong>Virneburch,</strong></span> <span class='ocrx_word' id='word_1_224' title='bbox 3685 2922 3818 2986; x_wconf 80' lang='lat' dir='ltr'><strong>Ar·</strong></span> 
     </span>
    </p>
   </div>
   <div class='ocr_carea' id='block_1_7' title="bbox 762 3138 791 3145">
    <p class='ocr_par' dir='ltr' id='par_1_8' title="bbox 762 3138 791 3145">
     <span class='ocr_line' id='line_1_25' title="bbox 762 3138 791 3145; baseline -0.034 0"><span class='ocrx_word' id='word_1_225' title='bbox 762 3138 791 3145; x_wconf 76' lang='grc'><strong>..-</strong></span> 
     </span>
    </p>
   </div>
   <div class='ocr_carea' id='block_1_8' title="bbox 752 3295 3824 4089">
    <p class='ocr_par' dir='ltr' id='par_1_9' title="bbox 927 3295 3750 3365">
     <span class='ocr_line' id='line_1_26' title="bbox 927 3295 3750 3365; baseline 0 -15"><span class='ocrx_word' id='word_1_226' title='bbox 927 3299 983 3361; x_wconf 87' lang='grc'><strong>1)</strong></span> <span class='ocrx_word' id='word_1_227' title='bbox 1019 3299 1077 3349; x_wconf 89' lang='lat' dir='ltr'><strong>L.</strong></span> <span class='ocrx_word' id='word_1_228' title='bbox 1114 3297 1285 3362; x_wconf 69' lang='lat' dir='ltr'><strong>Konig</strong></span> <span class='ocrx_word' id='word_1_229' title='bbox 1320 3296 1417 3345; x_wconf 74' lang='lat' dir='ltr'><strong>Die</strong></span> <span class='ocrx_word' id='word_1_230' title='bbox 1443 3295 1731 3360; x_wconf 56' lang='lat' dir='ltr'><strong>papalia-lae</strong></span> <span class='ocrx_word' id='word_1_231' title='bbox 1766 3295 2004 3345; x_wconf 75' lang='lat' dir='ltr'><strong>Kammer</strong></span> <span class='ocrx_word' id='word_1_232' title='bbox 2037 3299 2184 3345; x_wconf 70' lang='lat' dir='ltr'><strong>unior</strong></span> <span class='ocrx_word' id='word_1_233' title='bbox 2224 3297 2445 3346; x_wconf 68' lang='lat' dir='ltr'><strong>Clemens</strong></span> <span class='ocrx_word' id='word_1_234' title='bbox 2489 3297 2543 3344; x_wconf 76' lang='lat' dir='ltr'><em>V</em></span> <span class='ocrx_word' id='word_1_235' title='bbox 2567 3297 2672 3345; x_wconf 70' lang='lat' dir='ltr'><strong>und</strong></span> <span class='ocrx_word' id='word_1_236' title='bbox 2706 3298 2914 3347; x_wconf 63' lang='lat' dir='ltr'><strong>Jonas-n</strong></span> <span class='ocrx_word' id='word_1_237' title='bbox 2948 3299 3140 3347; x_wconf 82' lang='lat' dir='ltr'><em>XXII</em></span> <span class='ocrx_word' id='word_1_238' title='bbox 3168 3299 3348 3362; x_wconf 87' lang='lat' dir='ltr'><strong>(Wien</strong></span> <span class='ocrx_word' id='word_1_239' title='bbox 3389 3299 3541 3363; x_wconf 88' lang='grc'>1894)</span> <span class='ocrx_word' id='word_1_240' title='bbox 3575 3300 3608 3350; x_wconf 82' lang='grc'><strong>6</strong></span> <span class='ocrx_word' id='word_1_241' title='bbox 3642 3315 3750 3365; x_wconf 84' lang='lat' dir='ltr'><strong>seq.</strong></span> 
     </span>
    </p>

    <p class='ocr_par' dir='ltr' id='par_1_10' title="bbox 760 3376 3824 3529">
     <span class='ocr_line' id='line_1_27' title="bbox 923 3376 3824 3445; baseline 0 -16"><span class='ocrx_word' id='word_1_242' title='bbox 923 3381 979 3445; x_wconf 87' lang='grc'>2)</span> <span class='ocrx_word' id='word_1_243' title='bbox 1033 3381 1077 3431; x_wconf 86' lang='lat' dir='ltr'><strong>J.</strong></span> <span class='ocrx_word' id='word_1_244' title='bbox 1131 3378 1188 3428; x_wconf 89' lang='lat' dir='ltr'><strong>P.</strong></span> <span class='ocrx_word' id='word_1_245' title='bbox 1241 3377 1434 3427; x_wconf 83' lang='lat' dir='ltr'><strong>Kirsch</strong></span> <span class='ocrx_word' id='word_1_246' title='bbox 1485 3376 1583 3425; x_wconf 73' lang='lat' dir='ltr'><strong>Die</strong></span> <span class='ocrx_word' id='word_1_247' title='bbox 1634 3376 2138 3439; x_wconf 49' lang='lat' dir='ltr'><strong>Fruamur-vultum</strong></span> <span class='ocrx_word' id='word_1_248' title='bbox 2189 3378 2277 3426; x_wconf 72' lang='lat' dir='ltr'><strong>des</strong></span> <span class='ocrx_word' id='word_1_249' title='bbox 2333 3377 2914 3441; x_wconf 67' lang='lat' dir='ltr'><strong>Kardinalscolleyiums</strong></span> <span class='ocrx_word' id='word_1_250' title='bbox 2963 3378 3031 3427; x_wconf 73' lang='lat' dir='ltr'><strong>im</strong></span> <span class='ocrx_word' id='word_1_251' title='bbox 3082 3379 3251 3429; x_wconf 81' lang='lat' dir='ltr'><em>XIII</em></span> <span class='ocrx_word' id='word_1_252' title='bbox 3290 3381 3394 3429; x_wconf 69' lang='lat' dir='ltr'><strong>und</strong></span> <span class='ocrx_word' id='word_1_253' title='bbox 3436 3381 3587 3430; x_wconf 73' lang='lat' dir='ltr'><strong>XIV</strong></span> <span class='ocrx_word' id='word_1_254' title='bbox 3621 3380 3824 3437; x_wconf 60' lang='lat' dir='ltr'><strong>Jahrb,</strong></span> 
     </span>
     <span class='ocr_line' id='line_1_28' title="bbox 760 3454 1588 3529; baseline -0.011 -15"><span class='ocrx_word' id='word_1_255' title='bbox 760 3463 1027 3529; x_wconf 77' lang='lat' dir='ltr'><strong>(Miinster</strong></span> <span class='ocrx_word' id='word_1_256' title='bbox 1061 3458 1215 3519; x_wconf 81' lang='lat'>1895)</span> <span class='ocrx_word' id='word_1_257' title='bbox 1254 3457 1345 3521; x_wconf 88' lang='grc'><strong>12,</strong></span> <span class='ocrx_word' id='word_1_258' title='bbox 1381 3455 1471 3520; x_wconf 96' lang='grc'><strong>14,</strong></span> <span class='ocrx_word' id='word_1_259' title='bbox 1506 3454 1588 3506; x_wconf 83' lang='grc'><strong>21.</strong></span> 
     </span>
    </p>

    <p class='ocr_par' dir='ltr' id='par_1_11' title="bbox 925 3536 2573 3605">
     <span class='ocr_line' id='line_1_29' title="bbox 925 3536 2573 3605; baseline -0.003 -13"><span class='ocrx_word' id='word_1_260' title='bbox 925 3542 980 3605; x_wconf 86' lang='grc'>3)</span> <span class='ocrx_word' id='word_1_261' title='bbox 1993 3536 2144 3602; x_wconf 79' lang='grc'>1317,</span> <span class='ocrx_word' id='word_1_262' title='bbox 2181 3537 2474 3588; x_wconf 59' lang='lat' dir='ltr'><strong>Novar-brie</strong></span> <span class='ocrx_word' id='word_1_263' title='bbox 2507 3537 2573 3587; x_wconf 84' lang='grc'><strong>28</strong></span> 
     </span>
    </p>

    <p class='ocr_par' dir='ltr' id='par_1_12' title="bbox 752 3616 3812 4009">
     <span class='ocr_line' id='line_1_30' title="bbox 924 3616 3808 3687; baseline 0 -15"><span class='ocrx_word' id='word_1_264' title='bbox 924 3623 1135 3672; x_wconf 87' lang='lat' dir='ltr'><strong>Eisdem</strong></span> <span class='ocrx_word' id='word_1_265' title='bbox 1187 3633 1328 3670; x_wconf 88' lang='lat' dir='ltr'><strong>anno</strong></span> <span class='ocrx_word' id='word_1_266' title='bbox 1383 3616 1590 3681; x_wconf 84' lang='grc'>(1317),</span> <span class='ocrx_word' id='word_1_267' title='bbox 1638 3617 1926 3667; x_wconf 75' lang='lat' dir='ltr'><strong>indictione</strong></span> <span class='ocrx_word' id='word_1_268' title='bbox 1971 3616 2138 3680; x_wconf 82' lang='lat' dir='ltr'>(XV),</span> <span class='ocrx_word' id='word_1_269' title='bbox 2186 3618 2298 3668; x_wconf 90' lang='lat' dir='ltr'><strong>loco</strong></span> <span class='ocrx_word' id='word_1_270' title='bbox 2344 3624 2398 3669; x_wconf 90' lang='lat' dir='ltr'><strong>et</strong></span> <span class='ocrx_word' id='word_1_271' title='bbox 2433 3619 2657 3669; x_wconf 57' lang='lat' dir='ltr'><strong>testibus</strong></span> <span class='ocrx_word' id='word_1_272' title='bbox 2692 3619 2772 3681; x_wconf 89' lang='lat' dir='ltr'><strong>(in</strong></span> <span class='ocrx_word' id='word_1_273' title='bbox 2812 3619 3035 3683; x_wconf 89' lang='lat' dir='ltr'><strong>hospitio</strong></span> <span class='ocrx_word' id='word_1_274' title='bbox 3069 3621 3268 3672; x_wconf 88' lang='lat' dir='ltr'><strong>domini</strong></span> <span class='ocrx_word' id='word_1_275' title='bbox 3306 3622 3674 3687; x_wconf 81' lang='lat' dir='ltr'><strong>Albanensis),</strong></span> <span class='ocrx_word' id='word_1_276' title='bbox 3722 3624 3808 3673; x_wconf 88' lang='lat' dir='ltr'><strong>die</strong></span> 
     </span>
     <span class='ocr_line' id='line_1_31' title="bbox 755 3698 3808 3766; baseline -0 -11"><span class='ocrx_word' id='word_1_277' title='bbox 755 3703 985 3755; x_wconf 77' lang='lat' dir='ltr'><strong>xxvffl</strong></span> <span class='ocrx_word' id='word_1_278' title='bbox 1039 3700 1239 3751; x_wconf 78' lang='lat' dir='ltr'><strong>mensis</strong></span> <span class='ocrx_word' id='word_1_279' title='bbox 1291 3698 1606 3749; x_wconf 81' lang='lat' dir='ltr'><strong>Novembris</strong></span> <span class='ocrx_word' id='word_1_280' title='bbox 1658 3698 1904 3747; x_wconf 87' lang='lat' dir='ltr'><strong>dominus</strong></span> <span class='ocrx_word' id='word_1_281' title='bbox 1953 3698 2261 3749; x_wconf 85' lang='lat' dir='ltr'><strong>Fredericus</strong></span> <span class='ocrx_word' id='word_1_282' title='bbox 2302 3701 2578 3763; x_wconf 85' lang='lat' dir='ltr'><strong>episcopus</strong></span> <span class='ocrx_word' id='word_1_283' title='bbox 2612 3698 2967 3761; x_wconf 71' lang='lat' dir='ltr'><strong>TraJectensis</strong></span> <span class='ocrx_word' id='word_1_284' title='bbox 3002 3702 3241 3765; x_wconf 77' lang='lat' dir='ltr'><strong>promisit</strong></span> <span class='ocrx_word' id='word_1_285' title='bbox 3278 3718 3372 3766; x_wconf 87' lang='lat' dir='ltr'><strong>pro</strong></span> <span class='ocrx_word' id='word_1_286' title='bbox 3406 3718 3501 3753; x_wconf 93' lang='lat' dir='ltr'><strong>suo</strong></span> <span class='ocrx_word' id='word_1_287' title='bbox 3535 3705 3808 3754; x_wconf 85' lang='lat' dir='ltr'><strong>communi</strong></span> 
     </span>
     <span class='ocr_line' id='line_1_32' title="bbox 754 3778 3812 3847; baseline -0 -12"><span class='ocrx_word' id='word_1_288' title='bbox 754 3785 967 3835; x_wconf 82' lang='lat' dir='ltr'><strong>servitio</strong></span> <span class='ocrx_word' id='word_1_289' title='bbox 1019 3795 1228 3833; x_wconf 84' lang='lat' dir='ltr'><strong>camere</strong></span> <span class='ocrx_word' id='word_1_290' title='bbox 1278 3785 1331 3830; x_wconf 89' lang='lat' dir='ltr'><strong>et</strong></span> <span class='ocrx_word' id='word_1_291' title='bbox 1383 3779 1590 3843; x_wconf 74' lang='lat' dir='ltr'><strong>collegii</strong></span> <span class='ocrx_word' id='word_1_292' title='bbox 1644 3779 1789 3830; x_wconf 71' lang='lat'>111111</span> <span class='ocrx_word' id='word_1_293' title='bbox 1837 3778 1935 3828; x_wconf 81' lang='lat' dir='ltr'><strong>V10</strong></span> <span class='ocrx_word' id='word_1_294' title='bbox 1982 3779 2091 3829; x_wconf 89' lang='lat' dir='ltr'><strong>ssor.</strong></span> <span class='ocrx_word' id='word_1_295' title='bbox 2138 3781 2254 3830; x_wconf 84' lang='lat' dir='ltr'><strong>auri</strong></span> <span class='ocrx_word' id='word_1_296' title='bbox 2301 3787 2354 3830; x_wconf 83' lang='lat' dir='ltr'><strong>et</strong></span> <span class='ocrx_word' id='word_1_297' title='bbox 2391 3779 2434 3824; x_wconf 87' lang='lat' dir='ltr'>V</span> <span class='ocrx_word' id='word_1_298' title='bbox 2469 3780 2683 3829; x_wconf 85' lang='lat' dir='ltr'><strong>servitia</strong></span> <span class='ocrx_word' id='word_1_299' title='bbox 2717 3779 3069 3831; x_wconf 80' lang='lat' dir='ltr'><strong>familiaribus</strong></span> <span class='ocrx_word' id='word_1_300' title='bbox 3103 3783 3423 3847; x_wconf 83' lang='lat' dir='ltr'><strong>persolvere,</strong></span> <span class='ocrx_word' id='word_1_301' title='bbox 3470 3785 3812 3834; x_wconf 80' lang='lat' dir='ltr'><strong>medietatem</strong></span> 
     </span>
     <span class='ocr_line' id='line_1_33' title="bbox 752 3852 3806 3924; baseline 0 -10"><span class='ocrx_word' id='word_1_302' title='bbox 752 3865 996 3914; x_wconf 77' lang='lat' dir='ltr'><strong>videlicet</strong></span> <span class='ocrx_word' id='word_1_303' title='bbox 1049 3864 1105 3913; x_wconf 88' lang='lat' dir='ltr'><strong>in</strong></span> <span class='ocrx_word' id='word_1_304' title='bbox 1160 3852 1292 3912; x_wconf 81' lang='grc'>10010</span> <span class='ocrx_word' id='word_1_305' title='bbox 1343 3861 1737 3924; x_wconf 83' lang='grc' dir='ltr'>Δο00010110010</span> <span class='ocrx_word' id='word_1_306' title='bbox 1785 3862 1936 3913; x_wconf 83' lang='lat' dir='ltr'><strong>beate</strong></span> <span class='ocrx_word' id='word_1_307' title='bbox 1983 3860 2147 3910; x_wconf 84' lang='lat' dir='ltr'><strong>Marie</strong></span> <span class='ocrx_word' id='word_1_308' title='bbox 2192 3862 2429 3923; x_wconf 86' lang='lat' dir='ltr'><strong>proxime</strong></span> <span class='ocrx_word' id='word_1_309' title='bbox 2475 3867 2698 3910; x_wconf 88' lang='lat' dir='ltr'><strong>venturo</strong></span> <span class='ocrx_word' id='word_1_310' title='bbox 2743 3867 2798 3911; x_wconf 88' lang='lat' dir='ltr'><strong>et</strong></span> <span class='ocrx_word' id='word_1_311' title='bbox 2841 3861 2999 3911; x_wconf 85' lang='lat' dir='ltr'><strong>aliam</strong></span> <span class='ocrx_word' id='word_1_312' title='bbox 3035 3863 3373 3914; x_wconf 85' lang='lat' dir='ltr'><strong>medietatem</strong></span> <span class='ocrx_word' id='word_1_313' title='bbox 3406 3865 3463 3914; x_wconf 91' lang='lat' dir='ltr'><strong>in</strong></span> <span class='ocrx_word' id='word_1_314' title='bbox 3499 3865 3630 3915; x_wconf 83' lang='grc'>10010</span> <span class='ocrx_word' id='word_1_315' title='bbox 3665 3865 3806 3915; x_wconf 80' lang='lat' dir='ltr'><strong>beati</strong></span> 
     </span>
     <span class='ocr_line' id='line_1_34' title="bbox 752 3942 1631 4009; baseline -0.006 -13"><span class='ocrx_word' id='word_1_316' title='bbox 752 3946 962 3996; x_wconf 80' lang='lat' dir='ltr'><strong>Andree</strong></span> <span class='ocrx_word' id='word_1_317' title='bbox 994 3942 1231 4009; x_wconf 85' lang='lat' dir='ltr'><strong>proxime</strong></span> <span class='ocrx_word' id='word_1_318' title='bbox 1267 3943 1631 4006; x_wconf 84' lang='lat' dir='ltr'><strong>subsequenti.</strong></span> 
     </span>
    </p>

    <p class='ocr_par' dir='ltr' id='par_1_13' title="bbox 1019 4021 1964 4089">
     <span class='ocr_line' id='line_1_35' title="bbox 1019 4021 1964 4089; baseline 0.001 -16"><span class='ocrx_word' id='word_1_319' title='bbox 1019 4024 1115 4089; x_wconf 73' lang='lat' dir='ltr'><strong>(In</strong></span> <span class='ocrx_word' id='word_1_320' title='bbox 1147 4023 1396 4087; x_wconf 62' lang='lat' dir='ltr'><strong>margine)</strong></span> <span class='ocrx_word' id='word_1_321' title='bbox 1432 4021 1605 4073; x_wconf 74' lang='lat' dir='ltr'><strong>xxvi</strong></span> <span class='ocrx_word' id='word_1_322' title='bbox 1641 4021 1964 4074; x_wconf 65' lang='lat' dir='ltr'><strong>Cardinalae.</strong></span> 
     </span>
    </p>
   </div>
   <div class='ocr_carea' id='block_1_9' title="bbox 742 4115 3810 4747">
    <p class='ocr_par' dir='ltr' id='par_1_14' title="bbox 918 4115 2558 4182">
     <span class='ocr_line' id='line_1_36' title="bbox 918 4115 2558 4182; baseline -0.002 -11"><span class='ocrx_word' id='word_1_323' title='bbox 918 4121 974 4182; x_wconf 81' lang='grc'>4)</span> <span class='ocrx_word' id='word_1_324' title='bbox 1997 4117 2155 4180; x_wconf 86' lang='grc'>1341,</span> <span class='ocrx_word' id='word_1_325' title='bbox 2195 4117 2447 4167; x_wconf 69' lang='lat' dir='ltr'><strong>Januarit</strong></span> <span class='ocrx_word' id='word_1_326' title='bbox 2479 4115 2558 4168; x_wconf 88' lang='grc'><strong>26.</strong></span> 
     </span>
    </p>

    <p class='ocr_par' dir='ltr' id='par_1_15' title="bbox 742 4197 3810 4665">
     <span class='ocr_line' id='line_1_37' title="bbox 916 4197 3809 4263; baseline -0 -11"><span class='ocrx_word' id='word_1_327' title='bbox 916 4203 1125 4252; x_wconf 88' lang='lat' dir='ltr'><strong>Eisdem</strong></span> <span class='ocrx_word' id='word_1_328' title='bbox 1179 4216 1320 4251; x_wconf 88' lang='lat' dir='ltr'><strong>anno</strong></span> <span class='ocrx_word' id='word_1_329' title='bbox 1374 4198 1578 4263; x_wconf 84' lang='grc'>(1341),</span> <span class='ocrx_word' id='word_1_330' title='bbox 1633 4198 1945 4262; x_wconf 89' lang='lat' dir='ltr'><strong>indictione,</strong></span> <span class='ocrx_word' id='word_1_331' title='bbox 1999 4197 2309 4262; x_wconf 83' lang='lat' dir='ltr'><strong>pontificatu</strong></span> <span class='ocrx_word' id='word_1_332' title='bbox 2364 4204 2418 4248; x_wconf 89' lang='grc'><strong>01</strong></span> <span class='ocrx_word' id='word_1_333' title='bbox 2470 4197 2692 4248; x_wconf 84' lang='lat' dir='ltr'><strong>testibus</strong></span> <span class='ocrx_word' id='word_1_334' title='bbox 2743 4199 3012 4248; x_wconf 89' lang='lat' dir='ltr'><strong>consuetis</strong></span> <span class='ocrx_word' id='word_1_335' title='bbox 3058 4200 3394 4262; x_wconf 79' lang='lat' dir='ltr'><strong>presentibus</strong></span> <span class='ocrx_word' id='word_1_336' title='bbox 3440 4200 3709 4251; x_wconf 80' lang='lat' dir='ltr'><strong>Avenione</strong></span> <span class='ocrx_word' id='word_1_337' title='bbox 3743 4201 3809 4251; x_wconf 71' lang='lat' dir='ltr'><strong>in</strong></span> 
     </span>
     <span class='ocr_line' id='line_1_38' title="bbox 748 4277 3801 4346; baseline -0.001 -13"><span class='ocrx_word' id='word_1_338' title='bbox 748 4284 1081 4334; x_wconf 84' lang='lat' dir='ltr'><strong>thesauraria</strong></span> <span class='ocrx_word' id='word_1_339' title='bbox 1127 4281 1412 4346; x_wconf 85' lang='lat' dir='ltr'><strong>apostolica</strong></span> <span class='ocrx_word' id='word_1_340' title='bbox 1459 4280 1544 4329; x_wconf 87' lang='lat' dir='ltr'><strong>die</strong></span> <span class='ocrx_word' id='word_1_341' title='bbox 1589 4280 1835 4329; x_wconf 82' lang='lat' dir='ltr'><strong>vicesima</strong></span> <span class='ocrx_word' id='word_1_342' title='bbox 1869 4285 2017 4329; x_wconf 82' lang='lat' dir='ltr'><strong>sexta</strong></span> <span class='ocrx_word' id='word_1_343' title='bbox 2052 4280 2252 4329; x_wconf 86' lang='lat' dir='ltr'><strong>mensis</strong></span> <span class='ocrx_word' id='word_1_344' title='bbox 2288 4278 2528 4328; x_wconf 86' lang='lat' dir='ltr'><strong>Januarii</strong></span> <span class='ocrx_word' id='word_1_345' title='bbox 2562 4279 2809 4328; x_wconf 88' lang='lat' dir='ltr'><strong>dominus</strong></span> <span class='ocrx_word' id='word_1_346' title='bbox 2843 4277 3135 4329; x_wconf 85' lang='lat' dir='ltr'><strong>Nicholaus</strong></span> <span class='ocrx_word' id='word_1_347' title='bbox 3169 4280 3368 4330; x_wconf 86' lang='lat' dir='ltr'><strong>electus</strong></span> <span class='ocrx_word' id='word_1_348' title='bbox 3405 4282 3459 4330; x_wconf 92' lang='lat' dir='ltr'><strong>in</strong></span> <span class='ocrx_word' id='word_1_349' title='bbox 3495 4282 3801 4345; x_wconf 74' lang='lat' dir='ltr'><strong>episcopum</strong></span> 
     </span>
     <span class='ocr_line' id='line_1_39' title="bbox 744 4360 3802 4427; baseline -0.001 -14"><span class='ocrx_word' id='word_1_350' title='bbox 744 4362 1136 4427; x_wconf 83' lang='lat' dir='ltr'><strong>Trajectensem</strong></span> <span class='ocrx_word' id='word_1_351' title='bbox 1171 4362 1417 4427; x_wconf 83' lang='lat' dir='ltr'><strong>promisit</strong></span> <span class='ocrx_word' id='word_1_352' title='bbox 1450 4375 1544 4425; x_wconf 90' lang='lat' dir='ltr'><strong>pro</strong></span> <span class='ocrx_word' id='word_1_353' title='bbox 1578 4375 1674 4411; x_wconf 88' lang='lat' dir='ltr'><strong>suo</strong></span> <span class='ocrx_word' id='word_1_354' title='bbox 1699 4362 1968 4410; x_wconf 87' lang='lat' dir='ltr'><strong>communi</strong></span> <span class='ocrx_word' id='word_1_355' title='bbox 1994 4360 2256 4423; x_wconf 87' lang='lat' dir='ltr'><strong>(servitio)</strong></span> <span class='ocrx_word' id='word_1_356' title='bbox 2281 4365 2509 4423; x_wconf 81' lang='lat' dir='ltr'><strong>quatuor</strong></span> <span class='ocrx_word' id='word_1_357' title='bbox 2534 4360 2682 4409; x_wconf 89' lang='lat' dir='ltr'><strong>milia</strong></span> <span class='ocrx_word' id='word_1_358' title='bbox 2705 4364 2951 4409; x_wconf 85' lang='lat' dir='ltr'><strong>sexentos</strong></span> <span class='ocrx_word' id='word_1_359' title='bbox 2973 4360 3092 4424; x_wconf 72' lang='grc' dir='ltr'>(εἰσ)</span> <span class='ocrx_word' id='word_1_360' title='bbox 3118 4360 3230 4410; x_wconf 87' lang='lat' dir='ltr'><strong>flor.</strong></span> <span class='ocrx_word' id='word_1_361' title='bbox 3255 4362 3373 4411; x_wconf 81' lang='lat' dir='ltr'><strong>auri</strong></span> <span class='ocrx_word' id='word_1_362' title='bbox 3397 4361 3461 4411; x_wconf 85' lang='lat' dir='ltr'><strong>de</strong></span> <span class='ocrx_word' id='word_1_363' title='bbox 3485 4361 3802 4425; x_wconf 88' lang='lat' dir='ltr'><strong>Floren(tia)</strong></span> 
     </span>
     <span class='ocr_line' id='line_1_40' title="bbox 742 4438 3798 4507; baseline -0 -14"><span class='ocrx_word' id='word_1_364' title='bbox 742 4449 798 4493; x_wconf 90' lang='lat' dir='ltr'><strong>et</strong></span> <span class='ocrx_word' id='word_1_365' title='bbox 844 4443 1085 4507; x_wconf 89' lang='lat' dir='ltr'><strong>quinque</strong></span> <span class='ocrx_word' id='word_1_366' title='bbox 1130 4442 1351 4492; x_wconf 85' lang='lat' dir='ltr'><strong>servicia</strong></span> <span class='ocrx_word' id='word_1_367' title='bbox 1399 4440 1718 4504; x_wconf 86' lang='lat' dir='ltr'><strong>persolvere,</strong></span> <span class='ocrx_word' id='word_1_368' title='bbox 1771 4439 2108 4489; x_wconf 87' lang='lat' dir='ltr'><strong>medietatem</strong></span> <span class='ocrx_word' id='word_1_369' title='bbox 2146 4439 2199 4488; x_wconf 91' lang='lat' dir='ltr'><strong>in</strong></span> <span class='ocrx_word' id='word_1_370' title='bbox 2236 4441 2474 4503; x_wconf 86' lang='lat' dir='ltr'><strong>proximo</strong></span> <span class='ocrx_word' id='word_1_371' title='bbox 2509 4439 2640 4489; x_wconf 81' lang='lat' dir='ltr'><strong>festo</strong></span> <span class='ocrx_word' id='word_1_372' title='bbox 2674 4438 2929 4489; x_wconf 88' lang='lat' dir='ltr'><strong>Omnium</strong></span> <span class='ocrx_word' id='word_1_373' title='bbox 2965 4438 3283 4491; x_wconf 87' lang='lat' dir='ltr'><strong>Sanctorum</strong></span> <span class='ocrx_word' id='word_1_374' title='bbox 3319 4446 3372 4491; x_wconf 85' lang='lat' dir='ltr'><strong>et</strong></span> <span class='ocrx_word' id='word_1_375' title='bbox 3406 4442 3567 4492; x_wconf 88' lang='lat' dir='ltr'><strong>aliam</strong></span> <span class='ocrx_word' id='word_1_376' title='bbox 3601 4442 3798 4492; x_wconf 89' lang='lat' dir='ltr'><strong>medie·</strong></span> 
     </span>
     <span class='ocr_line' id='line_1_41' title="bbox 742 4520 3810 4587; baseline -0 -13"><span class='ocrx_word' id='word_1_377' title='bbox 742 4529 909 4574; x_wconf 88' lang='lat' dir='ltr'><strong>tatem</strong></span> <span class='ocrx_word' id='word_1_378' title='bbox 946 4525 1001 4573; x_wconf 90' lang='lat' dir='ltr'><strong>in</strong></span> <span class='ocrx_word' id='word_1_379' title='bbox 1037 4525 1170 4573; x_wconf 60' lang='grc'>10010</span> <span class='ocrx_word' id='word_1_380' title='bbox 1204 4522 1515 4572; x_wconf 59' lang='lat' dir='ltr'><strong>Natis-itatis</strong></span> <span class='ocrx_word' id='word_1_381' title='bbox 1550 4521 1689 4571; x_wconf 81' lang='lat' dir='ltr'><strong>beati</strong></span> <span class='ocrx_word' id='word_1_382' title='bbox 1726 4520 1986 4571; x_wconf 82' lang='lat' dir='ltr'><strong>Johannis</strong></span> <span class='ocrx_word' id='word_1_383' title='bbox 2022 4520 2258 4584; x_wconf 80' lang='lat' dir='ltr'><strong>Baptiste</strong></span> <span class='ocrx_word' id='word_1_384' title='bbox 2281 4525 2478 4571; x_wconf 83' lang='lat' dir='ltr'><strong>extunc</strong></span> <span class='ocrx_word' id='word_1_385' title='bbox 2503 4521 2805 4571; x_wconf 84' lang='lat' dir='ltr'><strong>immediate</strong></span> <span class='ocrx_word' id='word_1_386' title='bbox 2827 4523 3086 4585; x_wconf 83' lang='lat' dir='ltr'><strong>sequenti.</strong></span> <span class='ocrx_word' id='word_1_387' title='bbox 3131 4521 3381 4586; x_wconf 76' lang='lat' dir='ltr'><strong>Alioquin</strong></span> <span class='ocrx_word' id='word_1_388' title='bbox 3407 4522 3546 4572; x_wconf 78' lang='lat' dir='ltr'><strong>infra</strong></span> <span class='ocrx_word' id='word_1_389' title='bbox 3569 4528 3810 4587; x_wconf 87' lang='lat' dir='ltr'><strong>quatuor·</strong></span> 
     </span>
     <span class='ocr_line' id='line_1_42' title="bbox 742 4601 1808 4665; baseline -0.004 -10"><span class='ocrx_word' id='word_1_390' title='bbox 742 4618 955 4655; x_wconf 88' lang='lat' dir='ltr'><strong>menses</strong></span> <span class='ocrx_word' id='word_1_391' title='bbox 988 4609 1075 4653; x_wconf 77' lang='lat' dir='ltr'><strong>etc.</strong></span> <span class='ocrx_word' id='word_1_392' title='bbox 1114 4607 1168 4652; x_wconf 92' lang='lat' dir='ltr'><strong>et</strong></span> <span class='ocrx_word' id='word_1_393' title='bbox 1196 4602 1403 4665; x_wconf 82' lang='lat' dir='ltr'><strong>juravit</strong></span> <span class='ocrx_word' id='word_1_394' title='bbox 1438 4606 1498 4652; x_wconf 90' lang='lat' dir='ltr'><strong>ut</strong></span> <span class='ocrx_word' id='word_1_395' title='bbox 1533 4601 1589 4651; x_wconf 90' lang='lat' dir='ltr'><strong>in</strong></span> <span class='ocrx_word' id='word_1_396' title='bbox 1624 4602 1808 4651; x_wconf 80' lang='lat' dir='ltr'><strong>forma.</strong></span> 
     </span>
    </p>

    <p class='ocr_par' dir='ltr' id='par_1_16' title="bbox 1009 4681 1908 4747">
     <span class='ocr_line' id='line_1_43' title="bbox 1009 4681 1908 4747; baseline 0 -15"><span class='ocrx_word' id='word_1_397' title='bbox 1009 4684 1103 4747; x_wconf 73' lang='lat' dir='ltr'><strong>(In</strong></span> <span class='ocrx_word' id='word_1_398' title='bbox 1137 4683 1385 4746; x_wconf 61' lang='lat' dir='ltr'><strong>momine)</strong></span> <span class='ocrx_word' id='word_1_399' title='bbox 1421 4682 1547 4732; x_wconf 81' lang='lat' dir='ltr'><strong>XXI</strong></span> <span class='ocrx_word' id='word_1_400' title='bbox 1583 4681 1908 4732; x_wconf 88' lang='lat' dir='ltr'><strong>Cardinales.</strong></span> 
     </span>
    </p>
   </div>
   <div class='ocr_carea' id='block_1_10' title="bbox 733 4775 3800 5726">
    <p class='ocr_par' dir='ltr' id='par_1_17' title="bbox 733 4775 3800 5726">
     <span class='ocr_line' id='line_1_44' title="bbox 906 4775 2564 4840; baseline -0.001 -12"><span class='ocrx_word' id='word_1_401' title='bbox 906 4778 964 4839; x_wconf 85' lang='lat'><strong>5)</strong></span> <span class='ocrx_word' id='word_1_402' title='bbox 1974 4775 2131 4840; x_wconf 80' lang='grc'>1342,</span> <span class='ocrx_word' id='word_1_403' title='bbox 2167 4777 2447 4826; x_wconf 73' lang='lat' dir='ltr'><strong>Decembris</strong></span> <span class='ocrx_word' id='word_1_404' title='bbox 2481 4775 2564 4827; x_wconf 87' lang='grc'><strong>18.</strong></span> 
     </span>
     <span class='ocr_line' id='line_1_45' title="bbox 909 4856 3798 4923; baseline 0 -14"><span class='ocrx_word' id='word_1_405' title='bbox 909 4860 1065 4910; x_wconf 83' lang='grc' dir='ltr'><strong>Δο00</strong></span> <span class='ocrx_word' id='word_1_406' title='bbox 1101 4874 1205 4923; x_wconf 91' lang='lat' dir='ltr'><strong>quo</strong></span> <span class='ocrx_word' id='word_1_407' title='bbox 1239 4873 1400 4922; x_wconf 84' lang='lat' dir='ltr'><strong>supra</strong></span> <span class='ocrx_word' id='word_1_408' title='bbox 1435 4856 1637 4921; x_wconf 76' lang='grc'>(1342),</span> <span class='ocrx_word' id='word_1_409' title='bbox 1677 4858 1762 4907; x_wconf 87' lang='lat' dir='ltr'><strong>die</strong></span> <span class='ocrx_word' id='word_1_410' title='bbox 1796 4858 1997 4908; x_wconf 87' lang='lat' dir='ltr'><strong>decima</strong></span> <span class='ocrx_word' id='word_1_411' title='bbox 2033 4864 2215 4907; x_wconf 85' lang='lat' dir='ltr'><strong>octava</strong></span> <span class='ocrx_word' id='word_1_412' title='bbox 2251 4858 2451 4907; x_wconf 86' lang='lat' dir='ltr'><strong>mensis</strong></span> <span class='ocrx_word' id='word_1_413' title='bbox 2486 4857 2792 4908; x_wconf 84' lang='lat' dir='ltr'><strong>Decembris</strong></span> <span class='ocrx_word' id='word_1_414' title='bbox 2827 4859 2881 4908; x_wconf 92' lang='lat' dir='ltr'><strong>in</strong></span> <span class='ocrx_word' id='word_1_415' title='bbox 2919 4858 3152 4922; x_wconf 87' lang='lat' dir='ltr'><strong>hospicio</strong></span> <span class='ocrx_word' id='word_1_416' title='bbox 3187 4858 3388 4908; x_wconf 88' lang='lat' dir='ltr'><strong>domini</strong></span> <span class='ocrx_word' id='word_1_417' title='bbox 3414 4857 3706 4909; x_wconf 88' lang='lat' dir='ltr'><strong>Cardinalis</strong></span> <span class='ocrx_word' id='word_1_418' title='bbox 3729 4859 3798 4908; x_wconf 86' lang='lat' dir='ltr'><strong>de</strong></span> 
     </span>
     <span class='ocr_line' id='line_1_46' title="bbox 738 4936 3792 5002; baseline 0 -12"><span class='ocrx_word' id='word_1_419' title='bbox 738 4941 905 4991; x_wconf 86' lang='lat' dir='ltr'><strong>Putes</strong></span> <span class='ocrx_word' id='word_1_420' title='bbox 949 4940 1198 4990; x_wconf 85' lang='lat' dir='ltr'><strong>dominus</strong></span> <span class='ocrx_word' id='word_1_421' title='bbox 1243 4939 1514 4989; x_wconf 72' lang='lat' dir='ltr'><strong>Iohannes</strong></span> <span class='ocrx_word' id='word_1_422' title='bbox 1561 4938 1760 4988; x_wconf 87' lang='lat' dir='ltr'><strong>electus</strong></span> <span class='ocrx_word' id='word_1_423' title='bbox 1808 4939 1863 4988; x_wconf 91' lang='lat' dir='ltr'><strong>in</strong></span> <span class='ocrx_word' id='word_1_424' title='bbox 1912 4938 2215 5002; x_wconf 81' lang='lat' dir='ltr'><strong>episcopum</strong></span> <span class='ocrx_word' id='word_1_425' title='bbox 2262 4936 2653 5001; x_wconf 83' lang='lat' dir='ltr'><strong>Trajectensem</strong></span> <span class='ocrx_word' id='word_1_426' title='bbox 2694 4939 2936 5002; x_wconf 81' lang='lat' dir='ltr'><strong>promisit</strong></span> <span class='ocrx_word' id='word_1_427' title='bbox 2982 4954 3074 5002; x_wconf 87' lang='lat' dir='ltr'><strong>pro</strong></span> <span class='ocrx_word' id='word_1_428' title='bbox 3125 4954 3221 4988; x_wconf 87' lang='lat' dir='ltr'><strong>suo</strong></span> <span class='ocrx_word' id='word_1_429' title='bbox 3266 4939 3537 4989; x_wconf 87' lang='lat' dir='ltr'><strong>communi</strong></span> <span class='ocrx_word' id='word_1_430' title='bbox 3571 4939 3792 4990; x_wconf 85' lang='lat' dir='ltr'><strong>servicio</strong></span> 
     </span>
     <span class='ocr_line' id='line_1_47' title="bbox 738 5018 3793 5084; baseline -0.001 -14"><span class='ocrx_word' id='word_1_431' title='bbox 738 5025 970 5083; x_wconf 86' lang='lat' dir='ltr'><strong>quatuor</strong></span> <span class='ocrx_word' id='word_1_432' title='bbox 1014 5019 1162 5069; x_wconf 88' lang='lat' dir='ltr'><strong>milia</strong></span> <span class='ocrx_word' id='word_1_433' title='bbox 1208 5025 1453 5069; x_wconf 84' lang='lat' dir='ltr'><strong>sexentos</strong></span> <span class='ocrx_word' id='word_1_434' title='bbox 1496 5018 1615 5081; x_wconf 74' lang='grc' dir='ltr'>(εἰσ)</span> <span class='ocrx_word' id='word_1_435' title='bbox 1662 5018 1776 5068; x_wconf 88' lang='lat' dir='ltr'><strong>flor.</strong></span> <span class='ocrx_word' id='word_1_436' title='bbox 1824 5018 1942 5068; x_wconf 89' lang='lat' dir='ltr'><strong>auri</strong></span> <span class='ocrx_word' id='word_1_437' title='bbox 1982 5025 2037 5069; x_wconf 91' lang='grc'><strong>01</strong></span> <span class='ocrx_word' id='word_1_438' title='bbox 2070 5020 2310 5082; x_wconf 88' lang='lat' dir='ltr'><strong>quinque</strong></span> <span class='ocrx_word' id='word_1_439' title='bbox 2344 5019 2565 5068; x_wconf 84' lang='lat' dir='ltr'><strong>servicia</strong></span> <span class='ocrx_word' id='word_1_440' title='bbox 2601 5019 2943 5067; x_wconf 80' lang='lat' dir='ltr'><strong>familiarium</strong></span> <span class='ocrx_word' id='word_1_441' title='bbox 2978 5025 3247 5069; x_wconf 88' lang='lat' dir='ltr'><strong>consueta.</strong></span> <span class='ocrx_word' id='word_1_442' title='bbox 3322 5019 3456 5069; x_wconf 88' lang='lat' dir='ltr'><strong>Item</strong></span> <span class='ocrx_word' id='word_1_443' title='bbox 3490 5020 3793 5084; x_wconf 74' lang='lat' dir='ltr'><strong>recognovit</strong></span> 
     </span>
     <span class='ocr_line' id='line_1_48' title="bbox 737 5098 3794 5163; baseline -0.001 -12"><span class='ocrx_word' id='word_1_444' title='bbox 737 5108 790 5151; x_wconf 91' lang='lat' dir='ltr'><strong>et</strong></span> <span class='ocrx_word' id='word_1_445' title='bbox 837 5102 1039 5151; x_wconf 84' lang='lat' dir='ltr'><strong>solvere</strong></span> <span class='ocrx_word' id='word_1_446' title='bbox 1085 5099 1353 5163; x_wconf 89' lang='lat' dir='ltr'><strong>promissit</strong></span> <span class='ocrx_word' id='word_1_447' title='bbox 1399 5098 1518 5162; x_wconf 71' lang='lat' dir='ltr'><strong>(sic)</strong></span> <span class='ocrx_word' id='word_1_448' title='bbox 1569 5113 1662 5162; x_wconf 89' lang='lat' dir='ltr'><strong>pro</strong></span> <span class='ocrx_word' id='word_1_449' title='bbox 1708 5098 1978 5149; x_wconf 87' lang='lat' dir='ltr'><strong>communi</strong></span> <span class='ocrx_word' id='word_1_450' title='bbox 2024 5100 2245 5149; x_wconf 87' lang='lat' dir='ltr'><strong>servicio</strong></span> <span class='ocrx_word' id='word_1_451' title='bbox 2290 5100 2547 5163; x_wconf 87' lang='lat' dir='ltr'><strong>promisso</strong></span> <span class='ocrx_word' id='word_1_452' title='bbox 2596 5105 2646 5149; x_wconf 86' lang='lat' dir='ltr'><strong>et</strong></span> <span class='ocrx_word' id='word_1_453' title='bbox 2685 5113 2791 5148; x_wconf 91' lang='lat' dir='ltr'><strong>non</strong></span> <span class='ocrx_word' id='word_1_454' title='bbox 2826 5098 2998 5148; x_wconf 83' lang='lat' dir='ltr'><strong>soluto</strong></span> <span class='ocrx_word' id='word_1_455' title='bbox 3031 5114 3128 5162; x_wconf 90' lang='lat' dir='ltr'><strong>per</strong></span> <span class='ocrx_word' id='word_1_456' title='bbox 3160 5099 3436 5149; x_wconf 89' lang='lat' dir='ltr'><strong>dominum</strong></span> <span class='ocrx_word' id='word_1_457' title='bbox 3472 5098 3794 5150; x_wconf 85' lang='lat' dir='ltr'><strong>Nicholaum</strong></span> 
     </span>
     <span class='ocr_line' id='line_1_49' title="bbox 735 5178 3789 5245; baseline -0.001 -14"><span class='ocrx_word' id='word_1_458' title='bbox 735 5181 1157 5245; x_wconf 88' lang='lat' dir='ltr'><strong>predecessorem</strong></span> <span class='ocrx_word' id='word_1_459' title='bbox 1192 5194 1349 5229; x_wconf 87' lang='lat' dir='ltr'><strong>suum</strong></span> <span class='ocrx_word' id='word_1_460' title='bbox 1386 5179 1533 5229; x_wconf 78' lang='lat'><em>111111</em></span> <span class='ocrx_word' id='word_1_461' title='bbox 1569 5178 1668 5229; x_wconf 82' lang='lat' dir='ltr'><strong>V10</strong></span> <span class='ocrx_word' id='word_1_462' title='bbox 1704 5178 1817 5230; x_wconf 88' lang='lat' dir='ltr'><strong>ssor.</strong></span> <span class='ocrx_word' id='word_1_463' title='bbox 1851 5180 1969 5229; x_wconf 88' lang='lat' dir='ltr'><strong>auri</strong></span> <span class='ocrx_word' id='word_1_464' title='bbox 2006 5184 2058 5229; x_wconf 90' lang='grc'><strong>01</strong></span> <span class='ocrx_word' id='word_1_465' title='bbox 2092 5181 2332 5243; x_wconf 87' lang='lat' dir='ltr'><strong>quinque</strong></span> <span class='ocrx_word' id='word_1_466' title='bbox 2366 5180 2587 5229; x_wconf 86' lang='lat' dir='ltr'><strong>servicia</strong></span> <span class='ocrx_word' id='word_1_467' title='bbox 2627 5178 2969 5228; x_wconf 82' lang='lat' dir='ltr'><strong>familiarium</strong></span> <span class='ocrx_word' id='word_1_468' title='bbox 2998 5184 3278 5237; x_wconf 85' lang='lat' dir='ltr'><strong>consueta,</strong></span> <span class='ocrx_word' id='word_1_469' title='bbox 3312 5179 3562 5230; x_wconf 84' lang='lat' dir='ltr'><strong>solvendo</strong></span> <span class='ocrx_word' id='word_1_470' title='bbox 3593 5179 3789 5229; x_wconf 88' lang='lat' dir='ltr'><strong>medie-</strong></span> 
     </span>
     <span class='ocr_line' id='line_1_50' title="bbox 735 5258 3788 5324; baseline -0.001 -13"><span class='ocrx_word' id='word_1_471' title='bbox 735 5267 900 5312; x_wconf 84' lang='lat' dir='ltr'><strong>tatem</strong></span> <span class='ocrx_word' id='word_1_472' title='bbox 944 5261 1030 5311; x_wconf 87' lang='lat' dir='ltr'><strong>sui</strong></span> <span class='ocrx_word' id='word_1_473' title='bbox 1077 5260 1289 5311; x_wconf 84' lang='lat' dir='ltr'><strong>servicii</strong></span> <span class='ocrx_word' id='word_1_474' title='bbox 1336 5261 1391 5310; x_wconf 88' lang='lat' dir='ltr'><strong>in</strong></span> <span class='ocrx_word' id='word_1_475' title='bbox 1441 5261 1572 5310; x_wconf 86' lang='grc'>10010</span> <span class='ocrx_word' id='word_1_476' title='bbox 1624 5260 1763 5310; x_wconf 88' lang='lat' dir='ltr'><strong>beati</strong></span> <span class='ocrx_word' id='word_1_477' title='bbox 1813 5260 2084 5311; x_wconf 84' lang='lat' dir='ltr'><strong>Michaelis</strong></span> <span class='ocrx_word' id='word_1_478' title='bbox 2129 5261 2193 5311; x_wconf 88' lang='lat' dir='ltr'><strong>de</strong></span> <span class='ocrx_word' id='word_1_479' title='bbox 2230 5275 2411 5310; x_wconf 89' lang='lat' dir='ltr'><strong>mense</strong></span> <span class='ocrx_word' id='word_1_480' title='bbox 2447 5258 2747 5324; x_wconf 89' lang='lat' dir='ltr'><strong>Septembri</strong></span> <span class='ocrx_word' id='word_1_481' title='bbox 2781 5259 3016 5322; x_wconf 84' lang='lat' dir='ltr'><strong>proxime</strong></span> <span class='ocrx_word' id='word_1_482' title='bbox 3055 5264 3274 5309; x_wconf 81' lang='lat' dir='ltr'><strong>venturo</strong></span> <span class='ocrx_word' id='word_1_483' title='bbox 3308 5264 3363 5309; x_wconf 90' lang='lat' dir='ltr'><strong>et</strong></span> <span class='ocrx_word' id='word_1_484' title='bbox 3396 5258 3556 5309; x_wconf 86' lang='lat' dir='ltr'><strong>aliam</strong></span> <span class='ocrx_word' id='word_1_485' title='bbox 3591 5258 3788 5308; x_wconf 89' lang='lat' dir='ltr'><strong>medie·</strong></span> 
     </span>
     <span class='ocr_line' id='line_1_51' title="bbox 734 5338 3799 5405; baseline -0.001 -13"><span class='ocrx_word' id='word_1_486' title='bbox 734 5347 899 5393; x_wconf 89' lang='lat' dir='ltr'><strong>tatem</strong></span> <span class='ocrx_word' id='word_1_487' title='bbox 947 5343 1003 5391; x_wconf 91' lang='lat' dir='ltr'><strong>in</strong></span> <span class='ocrx_word' id='word_1_488' title='bbox 1054 5343 1183 5392; x_wconf 83' lang='grc'>10010</span> <span class='ocrx_word' id='word_1_489' title='bbox 1231 5341 1563 5391; x_wconf 78' lang='lat' dir='ltr'><strong>Assentionis</strong></span> <span class='ocrx_word' id='word_1_490' title='bbox 1610 5340 1728 5405; x_wconf 73' lang='lat' dir='ltr'><strong>(cic)</strong></span> <span class='ocrx_word' id='word_1_491' title='bbox 1766 5341 1976 5391; x_wconf 90' lang='lat' dir='ltr'><strong>Domini</strong></span> <span class='ocrx_word' id='word_1_492' title='bbox 2013 5346 2209 5391; x_wconf 89' lang='lat' dir='ltr'><strong>extunc</strong></span> <span class='ocrx_word' id='word_1_493' title='bbox 2245 5341 2479 5405; x_wconf 89' lang='lat' dir='ltr'><strong>proxime</strong></span> <span class='ocrx_word' id='word_1_494' title='bbox 2514 5344 2768 5405; x_wconf 88' lang='lat' dir='ltr'><strong>sequturo</strong></span> <span class='ocrx_word' id='word_1_495' title='bbox 2802 5339 2920 5404; x_wconf 74' lang='lat' dir='ltr'><strong>(sic)</strong></span> <span class='ocrx_word' id='word_1_496' title='bbox 2955 5345 3008 5390; x_wconf 89' lang='lat' dir='ltr'><strong>et</strong></span> <span class='ocrx_word' id='word_1_497' title='bbox 3044 5340 3380 5390; x_wconf 88' lang='lat' dir='ltr'><strong>medietatem</strong></span> <span class='ocrx_word' id='word_1_498' title='bbox 3415 5339 3626 5389; x_wconf 86' lang='lat' dir='ltr'><strong>servicii</strong></span> <span class='ocrx_word' id='word_1_499' title='bbox 3659 5338 3799 5389; x_wconf 81' lang='lat' dir='ltr'><strong>dicti.</strong></span> 
     </span>
     <span class='ocr_line' id='line_1_52' title="bbox 733 5418 3797 5487; baseline -0.002 -14"><span class='ocrx_word' id='word_1_500' title='bbox 733 5424 1118 5487; x_wconf 88' lang='lat' dir='ltr'><strong>predecessoris</strong></span> <span class='ocrx_word' id='word_1_501' title='bbox 1163 5423 1220 5472; x_wconf 91' lang='lat' dir='ltr'><strong>in</strong></span> <span class='ocrx_word' id='word_1_502' title='bbox 1268 5424 1400 5473; x_wconf 89' lang='grc'>10010</span> <span class='ocrx_word' id='word_1_503' title='bbox 1447 5422 1588 5472; x_wconf 88' lang='lat' dir='ltr'><strong>beati</strong></span> <span class='ocrx_word' id='word_1_504' title='bbox 1633 5421 1849 5473; x_wconf 77' lang='lat' dir='ltr'><strong>Martini</strong></span> <span class='ocrx_word' id='word_1_505' title='bbox 1888 5422 2107 5487; x_wconf 76' lang='lat' dir='ltr'><strong>yemalis</strong></span> <span class='ocrx_word' id='word_1_506' title='bbox 2140 5423 2205 5471; x_wconf 90' lang='lat' dir='ltr'><strong>de</strong></span> <span class='ocrx_word' id='word_1_507' title='bbox 2239 5436 2381 5471; x_wconf 86' lang='grc'>0000</span> <span class='ocrx_word' id='word_1_508' title='bbox 2416 5420 2814 5485; x_wconf 79' lang='lat' dir='ltr'><strong>quadragesimo</strong></span> <span class='ocrx_word' id='word_1_509' title='bbox 2850 5424 3041 5484; x_wconf 88' lang='lat' dir='ltr'><strong>quarto</strong></span> <span class='ocrx_word' id='word_1_510' title='bbox 3074 5424 3128 5470; x_wconf 92' lang='lat' dir='ltr'><strong>et</strong></span> <span class='ocrx_word' id='word_1_511' title='bbox 3162 5421 3322 5469; x_wconf 86' lang='lat' dir='ltr'><strong>aliam</strong></span> <span class='ocrx_word' id='word_1_512' title='bbox 3357 5419 3693 5469; x_wconf 85' lang='lat' dir='ltr'><strong>medietatem</strong></span> <span class='ocrx_word' id='word_1_513' title='bbox 3727 5418 3797 5468; x_wconf 63' lang='lat' dir='ltr'><strong>in⁴</strong></span> 
     </span>
     <span class='ocr_line' id='line_1_53' title="bbox 733 5499 3644 5566; baseline -0.001 -15"><span class='ocrx_word' id='word_1_514' title='bbox 733 5502 838 5553; x_wconf 89' lang='lat' dir='ltr'><strong>alio</strong></span> <span class='ocrx_word' id='word_1_515' title='bbox 872 5505 1003 5554; x_wconf 88' lang='grc'>10010</span> <span class='ocrx_word' id='word_1_516' title='bbox 1041 5504 1180 5554; x_wconf 87' lang='lat' dir='ltr'><strong>beati</strong></span> <span class='ocrx_word' id='word_1_517' title='bbox 1218 5503 1435 5553; x_wconf 76' lang='lat' dir='ltr'><strong>Martini</strong></span> <span class='ocrx_word' id='word_1_518' title='bbox 1470 5517 1613 5553; x_wconf 88' lang='lat' dir='ltr'><strong>anno</strong></span> <span class='ocrx_word' id='word_1_519' title='bbox 1648 5502 1898 5554; x_wconf 76' lang='lat' dir='ltr'><strong>revoluto,</strong></span> <span class='ocrx_word' id='word_1_520' title='bbox 1968 5501 2216 5565; x_wconf 77' lang='lat' dir='ltr'><strong>Alioquin</strong></span> <span class='ocrx_word' id='word_1_521' title='bbox 2254 5502 2392 5566; x_wconf 86' lang='lat' dir='ltr'><strong>qnod</strong></span> <span class='ocrx_word' id='word_1_522' title='bbox 2429 5500 2568 5551; x_wconf 76' lang='lat' dir='ltr'><strong>infra</strong></span> <span class='ocrx_word' id='word_1_523' title='bbox 2603 5506 2833 5565; x_wconf 88' lang='lat' dir='ltr'><strong>quatuor</strong></span> <span class='ocrx_word' id='word_1_524' title='bbox 2867 5514 3078 5551; x_wconf 84' lang='lat' dir='ltr'><strong>menses</strong></span> <span class='ocrx_word' id='word_1_525' title='bbox 3111 5505 3203 5551; x_wconf 71' lang='lat' dir='ltr'><strong>etc.</strong></span> <span class='ocrx_word' id='word_1_526' title='bbox 3237 5506 3292 5550; x_wconf 90' lang='lat' dir='ltr'><strong>et</strong></span> <span class='ocrx_word' id='word_1_527' title='bbox 3320 5499 3521 5563; x_wconf 84' lang='lat' dir='ltr'><strong>juravit</strong></span> <span class='ocrx_word' id='word_1_528' title='bbox 3553 5502 3644 5549; x_wconf 69' lang='lat' dir='ltr'><strong>etc.</strong></span> 
     </span>
     <span class='ocr_line' id='line_1_54' title="bbox 999 5581 2535 5649; baseline -0.001 -16"><span class='ocrx_word' id='word_1_529' title='bbox 999 5583 1094 5649; x_wconf 74' lang='lat' dir='ltr'><strong>(In</strong></span> <span class='ocrx_word' id='word_1_530' title='bbox 1126 5584 1374 5649; x_wconf 64' lang='lat' dir='ltr'><strong>margine)</strong></span> <span class='ocrx_word' id='word_1_531' title='bbox 1411 5583 1583 5633; x_wconf 83' lang='lat' dir='ltr'>XXVI</span> <span class='ocrx_word' id='word_1_532' title='bbox 1620 5582 1925 5633; x_wconf 78' lang='lat' dir='ltr'><strong>cardinales</strong></span> <span class='ocrx_word' id='word_1_533' title='bbox 1959 5589 2013 5633; x_wconf 88' lang='lat' dir='ltr'><strong>et</strong></span> <span class='ocrx_word' id='word_1_534' title='bbox 2047 5581 2173 5632; x_wconf 81' lang='lat' dir='ltr'><strong>xx1</strong></span> <span class='ocrx_word' id='word_1_535' title='bbox 2209 5581 2535 5632; x_wconf 80' lang='lat' dir='ltr'><strong>Cardinales.</strong></span> 
     </span>
     <span class='ocr_line' id='line_1_55' title="bbox 894 5658 3800 5726; baseline -0.002 -12"><span class='ocrx_word' id='word_1_536' title='bbox 894 5663 1018 5714; x_wconf 81' lang='lat' dir='ltr'><strong>Tria</strong></span> <span class='ocrx_word' id='word_1_537' title='bbox 1070 5665 1199 5715; x_wconf 86' lang='lat' dir='ltr'><strong>haec</strong></span> <span class='ocrx_word' id='word_1_538' title='bbox 1252 5665 1568 5715; x_wconf 85' lang='lat' dir='ltr'><strong>documenta</strong></span> <span class='ocrx_word' id='word_1_539' title='bbox 1623 5670 1752 5714; x_wconf 83' lang='lat' dir='ltr'><strong>suut</strong></span> <span class='ocrx_word' id='word_1_540' title='bbox 1802 5678 1865 5713; x_wconf 90' lang='lat' dir='ltr'><strong>ex</strong></span> <span class='ocrx_word' id='word_1_541' title='bbox 1918 5662 2146 5713; x_wconf 80' lang='lat' dir='ltr'><strong>Archivo</strong></span> <span class='ocrx_word' id='word_1_542' title='bbox 2198 5662 2454 5713; x_wconf 83' lang='lat' dir='ltr'><strong>Vaticano</strong></span> <span class='ocrx_word' id='word_1_543' title='bbox 2506 5663 2837 5726; x_wconf 87' lang='lat' dir='ltr'><strong>deprompta,</strong></span> <span class='ocrx_word' id='word_1_544' title='bbox 2887 5661 3118 5726; x_wconf 89' lang='lat' dir='ltr'><strong>primum</strong></span> <span class='ocrx_word' id='word_1_545' title='bbox 3163 5661 3389 5712; x_wconf 86' lang='lat' dir='ltr'><strong>scilicet:</strong></span> <span class='ocrx_word' id='word_1_546' title='bbox 3443 5658 3800 5725; x_wconf 58' lang='lat' dir='ltr'><strong>Obligatiom·</strong></span> 
     </span>
    </p>
   </div>
  </div>
 </body>
</html>
