4450 6684
1758 496 2160 561 eunomus
2191 492 2328 558 XI.
3451 490 3576 553 187

824 718 900 783 Ε.
990 717 1215 781 Eidem
1244 715 1616 798 mandatur,
1650 723 1723 780 ut
1748 714 2141 780 Ghiselberto
2168 713 2313 800 Hey
2345 714 2567 778 clerico
2604 711 2783 796 Traj.
2817 711 3036 794 dioec.,
3071 710 3477 775 baccalaureo
3509 709 3580 773 in

735 825 1021 907 decretis,
1070 825 1274 889 simile
1319 831 1589 888 reservet
1637 823 1997 904 beneficium
2030 821 2478 904 conferendum
2510 841 2551 884 a
2582 821 2862 905 capitulo
2897 819 2963 882 S.
2998 818 3358 884 Salvatoris
3396 816 3581 898 Traj.

823 931 899 995 F.
997 929 1217 994 Eidem
1264 929 1637 1011 mandatur,
1681 936 1754 992 ut
1790 928 2158 992 Hermanno
2200 927 2276 991 de
2320 926 2523 991 Welle
2543 927 2600 1009 4)
2631 925 3030 1010 presbytero,
3071 926 3365 988 canonico
3398 924 3583 987 eccle-

733 1039 864 1101 siae
910 1036 964 1100 b.
1018 1036 1277 1120 Georqii
1320 1035 1903 1117 Amersfordensis,
1953 1037 2024 1099 in
2069 1034 2334 1098 decretis
2381 1033 2662 1098 scholari
2702 1034 2860 1096 etin
2890 1031 3138 1095 artibus
3174 1030 3582 1094 baccalaureo

734 1145 937 1208 simile
980 1150 1249 1207 reservet
1293 1142 1652 1223 beneficium
1698 1142 2145 1224 conferendum
2193 1163 2234 1205 a
2280 1141 2561 1225 capitulo
2609 1138 2676 1203 S.
2727 1138 3084 1203 Salvatoris
3141 1136 3320 1218 Traj.

828 1250 905 1314 G.
1007 1248 1298 1332 officiali
1352 1248 1742 1332 Trajectensi
1784 1248 2170 1330 mandatur,
2220 1255 2293 1311 ut
2336 1247 2695 1332 Beqinaldo
2739 1247 2815 1309 de
2861 1245 3107 1309 Vianen
3139 1245 3362 1308 clerico
3402 1242 3586 1326 Traj.

738 1356 960 1438 dioec.,
1008 1358 1076 1420 in
1123 1355 1370 1420 artibus
1414 1357 1749 1440 maqistro,
1805 1355 1989 1440 „qui,
2042 1360 2116 1418 ut
2162 1355 2497 1437 asseritur,
2549 1352 2631 1417 de
2678 1352 2883 1417 nobili
2924 1371 3164 1437 genere
3205 1356 3586 1436 procreatus

738 1470 806 1529 et
870 1464 939 1527 in
1000 1463 1260 1548 legibus
1323 1463 1394 1526 in
1455 1461 1744 1526 secundo
1807 1482 1925 1526 sue
1989 1461 2354 1525 audicionis
2416 1481 2588 1524 anno
2636 1459 2904 1524 scolaris
2952 1457 3250 1540 existit”,
3297 1456 3589 1538 conferat

736 1572 1202 1652 canonicatum,
1242 1569 1670 1654 praebendam
1717 1591 1860 1634 vero
1908 1576 1967 1633 et
2012 1570 2518 1654 supplementum
2563 1574 2830 1632 reservet
2875 1569 2943 1629 in
2990 1568 3246 1630 ecclesia
3300 1565 3477 1648 Traj.

824 1676 913 1740 H.
1009 1674 1233 1739 Eidem
1295 1676 1671 1756 mandatur,
1736 1682 1811 1739 ut
1857 1675 2174 1739 Nicholao
2221 1674 2553 1738 Lamberti
2587 1672 2989 1758 presbytero,
3062 1673 3292 1736 rectori
3336 1678 3590 1736 octavae

727 1783 1047 1867 portionis
1082 1782 1485 1867 parochialis
1532 1783 1817 1846 ecclesiae
1852 1781 1919 1845 S.
1952 1781 2175 1845 Livini
2205 1783 2273 1844 in
2307 1780 2600 1844 Zirixzee
2623 1779 2707 1863 5),
2756 1779 3161 1842 baccalaureo
3192 1780 3261 1841 in
3292 1778 3582 1861 decretis,

737 1891 1033 1954 similiter
1068 1889 1408 1974 provideat
1453 1891 1523 1953 in
1568 1890 1824 1953 ecclesia
1871 1888 1938 1952 S.
1988 1888 2180 1953 Petri
2235 1887 2413 1972 Trcy'.

827 1993 881 2058 I.
977 1994 1356 2078 Praeposito
1414 1993 1800 2076 Trajectensi
1856 1993 2237 2076 mandatur,
2300 1999 2374 2056 ut
2429 1992 2756 2076 Rodolpho
2807 1991 3075 2056 Deslern
3121 1992 3343 2054 clerico
3398 1989 3584 2074 Traj.

741 2101 966 2185 dioec.,
1038 2101 1229 2188 „qui,
1286 2108 1361 2165 ut
1408 2101 1755 2183 asseritur,
1820 2100 2088 2165 scolaris
2145 2100 2214 2164 in
2262 2099 2524 2186 legibus
2572 2104 2641 2165 et
2684 2099 2755 2163 in
2806 2100 3006 2178 tercio
3056 2119 3230 2162 anuo
3279 2096 3593 2163 audiendi

743 2208 922 2294 leges
970 2208 1145 2293 ipsas
1193 2207 1486 2290 existit”,
1538 2214 1807 2271 reservet
1854 2206 2213 2288 beneficium
2262 2206 2709 2288 conferendum
2756 2228 2796 2270 a
2844 2208 3124 2291 capitulo
3164 2205 3231 2270 S.
3266 2205 3593 2270 Johannis

747 2315 929 2398 Traj.
979 2323 1038 2379 et
1082 2336 1222 2379 cum
1268 2335 1425 2379 cura
1472 2317 1590 2397 25,
1637 2316 1771 2378 sine
1816 2334 1973 2377 cura
2017 2335 2159 2378 vero
2195 2315 2280 2379 18
2317 2335 2680 2378 marcarum
2713 2316 2966 2398 arqenti
2995 2315 3274 2377 valorem
3306 2333 3594 2378 annuum

740 2442 863 2485 non
911 2422 1222 2486 excedens.

835 2526 920 2591 Κ.
1017 2527 1310 2591 Jokanni
1354 2526 1430 2591 de
1485 2527 1661 2592 Tuul
1682 2528 1737 2610 6)
1784 2529 2080 2592 canonico
2137 2526 2317 2609 Traj.
2370 2527 2750 2609 mandatur,
2815 2535 2886 2591 ut
2935 2527 3211 2594 Brinoni
3273 2525 3596 2592 Willermi

743 2634 964 2698 clerico
1036 2633 1217 2716 Traj.
1274 2634 1463 2698 dioec.
1525 2635 1730 2697 simile
1775 2640 2043 2698 reservet
2090 2632 2451 2716 beneficium
2498 2632 2943 2714 conferendum
2990 2654 3032 2696 a
3079 2635 3360 2717 capitulo
3406 2633 3595 2697 eccle-

744 2743 875 2803 siae
928 2739 1111 2823 Traj.

744 2919 1035 3007 Dignum
1082 2922 1494 2988 arbitramur.
1523 2970 1540 2986 .
1568 2970 1583 2986 .
1610 2970 1627 2987 .
1675 2923 1828 2988 Dat.
1877 2921 2247 3004 Avinione,
2296 2922 2360 2988 V
2406 2922 2518 2988 Kl.
2568 2921 2947 3004 Februarii,
2997 2943 3169 2988 anuo
3218 2922 3446 3008 primo.

935 3038 1063 3101 Rey.
1097 3039 1196 3088 Av.
1229 3038 1417 3088 scilicet
1453 3039 1496 3088 A
1541 3041 1596 3088 Y.
1630 3038 1684 3100 5,
1711 3041 1772 3103 f.
1798 3038 1920 3103 706;
1958 3040 1998 3088 Β
2043 3044 2097 3091 Τ.
2133 3040 2424 3106 7,].9..46;
2462 3041 2501 3091 C
2527 3040 2759 3105 J.273v;
2800 3042 2841 3090 D
2887 3043 2942 3091 T.
2977 3041 3035 3105 9,
3064 3041 3291 3107 f.‘236v;
3331 3040 3602 3106 Ef.288;

874 3120 996 3185 Fs.
1034 3120 1155 3185 322;
1192 3120 1236 3172 G
1280 3124 1334 3172 T.
1371 3121 1427 3186 6,
1453 3125 1515 3186 s.
1547 3120 1638 3186 85;
1682 3122 1813 3187 Hs.
1849 3121 1975 3187 1233
2013 3124 2037 3172 Ι
2082 3127 2135 3174 Τ.
2171 3124 2231 3188 9,
2257 3127 2321 3190 s.
2354 3124 2480 3190 1763
2515 3125 2643 3189 Kf.
2680 3124 2823 3176 477·.

670 3230 727 3295 1)
762 3231 1077 3283 Ruwenhof.
1274 3232 1335 3297 2)
1370 3234 1570 3285 Tricht.
1771 3234 1829 3300 3)
1865 3235 2175 3299 Beusecom‚
2213 3236 2416 3301 singuli
2451 3235 2551 3286 loci
2588 3236 2643 3285 in
2682 3235 2875 3287 Gelria.

668 3316 727 3379 4)
763 3315 956 3380 Welle,
994 3321 1152 3367 antea
1186 3318 1481 3369 dominium
1518 3320 1574 3368 in
1611 3318 1872 3370 Zelandia.
2070 3319 2128 3384 5)
2161 3318 2336 3370 Codex
2371 3319 2557 3370 habet:
2594 3319 2780 3370 Zirixz.
2982 3319 3041 3385 6)
3075 3319 3196 3370 Tuil
3231 3320 3290 3370 in
3325 3318 3518 3372 Gelria.
3627 3376 3636 3385 ,

517 3637 715 3707 1964.
1473 3645 1684 3728 1371,
1730 3645 2050 3710 Januarii
2096 3648 2216 3729 28,
2266 3647 2658 3711 Avenionis.-

844 3795 1135 3880 Officiali
1177 3800 1636 3864 Aurelianensi
1675 3801 2047 3884 mandatur,
2096 3808 2171 3866 ut
2199 3802 2455 3867 Adamo
2489 3801 2775 3867 Hobonis
2804 3802 2881 3866 de
2914 3802 3165 3887 Catwyc
3193 3800 3594 3886 presbytero,

746 3903 815 3966 in
878 3904 1139 3969 decretis
1203 3905 1611 3972 baccalaureo
1674 3914 1734 3972 et
1793 3910 1863 3972 in
1908 3908 2156 3973 artibus
2199 3911 2543 3994 maqistro,
2608 3910 2793 3996 „qui,
2845 3914 2919 3974 ut
2964 3909 3228 3991 asserit,
3282 3909 3353 3973 in
3399 3907 3596 3973 tertio

743 4028 916 4074 anno
977 4011 1227 4076 lecture
1292 4011 1721 4079 decretalium
1780 4015 2077 4098 existit‘’,
2125 4017 2419 4099 conferat
2464 4018 2903 4081 canonicatum
2923 4064 2940 4099 ,
2975 4014 3408 4100 praebendam
3452 4034 3598 4078 vero

743 4123 802 4181 et
844 4120 1345 4203 supplementum
1390 4130 1659 4187 reservet
1701 4124 1771 4186 in
1817 4124 2069 4187 ecclesia
2119 4123 2188 4186 S.
2238 4123 2428 4188 Petri
2483 4122 2665 4206 Traj.
2682 4146 2706 4201 ‚·
2753 4144 2916 4209 quae
2956 4130 3162 4187 tamen
3203 4143 3344 4187 cum
3381 4121 3591 4185 dietus

746 4223 963 4287 Adam
1033 4224 1411 4312 obtinuerit,
1469 4236 1854 4313 perpetuum
1927 4224 2323 4312 beneficium,
2395 4232 2876 4295 matriculariae
2942 4232 3225 4312 nomine,
3296 4227 3467 4314 quod
3529 4228 3600 4290 in

737 4332 1108 4416 parochiali
1151 4336 1405 4400 ecclesia
1448 4335 1525 4400 de
1569 4336 1820 4422 Delf(t)
1865 4344 2157 4422 occupat,
2205 4340 2456 4402 omnino
2502 4337 2816 4402 dimittere
2863 4336 3187 4402 tenebitur.

749 4512 1038 4598 Dignum
1085 4515 1494 4581 arbitramur.
1521 4561 1540 4581 .
1567 4564 1583 4579 .
1611 4564 1628 4581 .
1675 4517 1740 4585 N
1743 4538 1828 4581 on
1877 4518 2295 4583 obstantibus
2345 4567 2360 4583 .
2389 4567 2405 4583 .
2434 4541 2464 4583 .·
2504 4518 2678 4606 quod
2710 4519 2885 4585 idem
2916 4518 3134 4584 Adam
3167 4519 3589 4585 medietatem

524 4618 946 4705 parrochialis
1011 4621 1283 4688 ecclesie
1343 4622 1425 4689 de
1471 4623 1790 4690 Emelisse
1841 4673 1856 4688 .
1886 4672 1902 4688 .
1929 4671 1946 4690 .
1979 4673 1994 4689 .
2043 4626 2337 4690 noscitur
2384 4626 2705 4694 obtinere.
2734 4674 2750 4691 .
2780 4675 2795 4692 .
2823 4674 2839 4691 .
2916 4627 3067 4692 Dat.
3118 4627 3483 4710 Avinione,
3533 4628 3598 4692 V

525 4722 638 4790 Kl.
687 4724 1062 4809 Februarii,
1110 4748 1281 4793 anno
1329 4729 1562 4814 primo.

944 4844 1071 4907 Bey.
1103 4845 1203 4894 Av.
1245 4847 1300 4895 T.
1333 4844 1395 4908 6,
1418 4847 1480 4909 s.
1514 4845 1618 4896 810.

528 5164 725 5235 1965.
1491 5173 1666 5237 1371
1685 5222 1703 5256 ,
1749 5173 2068 5238 Januarii
2111 5176 2232 5258 28,
2281 5176 2645 5240 Avenionis.

856 5324 1182 5392 Vranconi
1208 5336 1361 5393 nato
1393 5328 1713 5414 quondam
1749 5328 2107 5394 Gheraerdi
2136 5330 2212 5394 de
2236 5329 2518 5415 Ryswic,
2546 5338 2850 5415 perpetuo
2880 5330 3209 5414 capellano
3239 5332 3309 5394 in
3339 5331 3594 5394 ecclesia

757 5430 825 5495 S.
872 5431 1063 5497 Petri
1106 5433 1180 5498 de
1210 5433 1497 5520 Leyden‚
1532 5436 1835 5520 maqistro
1866 5438 1937 5500 in
1971 5436 2247 5520 artibus,
2289 5443 2656 5501 reservatur
2686 5434 3049 5517 beneficium
3077 5434 3524 5516 conferendum
3555 5456 3598 5499 a

740 5542 1111 5624 praeposito
1163 5541 1345 5626 Traj.
1393 5550 1452 5606 et
1481 5562 1622 5606 cum
1651 5563 1810 5606 cura
1839 5545 1957 5627 25,
1989 5546 2122 5609 sine
2152 5565 2313 5609 cura
2342 5565 2485 5609 vero
2517 5546 2606 5608 16
2640 5563 3002 5608 marearum
3033 5544 3285 5627 arqenti
3311 5543 3586 5606 valorem

753 5667 1038 5711 annuum
1083 5668 1212 5713 non
1254 5649 1569 5715 excedens.
1622 5686 1704 5696 —
1750 5649 2171 5736 Deputantur
2215 5660 2586 5717 executores.
