4450 6684
1797 505 2201 571 Gssneonms
2247 502 2372 568 XI.
3489 497 3618 560 227

557 728 838 793 dictores
883 747 1003 813 per
1048 745 1390 790 censuram
1436 724 1971 804 ecclesiasticam,
2021 722 2470 809 appellacione
2519 720 2913 808 postposita,
2951 713 3455 804 compescendo;
3488 736 3624 782 non

556 834 891 916 obstante,
940 833 996 896 si
1043 831 1256 896 eidem
1306 830 1555 896 decano
1604 836 1670 895 et
1717 830 2003 916 capitulo
2052 830 2159 893 vel
2208 827 2548 914 quibusvis
2582 826 2726 891 aliis
2760 825 3195 891 communiter
3225 826 3331 890 vel
3363 824 3622 890 divisim

559 962 599 1007 a
642 940 798 1006 sede
845 938 1204 1025 apostolica
1246 935 1577 1000 indultum
1624 936 1896 1020 existat,
1946 934 2122 1021 quod
2167 934 2504 1015 interdici,
2553 931 2864 1020 suspendi
2913 933 3018 997 vel
3069 932 3619 997 excommunicari

559 1068 692 1112 non
751 1047 1005 1132 possint
1066 1064 1185 1130 per
1260 1044 1515 1108 litteras
1576 1042 1965 1129 apostolicas
2013 1062 2147 1105 non
2193 1041 2510 1105 facientes
2560 1041 2822 1125 plenam
2871 1044 2939 1104 et
2986 1060 3363 1126 expressam
3411 1060 3486 1105 ac
3533 1038 3618 1104 de

556 1154 756 1220 verbo
818 1152 899 1217 ad
965 1152 1237 1216 verbum
1299 1150 1383 1215 de
1428 1149 1686 1214 indulto
1733 1146 2111 1234 huJ'usmodi
2158 1147 2594 1212 mencionem.
2665 1146 2818 1211 Dat.
2867 1145 3235 1229 Avinione‚
3284 1145 3458 1210 XIII
3504 1145 3614 1209 Kl.

557 1258 988 1340 Novembris,
1037 1276 1211 1320 anno
1260 1254 1568 1319 secundo.

970 1393 1095 1455 Ray.
1132 1393 1227 1441 Ac.
1275 1392 1328 1440 T.
1367 1389 1461 1451 13,
1495 1392 1545 1450 f.
1581 1388 1719 1439 4290.

707 1539 765 1600 1)
801 1538 865 1588 In
902 1536 1081 1588 codice
1114 1535 1337 1601 legitur:
1374 1534 1704 1586 AhusiensiS.

556 2031 757 2098 2091.
1523 2034 1737 2116 1372,
1789 2031 2070 2097 Octobris
2116 2034 2241 2116 20,
2288 2033 2652 2096 Avenionis.

867 2186 1103 2251 Iisdem
1132 2186 1464 2268 judicibus
1509 2189 1744 2251 similes
1790 2187 2166 2273 diriquntur
2217 2189 2436 2252 literae
2467 2208 2597 2272 pro
2636 2186 3026 2250 Ghiselberto
3060 2187 3134 2250 de
3168 2186 3299 2271 Zyl
3328 2189 3622 2251 canonico

777 2294 1060 2357 ecclesiae
1113 2291 1295 2375 Traj.

780 2475 1095 2541 Exhibita
1140 2477 1348 2542 nobis.
1377 2525 1393 2542 .
1422 2526 1437 2542 .
1467 2524 1483 2543 .
1534 2476 1686 2542 Dat.
1736 2476 2104 2560 Avinione‚
2152 2476 2328 2542 XIII
2373 2476 2485 2542 Kl.
2533 2475 2954 2558 Novembris,
3003 2494 3173 2539 anno
3225 2472 3534 2539 secundo.

973 2612 1098 2675 κερ.
1133 2614 1230 2664 Ao.
1277 2615 1330 2662 T.
1367 2611 1456 2674 13,
1482 2614 1543 2677 f.
1579 2611 1692 2662 430.

555 3102 755 3170 2092.
1529 3107 1736 3188 1372,
1790 3105 2072 3172 Octobris
2117 3109 2239 3191 20,
2286 3108 2652 3173 Avenionis.

867 3255 1208 3321 Judicibus
1268 3259 1711 3345 infrascriptis
1773 3262 2009 3326 similes
2071 3264 2449 3349 diriquntur
2518 3266 2738 3329 literae
2788 3283 2917 3348 pro
2979 3261 3319 3327 Wilhelmo
3379 3262 3455 3326 de
3501 3261 3632 3348 Zyl

779 3364 1074 3427 canonico
1122 3364 1406 3428 ecclesiae
1461 3364 1645 3448 Traj.

778 3545 1052 3611 Dilectis
1114 3547 1264 3611 filiis
1327 3595 1344 3612 .
1374 3595 1389 3611 .
1456 3548 1678 3613 abbati
1735 3549 2119 3615 monasterii
2164 3552 2375 3615 sancti
2428 3550 2736 3637 Cypriani
2782 3551 2852 3614 in
2898 3550 3192 3616 Venecia
3236 3550 3622 3615 Torcellane

557 3648 831 3715 diocesis
893 3658 962 3716 et
1024 3652 1218 3717 beate
1279 3654 1487 3718 Maris
1549 3654 1990 3740 Trajectensis
2057 3676 2132 3720 ac
2179 3655 2639 3722 archidiacono
2687 3656 3081 3722 Alnisiensis
3131 3656 3618 3721 xanctonensis

556 3756 974 3822 ecclesiarum
1023 3759 1301 3824 salutem
1350 3766 1460 3823 etc.

779 3862 1096 3928 Exhibita
1140 3864 1351 3932 nobis.
1381 3912 1397 3928 .
1426 3913 1442 3929 .
1472 3910 1488 3929 .
1536 3865 1689 3930 Dat.
1738 3873 1811 3931 ut
1853 3887 2075 3952 supra.

972 3997 1189 4048 Ibidem.

554 4429 764 4497 2093.
1518 4432 1733 4515 1372,
1785 4431 2066 4499 octobris
2111 4438 2235 4519 22,
2285 4436 2649 4500 Avenionis.

867 4583 1245 4670 Praeposito
1292 4585 1359 4650 S.
1408 4584 1730 4651 Johannis
1778 4587 1959 4670 Traj.
1993 4590 2361 4675 mandatur,
2411 4599 2485 4655 ut
2514 4591 2841 4656 Everardo
2872 4589 3032 4656 Foec
3060 4592 3294 4654 seniori
3322 4592 3617 4655 canonico

769 4690 1201 4775 praebendato
1268 4691 1449 4775 Traj.
1471 4741 1487 4774 ‚
1522 4692 1961 4777 parochialem
2009 4697 2325 4760 ecclesiam
2372 4697 2446 4760 de
2493 4696 2911 4782 Hoqhelande
2964 4696 3142 4779 Traj.
3192 4695 3382 4760 dioec.
3430 4698 3619 4760 etiam

777 4797 1104 4880 obtinenti,
1152 4800 1500 4883 apostolica
1545 4801 1921 4864 auctoritate
1967 4802 2293 4883 confirmet
2338 4804 2842 4888 supplementum
2888 4803 2956 4867 in
2987 4804 3239 4868 ecclesia
3279 4803 3458 4886 Traj.
3492 4825 3615 4889 per

780 4903 1013 4968 obitum
1075 4904 1262 4971 Petri
1322 4906 1576 4971 Balbeti
1632 4899 1896 4990 vacans,
1961 4909 2126 4992 quod
2184 4909 2503 4974 Suederus
2564 4909 2606 4993 (
2611 4909 2668 4974 U
2673 4911 2895 4992 terloe)
2948 4910 3436 4976 archidiaconus
3495 4913 3624 4996 ipsi

782 5011 1066 5076 contulit.

777 5193 1069 5281 Dignum
1115 5196 1570 5263 arbitramur..
1598 5245 1614 5264 .
1642 5247 1658 5263 .
1707 5198 1859 5263 Dat.
1909 5199 2272 5282 Avinione,
2322 5199 2425 5264 XI
2471 5199 2582 5265 Kl.
2624 5197 3041 5281 Novembris,
3090 5218 3264 5263 anno
3308 5199 3618 5267 secundo.

974 5333 1096 5396 Rea.
1138 5335 1234 5384 Αυ.
1275 5336 1329 5383 Τ.
1366 5333 1452 5397 15,
1477 5336 1537 5399 f.
1572 5333 1710 5386 3890.
