4450 6684
1970 549 2464 616 Inraonucno.
3492 562 3744 612 xxxvn

688 770 1021 837 Abbatiae
1099 768 1168 834 S.
1242 767 1494 834 Mariae
1567 765 2129 852 Middelburgensi
2207 765 2586 831 incubuisse
2662 764 2924 830 videtur
2990 783 3335 829 commune
3405 764 3745 829 servitium

695 876 822 939 125
899 873 1294 938 florenorum
1342 872 1431 956 ¹);
1519 871 1879 936 maximum
1957 876 2179 936 autem
2258 868 2566 934 abbatiae
2644 868 2712 934 S.
2790 867 2983 933 Pauli
3058 867 3502 953 TraJectensi,
3591 888 3746 932 nam

688 976 1017 1044 Henricus
1088 981 1159 1041 et
1219 974 1264 1040 J
1267 975 1561 1040 ohannes
1622 973 1896 1040 abbates
1959 995 2279 1039 summam
2346 975 2479 1038 300
2539 974 2935 1039 florenorum
2996 973 3140 1037 auri
3204 972 3445 1058 singuli
3508 970 3747 1059 promi·

691 1086 938 1147 serunt.
970 1080 1028 1163 Β)

916 1184 1270 1249 Praeterea
1316 1182 1616 1269 specialis
1663 1187 1764 1247 est
1811 1202 2045 1247 census
2091 1202 2383 1264 annuus,
2436 1202 2634 1267 quem
2665 1180 3063 1245 monasteria
3093 1184 3404 1266 exempta
3433 1179 3736 1245 Romano
3807 1186 4116 1238 Monateria

691 1287 1001 1354 Pontifici
1062 1286 1348 1370 debent,
1412 1287 1597 1372 isque
1660 1287 1858 1372 vulgo
1920 1283 2110 1350 valde
2160 1287 2477 1372 exiguus3
2539 1285 2655 1350 sed
2702 1284 3054 1372 quotannis
3102 1283 3320 1348 offerri
3364 1283 3743 1369 hujusmodi
3845 1260 4091 1321 ‘'mmm“

692 1392 1015 1457 tributum
1061 1391 1408 1476 oportebat
1439 1391 1508 1454 in
1540 1389 1802 1475 signum
1834 1395 2182 1455 externum
2215 1389 2564 1477 peculiaris
2595 1409 2745 1453 cum
2778 1387 2951 1454 Sede
2982 1387 3367 1474 Apostolica
3395 1387 3662 1453 vinculi.
3689 1387 3746 1472 3)

694 1495 869 1563 Sane
937 1516 1136 1582 quum
1208 1495 1677 1559 monasterium
1749 1493 2013 1580 aliquod
2079 1494 2151 1558 in
2221 1493 2691 1581 proprietatem
2762 1497 2832 1557 et
2892 1492 3370 1578 protectionem
3433 1491 3500 1558 S.
3560 1491 3746 1556 Petri

693 1599 1171 1686 susciperetur,
1234 1598 1537 1685 primitus
1600 1598 1766 1662 nihil
1831 1596 2009 1662 aliud
2070 1597 2210 1683 peti
2258 1596 2547 1679 solebat,
2598 1617 2793 1681 quam
2839 1601 2916 1660 ut
2961 1595 3094 1660 tale
3142 1595 3611 1660 monasterium
3659 1595 3742 1659 ab

694 1702 951 1788 injuriis
999 1706 1067 1767 et
1113 1701 1571 1789 oppressione,
1626 1702 1942 1765 laicorum
1988 1703 2409 1788 praesertim,
2460 1705 2636 1766 esset
2683 1700 2956 1765 salvum.
3049 1699 3144 1765 At
3189 1719 3342 1764 vero
3384 1700 3524 1784 jam
3571 1718 3742 1764 saec.

692 1806 831 1873 VII
874 1825 1014 1870 mos
1058 1806 1458 1870 invalescere
1506 1805 1760 1891 coepit,
1818 1811 1894 1869 ut
1938 1805 2337 1869 monasteria
2384 1805 2475 1868 sic
2522 1809 2821 1892 protecta
2866 1804 3315 1869 eximerentur
3360 1825 3400 1867 a
3450 1802 3750 1889 quolibet

695 1909 823 1975 alio
886 1909 1218 1995 superiore
1282 1914 1425 1972 tum
1488 1908 1806 1972 saeculari
1868 1928 2014 1971 cum
2078 1908 2556 1992 ecclesiastico,
2622 1909 2822 1974 etiam
2882 1908 2965 1972 ab
3024 1907 3329 1995 episcopo
3378 1906 3747 1991 ordinario,

694 2012 975 2099 ideoque
1024 2011 1181 2078 Sodi
1218 2011 1644 2098 Apostolicae
1676 2017 1934 2076 tantum
1963 2011 2342 2076 immediate
2375 2011 2742 2078 subessent.
2766 2013 2824 2096 4)
2891 2012 3040 2077 Hoc
3072 2011 3266 2076 modo
3304 2010 3476 2099 apud
3509 2032 3630 2077 nos
3663 2011 3748 2076 ab

696 2116 1025 2182 ordinaria
1069 2115 1359 2202 episcopi
1407 2116 1798 2179 auctoritate
1848 2120 1916 2180 et
1961 2136 2002 2179 a
2046 2136 2457 2202 quacumque
2504 2118 2633 2182 alia
2677 2117 2805 2181 nisi
2845 2116 3098 2204 papalis
3131 2117 3361 2180 tributi
3394 2116 3742 2181 exactione

696 2226 1007 2308 exempta
1066 2224 1257 2285 erant
1310 2220 1707 2284 monasteria
1753 2218 2258 2304 Egmundanum
2306 2226 2374 2284 et
2419 2220 2935 2307 Rynsburgense
2984 2225 3184 2307 atque
3232 2219 3432 2286 etiam
3478 2220 3752 2286 abbatia

696 2324 1011 2390 ecclesiae
1057 2324 1407 2389 saecularis
1437 2323 1746 2389 Eltensis.
1798 2322 2010 2398 Quam
2043 2323 2127 2388 ob
2160 2324 2481 2390 rationem
2516 2324 2784 2390 Summo
2816 2323 3124 2390 Pontifici
3157 2344 3425 2390 censum
3456 2324 3748 2389 tribuere

697 2434 766 2495 et
809 2429 1161 2516 quotannis
1209 2433 1445 2515 sponte
1476 2429 1757 2494 Romam
1790 2426 2079 2509 deferre,
2128 2428 2267 2493 sive
2297 2429 2398 2493 uti
2428 2429 2626 2514 vulgo
2660 2428 2994 2494 dicebant:
3051 2427 3172 2510 „ad
3204 2428 3434 2493 limina
3462 2428 3747 2515 Aposto-

695 2532 904 2597 lorum
924 2581 942 2614 ,
1025 2531 1107 2596 ad
1179 2531 1423 2613 altare,
1497 2530 1579 2595 ad
1650 2552 1881 2595 urnam
1902 2579 1921 2613 ,
1983 2529 2067 2595 ad
2128 2551 2345 2597 arcam
2366 2581 2384 2616 ,
2448 2531 2531 2597 ad
2592 2532 3010 2620 sepulchrum
3055 2532 3235 2598 beati
3279 2531 3538 2615 Petri,”
3562 2533 3617 2616 ⁵)
3663 2532 3748 2597 iis

697 2635 1109 2700 monasteriis
1153 2633 1598 2700 incumbebat.
1692 2634 1890 2699 Hunc
1939 2655 2095 2720 ergo
2141 2636 2213 2699 in
2263 2634 2563 2720 modum,
2615 2636 2728 2722 qui
2773 2635 3186 2723 aequiparari
3231 2641 3453 2722 potest
3498 2636 3747 2723 episco-

695 2760 926 2827 porum
975 2739 1371 2820 „visitationi
1409 2737 1635 2821 reali”,
1660 2740 1714 2823 ⁶)
1757 2739 2022 2804 abbatia
2050 2738 2343 2805 Eltensis
2380 2739 2654 2826 singulis
2692 2740 2883 2805 annis
2923 2739 3177 2805 solvere
3215 2738 3445 2804 debuit
3476 2759 3747 2804 censum

860 3160 918 3226 1)
1950 3164 2107 3230 1387,
2145 3166 2371 3230 Δωρικὰ·
2403 3164 2487 3217 26.

860 3257 970 3309 Nos
1021 3258 1336 3310 Franciscus
1388 3264 1476 3310 stc.
1530 3261 1670 3325 quod
1722 3260 2038 3311 venerabilis
2090 3267 2242 3325 pater
2293 3263 2456 3313 frater
2492 3262 2788 3327 Hugolinus
2822 3262 2986 3312 abbas
3019 3262 3330 3313 monasterii
3362 3268 3547 3313 sancte
3581 3261 3752 3313 Marie

697 3336 1172 3405 Middelburgensis
1214 3338 1573 3404 ‘trajectensis
1619 3342 1841 3392 diocesis
1885 3356 1981 3407 pro
2024 3348 2176 3406 parte
2222 3342 2309 3393 sui
2343 3343 2644 3393 communis
2676 3346 2767 3392 stc.
2803 3346 3020 3393 centum
3055 3342 3485 3408 vigintiquinque
3517 3342 3752 3394 florenos

695 3419 811 3469 auri
857 3420 923 3470 de
968 3435 1177 3470 camera
1220 3426 1276 3471 et
1322 3436 1416 3485 pro
1463 3427 1615 3486 parte
1661 3424 1824 3472 unius
1868 3423 2066 3473 minuti
2111 3423 2323 3473 servicii
2356 3423 2597 3474 consueti
2632 3422 2796 3473 debiti
2830 3438 2925 3487 pro
2959 3423 3311 3475 familiaribus
3344 3428 3397 3473 et
3429 3422 3744 3474 officialibus

694 3499 823 3550 dicti
858 3500 1063 3566 collegii
1096 3506 1298 3566 septem
1328 3501 1556 3553 florenos
1577 3503 1802 3566 similes,
1839 3503 2032 3554 solidos
2056 3504 2409 3569 quadraginta
2424 3541 2439 3567 ,
2467 3504 2711 3554 denarios
2734 3509 2937 3568 septem
2961 3509 3016 3554 et
3036 3504 3250 3554 obolum
3273 3511 3486 3555 monete
3508 3504 3747 3555 Romane

694 3580 848 3631 nobis
894 3586 949 3631 et
992 3581 1342 3632 familiaribus
1390 3587 1444 3632 et
1486 3581 1798 3634 officialibus
1832 3584 1961 3635 dicti
1996 3584 2201 3650 collegii
2240 3599 2332 3648 per
2367 3598 2560 3635 manus
2595 3585 2921 3636 honorabilis
2955 3584 3054 3635 viri
3091 3584 3350 3635 Johannis
3383 3584 3499 3636 wit
3530 3586 3595 3636 de
3628 3585 3756 3636 Deli*

694 3660 779 3710 die
811 3661 933 3712 date
966 3662 1300 3726 presencium
1336 3663 1512 3714 debito
1546 3670 1783 3728 tempore
1816 3666 1947 3715 solvi
1981 3665 2105 3715 fecit
2142 3666 2359 3715 realiter
2392 3671 2446 3716 et
2480 3680 2604 3716 cum
2638 3665 2846 3717 effectu.
2916 3665 2992 3715 De
3026 3665 3221 3730 quibus
3252 3669 3345 3716 etc.

859 3741 1056 3793 Datum
1107 3742 1248 3794 Luce
1301 3743 1401 3793 sub
1452 3758 1594 3794 auno
1644 3760 1676 3795 a
1726 3743 2019 3795 Nativitate
2069 3745 2284 3795 Domini
2337 3746 2617 3796 millesimo
2669 3746 3042 3797 trecentesimo
3094 3746 3450 3812 octuagesimo
3496 3747 3747 3811 septimo,

696 3821 985 3874 indictione
1019 3823 1248 3888 decima,
1283 3824 1368 3875 die
1404 3825 1651 3876 vicesima
1686 3831 1834 3877 sexta
1871 3827 2071 3877 mensis
2105 3825 2333 3891 Augusti
2366 3831 2457 3878 eto.

959 3903 1053 3967 (ln
1083 3904 1331 3970 margine)
1367 3904 1419 3954 11
1458 3905 1570 3957 flor.
1607 3905 1660 3955 11
1693 3921 1857 3972 gross.
1894 3921 1989 3970 pro
2022 3907 2211 3973 sigillo.

858 4013 915 4078 2)
1884 4016 1945 4066 A.
2016 4016 2171 4082 1346,
2211 4018 2446 4068 eccon-a
2477 4017 2560 4069 10.

859 4110 1068 4161 Eisdem
1112 4110 1199 4160 die
1236 4116 1290 4161 et
1322 4111 1436 4161 loco
1470 4111 1717 4162 domiuus
1753 4113 1921 4163 frater
1957 4113 2220 4163 Henricus
2256 4113 2420 4165 abbas
2455 4113 2763 4165 monasterii
2797 4113 2970 4163 sancti
3005 4112 3158 4163 Pauli
3193 4112 3588 4178 Trajanctensis
3623 4115 3749 4180 (sic)

694 4190 892 4241 ordinis
927 4192 1100 4241 sancti
1139 4191 1409 4242 Benedicti
1442 4192 1685 4255 promisit
1718 4207 1814 4258 pro
1846 4207 1946 4243 suo
1980 4195 2253 4244 communi
2288 4196 2503 4245 servitio
2534 4209 2632 4259 per
2664 4193 2981 4258 magistrum
3005 4192 3339 4243 Tilemanum
3368 4194 3433 4244 de
3458 4194 3654 4247 Nussia
3667 4198 3752 4261 (Ἰ)

693 4278 1088 4334 procuratorem
1138 4286 1299 4323 suum
1352 4272 1460 4322 1110
1512 4272 1739 4324 florenos
1789 4275 1907 4324 auri
1959 4280 2015 4325 et
2055 4273 2099 4323 V
2134 4277 2349 4326 servitia
2383 4281 2661 4338 consueta,
2710 4273 2957 4324 solvendo
2993 4273 3329 4323 medietatem
3363 4274 3420 4324 in
3456 4274 3747 4328 Nativitate

694 4353 866 4403 sancti
900 4352 1159 4403 Johannis
1195 4353 1434 4405 Babtiste
1466 4359 1520 4405 et
1554 4355 1714 4405 aliam
1748 4355 1806 4406 in
1841 4355 2134 4406 Nativitate
2167 4355 2383 4408 Domini
2418 4363 2617 4408 extunc
2649 4360 2913 4406 secuturo.
2960 4354 3211 4418 Alioquin
3238 4355 3376 4405 infra
3402 4354 3507 4406 1111
3533 4371 3751 4409 menses

694 4435 783 4482 de.
817 4438 871 4484 et
900 4433 1101 4497 juravit
1133 4440 1222 4484 eto.

960 4513 1055 4578 (In
1085 4515 1336 4579 margine)
1371 4514 1518 4566 XXV
1552 4515 1875 4567 Cardinales.

1946 4612 2006 4663 Β.
2071 4610 2228 4676 1358,
2266 4612 2418 4662 Junii
2450 4612 2499 4662 4.

857 4705 1067 4757 Eisdem
1110 4721 1277 4771 anno,
1326 4707 1617 4757 indictione
1655 4712 1710 4758 et
1743 4706 2079 4771 pontificatu,
2116 4707 2201 4757 die
2237 4707 2344 4757 1111
2383 4707 2556 4771 Junii,
2593 4708 2650 4758 in
2684 4720 2896 4758 camera
2928 4707 3241 4769 apostolica,
3274 4708 3496 4758 absente
3530 4707 3749 4758 domino

693 4782 992 4851 cardinale,
1044 4788 1382 4851 presentibus
1435 4788 1663 4838 dominis
1714 4789 1775 4839 B.
1825 4789 1891 4839 de
1939 4788 2203 4852 Naxonio‚
2259 4787 2549 4839 Guillermo
2596 4789 2660 4839 de
2707 4788 3044 4853 cavanhaco,
3096 4788 3294 4838 Eblone
3327 4789 3393 4838 de
3427 4787 3655 4840 Mederio
3689 4795 3742 4839 et

693 4864 981 4917 Guillermo
1031 4868 1095 4918 de
1147 4867 1314 4918 Fonte
1359 4868 1565 4919 clericis
1612 4883 1822 4919 camere
1866 4874 1919 4919 et
1952 4870 2184 4934 collegii,
2233 4870 2480 4920 dominus
2527 4869 2690 4920 frater
2724 4868 2994 4919 Johannes
3028 4868 3192 4919 abbas
3226 4869 3533 4919 monasterii
3567 4870 3746 4920 sancti

692 4945 844 4998 Pauli
889 4946 1243 5012 Trajecteusis
1288 4950 1488 4999 ordinis
1534 4949 1708 5000 sancti
1754 4949 2026 5001 Benedicti
2070 4950 2314 5015 promisit
2359 4965 2456 5014 pro
2496 4964 2592 5000 suo
2635 4950 2906 5001 communi
2954 4949 3176 5000 servicio
3221 4948 3329 4999 1110
3363 4948 3589 5000 florenos
3622 4949 3742 4999 auri

692 5033 747 5078 et
792 5027 837 5078 V
870 5030 1093 5080 servicia
1126 5034 1409 5094 consueta,
1453 5030 1700 5080 solvendo
1736 5031 2074 5081 medietatem
2108 5032 2165 5081 in
2200 5031 2334 5081 sesto
2368 5029 2543 5081 sancti
2579 5029 2839 5080 Jobannis
2874 5029 3108 5094 Baptiste
3144 5029 3381 5094 proxime
3415 5034 3638 5080 venturo
3673 5031 3739 5079 ad

693 5122 894 5160 annum
928 5114 980 5159 et
1015 5110 1174 5160 aliam
1210 5110 1545 5160 medietatem
1581 5111 1635 5160 in
1672 5111 1834 5161 simili
1870 5110 2000 5161 sesto
2034 5126 2177 5162 anno
2212 5112 2473 5174 revoluto,
2516 5111 2622 5161 nisi
2656 5109 2795 5159 infra
2827 5113 2916 5160 etc.
2952 5115 3006 5160 et
3034 5108 3234 5172 jnravit
3267 5114 3357 5159 etc.

955 5190 1049 5253 (In
1080 5191 1329 5255 margins)
1364 5191 1547 5241 XXIII
1581 5191 1906 5242 Cardinales.

853 5271 1013 5321 Arei.
1060 5271 1223 5321 Vatic.
1260 5272 1394 5321 Socr.
1436 5271 1775 5335 obligationes
1815 5273 2055 5323 Gamerae
2095 5275 2228 5324 Toni.
2265 5273 2357 5339 22,
2384 5275 2447 5338 s.
2476 5273 2577 5324 156
2609 5277 2660 5323 et
2701 5275 2835 5322 Τοηι.
2868 5270 2962 5335 29,
2984 5273 3044 5336 s.
3069 5270 3137 5321 98
3169 5270 3428 5335 (primum
3461 5270 3745 5335 diploma);

701 5352 829 5402 Toni.
863 5351 955 5417 35,
988 5353 1053 5417 f.
1089 5351 1214 5403 113·
1247 5355 1298 5401 et
1339 5353 1472 5402 Touo.
1505 5351 1598 5415 36,
1636 5354 1697 5419 s.
1738 5353 1907 5402 CLV·
1940 5356 2309 5421 (secundum);
2356 5356 2488 5406 Tem.
2522 5353 2612 5419 47,
2653 5355 2712 5420 s.
2746 5352 2834 5402 47·
2868 5351 3159 5416 (tertium);
3206 5353 3337 5402 Tem.
3371 5350 3463 5415 14,
3498 5352 3559 5415 s.
3592 5349 3662 5402 93
3694 5356 3750 5401 et

700 5433 828 5483 Yon.
863 5432 953 5493 21,
977 5434 1040 5498 f.
1075 5431 1143 5484 60
1176 5434 1451 5497 (quartum
1487 5432 1584 5497 A);
1629 5434 1764 5484 Tom.
1799 5433 1892 5499 22,
1919 5436 1980 5499 s.
2013 5434 2114 5486 220
2146 5436 2255 5499 (Β).

855 5512 911 5577 3)
948 5513 1007 5564 Ρ.
1041 5513 1213 5564 Fahre
1244 5495 1417 5562 Eme
1448 5528 1537 5563 m·
1572 5514 1620 5562 ιο
1651 5513 1807 5564 mor
1839 5531 2069 5565 amm
2101 5515 2279 5579 (Paris
2312 5514 2469 5580 1892)
2502 5514 2570 5566 ss
2602 5529 2713 5579 seq.

853 5596 911 5660 4)
948 5594 1010 5645 K.
1046 5594 1102 5646 F.
1136 5593 1311 5645 Weiss
1344 5594 1443 5644 Die
1472 5594 1780 5645 hircum
1814 5596 2144 5646 Excutiam„
2176 5598 2269 5647 der
2305 5596 2518 5647 chstor
2551 5596 2729 5660 (Basel
2764 5592 2920 5658 1893)
2953 5591 3021 5644 29
3054 5607 3165 5657 seq.

854 5678 913 5739 5)
949 5679 1118 5729 sabra
1153 5664 1376 5727 njiso.
1706 5675 1764 5740 6)
1798 5675 1906 5727 cfr.
1940 5676 2079 5727 infra
2115 5678 2315 5729 lati-od.
2352 5677 2484 5728 Pan
2518 5677 2615 5728 111.
2652 5675 2789 5727 Soet.
2826 5674 2896 5728 11.
2929 5674 2992 5727 A.
