4450 6684
828 578 931 624 xx
2104 554 2593 621 In'rnonucrro.

831 779 1011 861 588).
1105 776 1292 843 Idem
1354 775 1662 842 Summus
1723 772 2037 840 Pontifex
2101 796 2141 840 a
2198 774 2548 862 Reynaldo
2596 774 2662 839 II
2710 776 2948 842 comite
2995 776 3257 842 Gelriae
3305 780 3569 862 rogatus
3618 782 3756 859 est,
3805 781 3882 839 ut

832 888 1072 948 terram
1098 880 1470 949 Sallandiae
1504 884 1573 946 et
1595 878 1980 946 Twenthiae
2014 877 2188 944 dicto
2219 879 2440 944 comiti
2474 879 2597 945 sub
2629 879 2825 945 certis
2851 881 3160 945 oneribus
3186 879 3572 946 tradendam
3596 880 3873 965 probare

832 988 1231 1074 dignaretur.
1280 986 1439 1052 Erat
1469 992 1628 1051 tunc
1662 986 2006 1073 episcopus
2038 983 2478 1071 Trajectensis
2511 983 2556 1049 J
2559 983 2852 1048 ohannes
2886 983 2968 1049 de
2999 984 3221 1064 Diest‚
3257 984 3400 1070 qui,
3435 989 3511 1048 ut
3544 983 3637 1048 ait
3660 982 3878 1063 Baka,

837 1090 1183 1173 „debiliter
1246 1111 1481 1176 regens
1543 1090 1994 1178 episcopatum
2059 1136 2076 1152 .
2104 1136 2121 1154 .
2149 1136 2165 1153 .
2194 1135 2211 1152 .
2276 1094 2560 1153 castrum
2621 1088 2951 1154 Vollenho
2999 1109 3145 1153 cum
3198 1093 3373 1154 terra
3417 1087 3884 1153 Transisulana

833 1196 1139 1263 Geldriae
1187 1195 1407 1261 comiti
1457 1192 1960 1282 oppignoravit'’
1992 1195 2064 1277 ¹).
2153 1191 2363 1267 Quale
2411 1192 2613 1278 igitur
2658 1192 2999 1258 ‚Iohannes
3048 1190 3129 1258 de
3174 1191 3578 1257 Brouchorst
3624 1191 3692 1259 S.
3743 1191 3883 1257 Sal·

829 1300 1073 1365 vatoris
1132 1299 1576 1386 praepositus,
1627 1319 1852 1385 quem,
1902 1302 1976 1362 ut
2021 1296 2144 1361 hac
2191 1295 2275 1362 de
2323 1316 2520 1361 causa
2565 1296 2950 1383 simpliciter
2996 1317 3067 1362 se
3114 1296 3525 1378 informaret,
3575 1295 3878 1360 dominus

830 1404 1016 1490 Papa
1075 1404 1508 1492 deputaverat
1571 1403 1776 1486 (num.
1828 1404 2022 1486 845),
2081 1398 2338 1466 dederit
2403 1400 2743 1467 consilium
2792 1399 2981 1466 facile
3029 1400 3405 1486 conjicitur,
3477 1400 3734 1465 etiamsi
3780 1400 3882 1464 in·

830 1508 1132 1575 formatio
1180 1505 1559 1593 hujusmodi
1604 1528 1679 1572 ac
1726 1506 2114 1592 rescriptum
2159 1506 2395 1593 papale
2444 1525 2619 1569 nunc
2667 1504 3141 1570 desiderantur.
3215 1504 3354 1570 Nec
3403 1504 3671 1586 mirum,
3725 1503 3879 1568 huic

832 1611 1162 1699 Reynaldi
1226 1612 1481 1676 comitis
1542 1618 1696 1676 voto
1759 1611 2098 1676 Summum
2162 1610 2556 1675 Pontificem
2618 1608 2987 1675 indulsisse.
3087 1608 3351 1673 Etenim
3407 1608 3746 1675 ‚Iohannes
3793 1606 3876 1673 de

831 1718 1025 1782 Diest
1083 1717 1152 1781 in
1214 1715 1641 1802 gubernando
1689 1715 2097 1800 Trajectensi
2145 1716 2528 1803 episcopatu
2578 1715 2938 1780 Wilhelmo
2987 1716 3094 1781 ΠΙ
3140 1713 3537 1781 Hollandiae
3584 1718 3653 1778 et
3703 1713 3879 1798 Rey-

832 1822 1029 1887 naldo
1092 1821 1162 1886 II
1223 1821 1485 1887 Gelriae
1549 1819 1896 1884 comitibus
1944 1818 2208 1883 omnino
2258 1825 2400 1884 erat
2451 1819 2779 1884 obnoxius
2803 1821 2856 1904 2)
2905 1843 3187 1908 aereque
3236 1820 3450 1885 alieno
3498 1818 3879 1904 gravissimo

832 1946 1200 2012 oppressus.
1295 1923 1709 2009 Quapropter
1769 1944 1915 1988 cum
1977 1924 2149 1988 circa
2195 1945 2301 1989 an.
2357 1925 2530 1989 1330
2577 1926 2958 1990 comitatum
3007 1948 3155 1991 cum
3203 1930 3416 1990 castro
3464 1923 3546 1988 de
3596 1922 3884 2008 Diepen·

829 2030 1005 2095 heim
1069 2050 1285 2094 emere
1346 2028 1759 2109 intenderet,
1825 2028 2036 2114 pretio
2103 2028 2418 2095 solvendo
2475 2051 2888 2116 nequaquam
2937 2053 3056 2118 par
3101 2036 3282 2111 erat,
3331 2029 3456 2093 nisi
3504 2027 3682 2113 prius
3730 2047 3886 2091 ven·

832 2132 985 2198 ditis
1048 2132 1439 2219 quibusdam
1502 2153 1766 2197 mensae
1828 2152 1985 2196 suae
2043 2131 2430 2220 episcopalis
2480 2136 3022 2221 possessionibus.
3124 2135 3425 2222 „Emptio
3472 2154 3629 2198 vero
3676 2132 3881 2217 ipsius

830 2239 1028 2303 castri
1074 2238 1247 2302 facta
1292 2258 1464 2301 anno
1514 2235 1970 2322 sequenti‘’³)‚
2022 2256 2141 2322 pro
2190 2258 2321 2323 qua
2366 2237 2707 2304 Johanncs
2755 2242 3013 2327 praesul
3069 2241 3287 2304 15000
3330 2239 3644 2302 librarum
3677 2236 3884 2301 Turo-

830 2343 1132 2408 nensium
1180 2362 1526 2429 parvorum
1574 2361 1644 2404 se
1686 2341 2072 2426 exposuisse
2103 2342 2338 2406 asserit
2368 2345 2572 2425 (num.
2610 2345 2787 2426 883).
2849 2344 3014 2409 Inde
3049 2350 3123 2409 ut
3155 2365 3273 2431 per
3306 2364 3490 2408 suam
3524 2340 3877 2406 dioecesim

830 2446 1194 2512 subsidium
1243 2444 1702 2511 charitativum
1748 2449 1974 2531 petere
2022 2450 2092 2509 et
2132 2446 2424 2533 recipere
2458 2453 2658 2534 atque
2695 2455 2770 2513 ut
2802 2448 2883 2515 ad
2920 2448 3272 2514 relevanda
3302 2446 3527 2513 debita
3557 2466 3877 2511 summam

836 2552 1013 2617 5000
1059 2552 1451 2615 florenorum
1496 2550 1636 2613 auri
1680 2550 1966 2613 mutuari
1998 2549 2119 2614 sibi
2152 2551 2412 2635 liceret,
2461 2554 2853 2640 supplicanti
2887 2554 3192 2642 episcopo
3228 2554 3535 2619 Summus
3568 2550 3882 2616 Pontifex

834 2655 1211 2720 facultatem
1262 2654 1584 2719 concessit
1630 2655 1901 2736 (numm.
1955 2657 2361 2738 883—884).

1056 2758 1317 2824 Muneri
1366 2779 1483 2822 suo
1532 2779 1663 2822 non
1714 2763 1844 2821 tam
1892 2759 2102 2843 impar
2147 2766 2421 2846 apparet
2467 2761 2806 2826 Johannes
2853 2761 2935 2827 dc
2977 2763 3168 2828 Diest
3209 2782 3315 2826 an.
3368 2762 3569 2841 1334,
3621 2756 3883 2845 quando

834 2884 967 2928 una
1015 2885 1161 2927 cum
1210 2862 1697 2950 archiepiscopo
1746 2862 2122 2928 Coloniensi
2170 2865 2634 2951 nonnullisque
2681 2866 3120 2952 principibus,
3179 2866 3352 2930 inter
3400 2885 3563 2950 quos
3610 2863 3883 2927 comites

837 2967 1099 3033 Gelriae
1163 2974 1230 3032 et
1293 2966 1724 3049 Hollandiae,
1780 2968 2174 3032 intercessor
2222 2967 2606 3054 deputatur,
2657 2971 2767 3056 qui
2816 2970 3178 3035 discordiae
3225 2970 3401 3034 inter
3445 2967 3680 3032 ducem
3725 2966 3886 3031 Bra-

835 3072 1101 3136 bantiae
1149 3078 1347 3157 atque
1388 3072 1692 3137 comitem
1728 3071 2076 3136 Flandriae
2109 3072 2190 3137 de
2223 3072 2604 3139 venditione
2638 3074 2831 3140 villae
2864 3075 3357 3140 Machliniensis
3389 3069 3881 3157 componendae

836 3196 1098 3262 operam
1162 3174 1322 3240 dent
1382 3176 1654 3259 (numm.
1722 3178 2124 3259 897—899).
2219 3176 2455 3242 Paullo
2513 3183 2743 3263 postca
2790 3178 3005 3244 eidem
3051 3178 3344 3244 Johanni
3392 3183 3460 3242 et
3506 3175 3883 3241 Guillielmo

837 3278 1291 3344 Cameracensi
1356 3279 1679 3366 episcopis
1727 3280 1966 3344 iterum
2012 3280 2351 3346 mandavit
2399 3280 2701 3347 dominus
2749 3284 2967 3368 Papa,
3031 3288 3106 3347 ut
3153 3282 3394 3346 bacin
3443 3282 3641 3346 causa
3685 3278 3888 3344 inter·

834 3383 1137 3447 venirent
1183 3383 1389 3465 (num.
1441 3384 1619 3466 901).

1059 3486 1263 3550 Plura
1309 3492 1533 3551 autem
1582 3507 1776 3572 quam
1826 3486 1905 3552 ad
1957 3488 2131 3575 ipsos
2181 3489 2523 3575 episcopos
2569 3491 2673 3555 vel
2723 3491 3051 3577 praelatos
3085 3491 3543 3576 Trajcctenses
3585 3493 3883 3567 exstant,

836 3611 1005 3676 quae
1054 3589 1269 3655 civilia
1317 3591 1564 3675 patriae
1612 3597 1875 3657 nostrae
1923 3594 2194 3677 negotia
2239 3595 2628 3680 respiciunt,
2677 3594 2758 3659 ad
2792 3596 3064 3659 comites
3096 3594 3493 3660 Hollandiae
3526 3597 3596 3658 et
3627 3591 3886 3658 Gelriae

838 3693 1170 3759 destinata
1216 3693 1573 3780 diplomata
1618 3695 1894 3780 papalia.
1961 3696 2357 3764 Hollandiae
2405 3719 2598 3785 porro
2646 3700 2917 3764 comites
2965 3720 3132 3763 saec.
3182 3698 3350 3763 XIV
3389 3698 3659 3783 insuper
3703 3695 3887 3760 Han·

842 3798 1082 3863 noniae
1131 3797 1470 3862 comitatui
1516 3806 1892 3885 praeerant,
1944 3821 2143 3886 quare
2188 3802 2387 3866 variis
2429 3802 2625 3866 robus
2658 3803 2940 3888 politicis
2973 3804 3056 3869 ab
3089 3801 3447 3867 Hollandia
3480 3807 3548 3867 ct
3579 3798 3893 3865 Zelandia

839 3901 988 3989 plus
1038 3901 1334 3967 minusve
1383 3902 1613 3967 alienis
1662 3904 1921 3990 saepius
1967 3904 2283 3991 implicati
2328 3908 2398 3970 in
2446 3907 2739 3972 Bullario
2789 3914 3012 3972 nostro
3059 3906 3393 3992 leguntur.

1064 4004 1389 4069 Nimirum
1459 4006 1854 4071 Wilhelmus
1925 4007 2024 4073 Iv
2095 4008 2493 4075 Hollandiae
2564 4032 2781 4075 comes
2845 4030 2949 4076 an.
3022 4011 3456 4077 1339—1341
3511 4006 3890 4073 acerrimam

840 4114 1071 4174 contra
1117 4109 1494 4195 episcopum
1543 4115 1613 4174 et
1659 4112 1999 4175 ecclesiam
2048 4112 2552 4178 Cameracenses
2601 4116 2914 4179 sustinuit
2959 4115 3178 4197 litem3
3225 4115 3295 4177 in
3328 4134 3458 4199 qua
3489 4110 3891 4178 Benedictus

839 4233 1012 4299 papa
1073 4211 1212 4276 XII
1276 4211 1558 4277 eundem
1606 4214 1947 4296 comitem,
2011 4222 2084 4278 ut
2130 4216 2403 4300 injurias
2452 4218 2665 4282 illatas
2714 4216 2940 4283 debita
2985 4218 3430 4283 satisfactione
3479 4217 3894 4297 restitueret,

840 4316 1122 4402 primum
1187 4316 1357 4379 serio
1420 4314 1759 4381 admonuit
1820 4319 2025 4399 (num.
2091 4322 2289 4404 969);
2356 4320 2594 4387 deinde
2649 4322 3210 4387 reconciliatorem
3259 4344 3328 4387 sc
3376 4318 3895 4401 commendavit,

842 4417 957 4483 sed
1006 4418 1195 4482 initio
1244 4419 1486 4483 frustra
1531 4421 1673 4506 paci
1724 4419 1940 4485 denuo
1989 4424 2480 4509 componendae
2529 4424 2784 4490 studuit
2830 4427 3035 4509 (num.
3087 4428 3282 4509 976);
3351 4425 3893 4512 appellationem,

836 4543 1039 4608 quam
1105 4528 1334 4587 contra
1393 4544 1702 4588 censuras
1766 4525 1888 4589 sibi
1935 4524 2216 4591 inflictas
2263 4529 2661 4593 Wilhelmus
2710 4550 2926 4595 comes
2974 4531 3428 4615 interjecerat,
3478 4533 3553 4594 ut
3599 4527 3894 4593 frivolam

844 4624 1074 4709 rejecit
1138 4627 1344 4708 (num.
1411 4628 1604 4710 979);
1669 4631 2365 4696 excommunicationis
2428 4639 2495 4696 et
2555 4632 2888 4698 interdicti
2955 4634 3346 4715 sententias,
3421 4633 3659 4718 quibus
3721 4630 3895 4696 idem

843 4748 1061 4792 comes
1126 4726 1207 4791 ad
1276 4728 1568 4794 debitam
1631 4733 2113 4798 restitutionem
2177 4737 2723 4824 compelleretur,
2787 4737 3078 4802 decrevit
3135 4740 3341 4822 (num.
3391 4737 3586 4820 980);
3635 4756 3899 4801 concor-

830 4830 1017 4896 diam
1096 4830 1380 4918 denique
1437 4833 1613 4899 inter
1658 4840 2002 4923 utramque
2050 4848 2304 4923 partem
2352 4841 2671 4906 stabilivit
2716 4847 2785 4905 et
2830 4843 3127 4927 injuncta
3171 4841 3582 4928 poenitentia
3626 4839 3895 4905 salutari

844 4934 1275 5000 Wilhelmum
1325 4937 1632 5003 comitem
1679 4941 1970 5006 censuris
2018 4944 2475 5009 ecclesiasticis
2522 4946 2804 5011 absolvit
2850 4948 3123 5029 (numm.
3174 4946 3580 5028 984—985).

1072 5038 1237 5104 Inde
1299 5060 1456 5105 vero
1519 5041 1601 5108 ad
1663 5050 1940 5110 mortem
2004 5067 2211 5133 usque
2267 5049 2700 5114 Wilbelmum
2745 5049 2846 5114 IV
2895 5049 3199 5114 comitem
3248 5049 3494 5137 optime
3541 5069 3689 5113 cum
3737 5045 3892 5111 sede

844 5143 1201 5228 apostolica
1248 5146 1656 5211 consensisse
1705 5147 2098 5216 documenta
2143 5157 2370 5218 nostra
2421 5158 2770 5219 testantur.
2842 5153 2920 5218 Ei
2965 5154 3145 5219 varia
3184 5152 3513 5219 donantur
3549 5151 3890 5237 privilegia

1015 5526 1067 5587 1)
1109 5524 1362 5575 Chronica
1401 5524 1521 5591 1153
1556 5527 1650 5577 cfr.
1685 5542 1786 5577 van
1823 5529 1998 5592 Spaen
2033 5530 2270 5581 Historia
2303 5548 2400 5582 van
2441 5533 2758 5583 Gelderland
2793 5532 2834 5581 1.
2867 5531 2967 5581 464
3001 5545 3110 5595 seq.

1016 5604 1072 5667 2)
1109 5603 1211 5655 Cfr.
1248 5605 1306 5656 P.
1341 5606 1389 5658 J.
1424 5607 1556 5657 Blok
1595 5608 1943 5660 Gesolaiedenie
1976 5627 2071 5660 van
2105 5611 2189 5661 laet
2222 5612 2430 5664 ΝΜΖ.
2463 5613 2579 5664 υοὶῙε
2615 5614 2682 5665 11.
2717 5611 3001 5663 162-163.

1010 5683 1070 5748 3)
1106 5685 1392 5738 Buchelius
1427 5689 1493 5738 ad
1529 5687 1728 5739 Bekam
1763 5688 1876 5741 117.
