4450 6684
824 542 877 589 11
2103 500 2591 589 Itu-nonnemo.

826 743 958 808 vel:
1008 742 1421 828 Deputantur
1464 749 1952 823 conservatores,
2003 739 2158 805 dum
2193 745 2414 807 tamen
2447 741 2711 807 nomina
2743 745 3168 805 executorum
3202 738 3307 802 vel
3344 742 3872 802 conservatorum

824 847 1201 933 hujusmodi
1264 848 1676 913 omittuntur.
1771 847 1904 912 Cur
1956 848 2156 911 istum
2201 847 2271 911 in
2320 846 2587 911 modum
2634 866 2829 931 agere
2873 845 3120 909 libuit?
3188 843 3282 908 Ut
3330 864 3417 907 ex
3463 842 3645 907 Urbe
3692 847 3871 906 certo

827 959 1120 1039 tempore
1198 952 1607 1038 profecturus
1677 957 1874 1037 atque
1944 951 2207 1016 interim
2278 951 2716 1036 Regestorum
2787 949 3191 1015 voluminum
3262 948 3451 1034 copia
3521 966 3868 1032 oppressus

825 1057 1026 1121 horae
1089 1057 1305 1120 ruenti
1361 1076 1716 1143 parcerem.
1813 1054 1951 1120 Nec
1995 1053 2193 1120 hodie
2240 1056 2422 1141 piget
2469 1075 2574 1118 me
2621 1052 2819 1138 hujus
2865 1052 3305 1118 festinationis
3351 1057 3418 1116 et
3469 1049 3870 1134 diligentiae.

826 1160 1223 1246 Plerumque
1287 1160 1462 1224 enim
1522 1161 1592 1224 in
1639 1158 2120 1245 provisionibus
2166 1158 2633 1223 beneficiorum
2682 1162 2797 1223 aut
2844 1157 2988 1222 aliis
3035 1155 3390 1243 privilegiis
3438 1155 3871 1218 communiter

829 1264 1363 1348 contingentibus
1412 1265 1525 1328 tali
1575 1284 1843 1328 munere
1892 1262 2338 1348 fungebantur
2385 1261 2721 1344 officiales,
2773 1261 3083 1342 ministri,
3133 1259 3405 1346 praelati
3453 1257 3672 1322 curiae
3713 1277 3878 1342 pon-

827 1368 1101 1450 tificiae,
1150 1391 1189 1433 a
1236 1374 1461 1433 nostra
1507 1367 1789 1434 dioecesi
1836 1368 2248 1452 Trajectensi
2295 1374 2649 1454 utcumque
2698 1366 2928 1449 alieni3
2977 1366 3087 1452 qui
3137 1365 3320 1451 quasi
3368 1385 3483 1450 pro
3533 1362 3741 1426 forma
3787 1359 3870 1424 ad

828 1471 1118 1537 favorem
1166 1473 1449 1559 aliquem
1483 1474 1858 1538 executioni
1891 1471 2336 1553 mandandum
2370 1473 2474 1536 vel
2508 1471 3025 1536 conservandum
3060 1469 3569 1556 deputabantur,
3619 1467 3870 1531 nullum

828 1579 899 1642 in
945 1582 1166 1663 partes
1215 1582 1470 1640 nostras
1503 1577 1809 1641 effectum
1839 1577 2082 1641 realem
2118 1576 2555 1640 verisimiliter
2586 1575 2878 1640 sortituri
2911 1575 3051 1657 (cfr.
3089 1595 3195 1638 ex.
3232 1572 3443 1659 gratia
3475 1592 3657 1635 num.
3693 1571 3872 1653 533).

831 1679 1141 1763 Accedit,
1176 1679 1350 1768 quod
1383 1681 1572 1744 stilus
1604 1681 1821 1745 curiae
1858 1682 2020 1744 tales
2052 1685 2441 1745 executores
2473 1686 2542 1745 et
2575 1686 3067 1745 conservatores
3098 1697 3512 1764 nequaquam
3547 1673 3872 1760 expressis

832 1785 1120 1871 ipsorum
1169 1786 1573 1866 nominibus,
1622 1784 1735 1849 sed
1788 1792 2043 1849 tantum
2100 1785 2399 1872 „punctis
2448 1783 2830 1869 dignitatis”
2880 1784 3262 1870 plerumque
3312 1798 3655 1845 recensere
3691 1776 3878 1841 solet.

833 1891 1146 1954 Attamen
1198 1910 1281 1954 ne
1329 1887 1721 1975 quidquam,
1772 1887 1947 1975 quod
1997 1888 2078 1952 ad
2120 1909 2256 1953 rem
2288 1894 2575 1953 nostram
2618 1889 2947 1974 pertinere
2980 1885 3362 1967 videbatur,
3410 1883 3645 1947 leviter
3677 1880 3883 1965 negli-

835 2000 1127 2079 geretur,
1178 1993 1346 2058 serio
1393 1995 1750 2078 invigilavi.
1840 1994 1985 2058 Lex
2032 1993 2235 2078 igitur
2281 1992 2440 2057 mihi
2491 1998 2662 2074 erat,
2714 1999 2789 2057 ut
2835 1992 3094 2078 quoties
3141 1996 3531 2056 executores
3577 1988 3682 2051 vel
3730 2005 3882 2050 con-

834 2105 1199 2163 servatores
1247 2098 1451 2184 ipsius
1502 2098 1877 2162 dioeceseos
1934 2096 2353 2181 Trajectensis
2398 2097 2677 2183 propriis
2725 2096 3099 2161 nominibus
3134 2094 3456 2159 indicatos
3489 2090 3879 2178 repererim,

835 2202 1191 2267 eorundem
1253 2204 1321 2266 in
1381 2207 1572 2267 textu
1636 2208 1968 2267 contracto
2028 2204 2133 2267 vel
2180 2204 2401 2288 potius
2447 2202 2516 2265 in
2564 2207 2875 2287 excerpto
2928 2205 3151 2264 nostro
3198 2198 3598 2263 mentionem
3649 2197 3876 2281 utique

835 2307 1115 2372 facerem
1165 2308 1252 2388 (v.
1304 2328 1397 2392 gr.
1447 2328 1624 2371 num.
1678 2308 1856 2389 682).
1906 2306 2220 2371 Similiter
2269 2307 2595 2392 agendum
2647 2306 2870 2392 putavi
2923 2326 3070 2369 cum
3119 2302 3582 2368 executoribus
3631 2304 3698 2364 et
3730 2320 3883 2364 con·

837 2410 1277 2476 servatoribus
1325 2410 1676 2495 cujuslibet
1723 2410 2045 2496 privilegii
2094 2432 2211 2496 pro
2261 2411 2542 2496 quadam
2590 2431 2870 2495 persona
2917 2408 3107 2474 valde
3157 2407 3468 2487 notabili,
3517 2429 3578 2471 v.
3628 2427 3723 2491 gr.
3765 2426 3880 2491 pro

839 2513 1130 2579 Gerardo
1178 2515 1419 2599 Magno
1468 2515 1607 2597 (cfr.
1658 2536 1901 2579 numm.
1959 2517 2165 2599 1401,
2222 2517 2427 2598 1408,
2486 2517 2703 2598 1721).
3377 2578 3382 2583 .

433 2622 575 2702 „Noa
622 2625 808 2672 obstan·
1070 2618 1317 2683 Eadem
1378 2620 1774 2704 parsimonia
1836 2619 2153 2684 utendum
2214 2621 2590 2704 videbatur,
2654 2621 2912 2708 quoties
2976 2618 3501 2705 frequentissima
3561 2617 3631 2679 in
3685 2615 3885 2679 benc·

533 2692 712 2741 ‘'ms’'
839 2723 1132 2788 ficiorum
1205 2723 1554 2787 collatione
1627 2723 2011 2788 occurrebat
2078 2723 2405 2807 clausula,
2471 2747 2602 2811 qua
2661 2725 2980 2812 implicita
3025 2724 3401 2788 continetur
3448 2742 3643 2808 super
3688 2720 3887 2783 bene-

839 2828 1133 2891 ficiorum
1198 2826 1574 2912 pluralitate
1639 2826 2075 2913 dispensatiO,
2141 2830 2496 2895 clausulam
2558 2830 2894 2914 intelligo:
2955 2829 3105 2892 Non
3150 2826 3557 2891 obstantibus.
3654 2826 3882 2908 Longe

842 2937 1065 2996 tamen
1110 2931 1328 3015 abest,
1378 2938 1453 2995 ut
1497 2932 1568 2996 in
1613 2931 1795 2995 hisce
1845 2934 2018 2997 omni
2069 2933 2440 2999 discrimine
2475 2935 2733 2999 sublato
2769 2934 3034 3018 egerim.
3097 2933 3578 2997 Beneficiorum
3611 2948 3876 3014 nempe,

842 3057 1010 3122 quae
1059 3035 1140 3100 ad
1191 3035 1541 3101 dioecesim
1589 3037 2079 3121 Trajectensem
2127 3059 2358 3103 revera
2404 3046 2741 3125 spectant,
2790 3058 3047 3123 semper
3093 3037 3352 3121 integra
3393 3035 3469 3098 fit
3500 3033 3746 3098 mentio
3780 3032 3885 3095 vel

839 3142 909 3204 in
973 3146 1282 3227 excerpto
1346 3141 1450 3205 vel
1511 3141 1729 3227 potius
1777 3142 1846 3204 in
1894 3147 2086 3206 textu
2135 3141 2510 3229 diplomatis
2560 3148 2833 3208 eatenus
2882 3140 3166 3205 deducto
3214 3142 3303 3224 (v.
3353 3160 3462 3224 gr.
3499 3157 3676 3203 num.
3728 3137 3885 3217 698)

843 3251 909 3309 et
955 3246 1223 3331 insuper
1270 3245 1340 3309 in
1385 3244 1612 3309 Indice
1663 3266 1879 3310 rerum
1928 3246 2049 3311 sub
2101 3248 2352 3333 capite:
2392 3249 2753 3333 pluralitas
2800 3245 3252 3328 beneficiorum.
3348 3242 3480 3308 Sed
3529 3262 3696 3328 quae
3745 3240 3887 3304 aliis

842 3351 911 3413 in
991 3348 1396 3415 dioecesibus
1466 3349 1787 3414 beneficia
1857 3350 2077 3416 sedem
2149 3352 2397 3416 habent
2465 3359 2664 3439 atque
2731 3354 2800 3416 in
2872 3352 3196 3417 clausula:
3289 3349 3438 3413 Non
3505 3344 3888 3413 obstantibus

843 3459 1297 3536 recensentur,
1350 3459 1493 3518 tuta
1540 3454 1940 3519 conscientia
1986 3454 2352 3521 omittenda
2397 3457 2533 3521 fere
2587 3456 2998 3521 videbantur.

540 3671 730 3720 Fontes.
1069 3662 1343 3726 Bullarii
1405 3663 1845 3747 Trajectensis
1906 3663 2167 3728 fontes
2230 3664 2590 3749 generatim
2649 3663 2978 3750 loquendo
3041 3662 3317 3748 duplicis
3383 3664 3538 3723 sunt
3599 3655 3887 3743 generis:

853 3764 921 3828 10
994 3785 1077 3829 ex
1156 3765 1418 3830 archivo
1490 3767 1814 3831 Vaticano
1893 3767 2146 3848 hausti,
2227 3770 2415 3854 cujus
2493 3769 2752 3854 generis
2831 3774 2931 3831 est
3001 3788 3311 3831 numerus
3379 3765 3574 3848 longe
3645 3762 3851 3844 major
3871 3781 3899 3841 ς.

847 3867 923 3933 2Ο
970 3867 1235 3933 aliunde
1284 3868 1681 3956 deprompti,
1732 3871 1836 3936 vel
1885 3871 2294 3958 autographa
2339 3874 2444 3938 vel
2493 3872 2897 3959 apographa3
2948 3871 3054 3935 cui
3099 3869 3323 3955 generi
3373 3868 3565 3953 adjici
3615 3869 3890 3953 possunt

845 3972 995 4036 libri
1058 3973 1393 4057 impressi,
1466 3975 1581 4039 ubi
1645 3976 1799 4061 quid
1859 3975 2146 4062 diploma
2191 3977 2597 4062 pontificium
2646 3997 2762 4061 pro
2813 3976 3096 4040 dioecesi
3143 3973 3549 4060 Trajectensi
3597 3970 3890 4057 qualibet

847 4076 1100 4141 ratione
1150 4084 1523 4142 emanatum
1571 4079 1952 4165 reperiatur.

510 4188 701 4266 Fontes,
726 4202 780 4265 εξ
1077 4180 1147 4245 10
1215 4182 1294 4245 In
1365 4184 1625 4248 archivo
1698 4184 2020 4249 Vaticano
2091 4185 2515 4268 perlustravi:
2588 4202 2652 4250 a.
2714 4185 2982 4269 Reqesta
3049 4185 3117 4248 in
3188 4184 3414 4248 charta
3476 4181 3895 4247 membranea

441 4255 815 4371 amhilvaousxtistm.
855 4285 1224 4371 conscripta
1270 4292 1339 4350 et
1385 4286 1646 4372 proprie
1696 4286 1871 4351 dicta
1932 4288 2272 4368 Vaticana,
2321 4310 2527 4375 usque
2575 4288 2656 4352 ad
2704 4287 3114 4353 Clementem
3162 4308 3398 4374 papam
3445 4288 3506 4351 V
3546 4286 3892 4367 inclusive3

848 4386 918 4453 b.
966 4388 1260 4473 Regesta
1304 4390 1375 4453 in
1416 4390 1638 4454 codice
1671 4390 2013 4456 chartaceo
2054 4394 2422 4479 conscripta
2459 4399 2528 4457 et
2569 4394 3029 4456 Avenionensia
3063 4391 3266 4474 dicta,
3315 4414 3354 4456 a
3385 4390 3691 4456 Johanne
3723 4411 3894 4476 papa

853 4491 1061 4555 XXII
1126 4514 1333 4578 usque
1396 4493 1477 4558 ad
1535 4516 1639 4559 an.
1697 4497 1889 4561 1378.
1984 4495 2169 4560 Haec
2217 4504 2438 4561 autem
2486 4498 2778 4581 Regesta
2822 4496 2951 4560 illis
2998 4497 3176 4581 prius
3224 4495 3592 4581 conscripta
3638 4514 3780 4559 esse
3828 4498 3896 4557 et

854 4594 1043 4679 plura
1105 4596 1441 4661 continere
1505 4605 1885 4663 asseruntur
1912 4600 1962 4681 1)
2008 4599 2266 4685 illisque
2315 4620 2448 4663 non
2495 4599 2780 4680 minore,
2830 4600 3025 4664 immo
3081 4600 3224 4680 „vel
3271 4601 3559 4664 maxima
3606 4597 3897 4683 gaudent

854 4699 1283 4781 auctoritate,
1355 4700 1410 4763 si
1480 4700 1872 4788 quandoque
1943 4703 2319 4790 apographa
2385 4703 2709 4768 Vaticana
2769 4703 3179 4789 aliquantum
3241 4704 3322 4768 ab
3389 4705 3483 4769 eis
3531 4703 3896 4789 discrepare

856 4799 1580 4888 deprehendantur.”2)
1673 4806 2029 4871 Praeterea
2096 4808 2389 4892 Regesta
2460 4807 2952 4873 Avenionensia
3018 4808 3191 4888 „fere
3256 4809 3474 4872 omnia
3536 4807 3779 4892 duplici
3826 4812 3893 4870 et

857 4905 1122 4993 quidem
1169 4909 1655 4974 accuratissimo
1705 4911 2070 4975 clarescunt
2116 4910 2378 4995 Indice,
2445 4911 2905 4996 chronologico
2954 4917 3022 4976 et
3068 4911 3479 4999 alphabetico
3526 4911 3595 4975 in
3647 4913 3733 4975 50
3779 4911 3899 4975 cir·

856 5011 1021 5075 citer
1084 5012 1152 5074 in
1207 5012 1361 5076 folio
1410 5012 1853 5077 voluminibus
1901 5013 2302 5099 digesto.''2)
2395 5017 2540 5091 Quo
2586 5013 2805 5079 indice
2852 5015 3011 5079 mihi
3060 5015 3224 5082 duce
3272 5018 3714 5101 Regestorum
3760 5018 3899 5081 lon-

856 5114 1186 5200 gissimam
1260 5116 1495 5181 seriem
1565 5116 1819 5181 facilius
1882 5123 1956 5181 et
2018 5118 2293 5184 celerius
2358 5121 2750 5205 perscrutari
2799 5120 3005 5206 potui.
3100 5119 3455 5185 Praeterea
3501 5120 3901 5200 notandum,

857 5238 960 5283 me
1009 5218 1275 5284 laudare
1321 5220 1392 5284 in
1439 5221 1827 5307 pontificatu
1874 5221 2198 5288 «Iohannis
2244 5244 2454 5311 papae
2501 5223 2709 5289 XXII
2757 5223 2938 5309 prius
2986 5225 3194 5288 solere
3232 5224 3509 5309 Reyesta
3559 5224 3901 5306 Vaticana,

1020 5497 1078 5559 1)
1115 5494 1218 5546 Csr.
1256 5495 1319 5547 H.
1358 5495 1604 5546 Bresslau
1639 5496 1925 5545 Handbucla
1957 5497 2047 5545 dar
2094 5496 2506 5547 Urlmndenlshre
2541 5496 2720 5561 (1889)
2759 5499 2797 5548 1.
2832 5497 2951 5548 100.

1022 5578 1078 5642 2)
1129 5577 1209 5628 Ita
1268 5577 1328 5627 D.
1387 5577 1670 5643 Gregorius
1729 5577 1977 5626 Palmieri
2036 5577 2374 5629 Manuductio
2435 5579 2506 5628 ad
2569 5580 2688 5629 Vat.
2745 5581 2883 5629 arch.
2940 5580 3157 5642 Κορσεία
3212 5581 3434 5643 (Romae
3494 5579 3672 5644 1884),
3741 5581 3906 5631 Pracs.

859 5657 1067 5708 ΙΧ-Χ,
