4450 6684
356 2862 617 2928 Illegitimi
660 2880 723 2914 an

379 2937 427 2979 et
462 2932 698 2995 quomodo

370 2999 585 3048 obtinere
620 3015 720 3064 pos·

335 3071 450 3115 ⁸¹1¹st
483 3066 1018 3148 beneficia.guffi0st‚
1084 3072 1159 3129 ut
1219 3064 1600 3150 illegitimus
1664 3066 1898 3151 aliquis
1960 3066 2044 3130 ad
2106 3064 2368 3130 ordines
2430 3075 2891 3152 promoveatur
2950 3069 3235 3133 minores
3282 3072 3351 3131 et
3394 3064 3790 3131 beneficium

751 580 922 628 Lvm
2029 563 2520 630 Inraonucrro.

750 779 1097 862 asseritur,
1167 780 1400 845 merito
1470 784 1732 865 poterat
1803 780 2120 867 adaptari.
2212 780 2494 867 Insuper
2563 779 3116 868 dispensationem
3188 798 3385 865 super
3439 775 3806 843 residentia

748 884 1077 972 personali
1139 890 1473 969 erogatam
1533 884 1811 969 legimus
1873 885 2204 949 canonicis
2250 884 2542 950 Johanni
2588 883 2672 949 de
2717 884 3041 967 Pistorio,
3089 880 3383 949 Gerardo
3429 880 3795 964 Naldekin,

748 986 1077 1053 Ademaro
1148 986 1232 1052 de
1302 988 1497 1075 Rupe
1566 989 1840 1071 (numm.
1909 990 2118 1072 1042,
2187 987 2395 1071 1411,
2460 989 2699 1072 2087),
2768 988 3011 1075 quippe
3069 988 3181 1074 qui
3226 987 3401 1051 inter
3445 984 3804 1050 familiares

751 1090 1004 1157 Summi
1050 1090 1391 1157 Pontificio
1428 1093 1580 1176 jure
1629 1098 2111 1179 computentur.
2176 1090 2475 1158 Tandem
2522 1090 2606 1156 ad
2654 1113 2862 1178 genus
2910 1092 3322 1172 elericorum,
3372 1089 3486 1175 qui
3528 1092 3806 1174 propter

748 1196 1107 1260 utilitatem
1171 1195 1484 1260 ecclesiae
1549 1216 1707 1261 suae
1770 1195 2045 1279 absunt,
2110 1216 2245 1260 non
2306 1195 2632 1261 immerito
2688 1196 2980 1261 revocari
3026 1200 3246 1282 potest
3289 1194 3630 1260 «Iohannes
3673 1190 3804 1256 Mi-

750 1297 994 1362 chaelis
1065 1296 1148 1362 de
1215 1297 1572 1363 Machlinia
1639 1300 1992 1364 canonicus
2061 1300 2123 1364 b.
2188 1300 2435 1365 Mariae
2499 1301 2941 1385 TraJectensis
2988 1301 3193 1382 (num.
3245 1300 3438 1380 900),
3505 1295 3800 1383 quando·

750 1400 1017 1489 quidem
1080 1402 1236 1467 urbs
1296 1401 1818 1485 Machliniensis,
1882 1405 2070 1488 cujus
2128 1405 2411 1489 negotiis
2473 1402 2837 1469 insistendo
2902 1403 3326 1469 canonicatus
3388 1402 3490 1467 sui
3547 1401 3804 1465 fructus

746 1505 927 1571 licite
974 1506 1311 1591 percipere
1358 1505 1642 1588 valeret,
1692 1513 1850 1571 tunc
1897 1511 2040 1572 erat
2085 1513 2336 1572 tessera
2383 1506 2732 1572 diuturnae
2780 1514 2848 1573 et
2880 1508 3233 1572 acerrimae
3263 1507 3439 1571 inter
3468 1505 3803 1591 principes

749 1616 1006 1675 nostros
1053 1608 1509 1673 dimicationis.
1540 1610 1591 1693 l)

977 1714 1169 1780 Solus
1215 1714 1417 1799 igitur
1462 1719 1669 1779 restat
1714 1714 2032 1780 Albertus
2080 1713 2295 1779 dictus
2342 1715 2558 1780 Hovel
2605 1715 2960 1780 canonicus
3006 1713 3481 1797 Embrioensis,
3531 1713 3794 1799 quicum

747 1819 930 1883 nulla
981 1816 1267 1904 juridica
1323 1819 1578 1883 ratione
1641 1839 1950 1905 expressa
2011 1839 2208 1906 super
2261 1820 2409 1904 lege
2455 1818 2850 1884 residentiae
2897 1817 3345 1904 dispensatum
3391 1816 3591 1881 fnisse
3635 1816 3803 1902 legi·

749 1944 894 1989 mus
957 1925 1163 2006 (num.
1230 1923 1408 2006 821).
1504 1921 1701 1989 Unde
1762 1929 1942 1988 recte
2004 1922 2425 2005 deducimus,
2489 1924 2825 1988 Romanos
2890 1922 3245 1988 Pontifices
3308 1921 3430 1986 hac
3478 1922 3546 1985 in
3592 1941 3662 1985 re
3709 1919 3792 1985 ad

749 2026 1153 2114 disciplinam
1203 2027 1441 2090 nostris
1485 2027 1555 2091 in
1602 2027 1897 2112 partibus
1925 2029 2277 2113 ‘vigentem
2323 2025 2683 2113 prudenter
2729 2048 2799 2093 se
2849 2025 3392 2092 accommodasse.
3485 2024 3799 2089 Profecto

745 2130 845 2195 bis
893 2136 1150 2196 tantum
1198 2151 1310 2196 eos
1357 2153 1397 2196 a
1443 2131 1918 2196 consuetudine
1966 2132 2282 2197 ecclesiae
2329 2131 2771 2215 Trajectensis
2814 2130 3176 2196 declinasse
3210 2130 3542 2211 novimus,
3591 2149 3794 2214 quum

745 2234 1092 2321 Reynaldo
1156 2234 1222 2300 S.
1286 2233 1563 2299 Adriani
1622 2241 1691 2298 et
1737 2234 1987 2299 Jacobo
2036 2235 2102 2301 S.
2153 2235 2420 2321 Georgii
2468 2234 2549 2299 ad
2596 2235 2838 2301 Velum
2886 2234 3183 2300 Aureum
3229 2233 3521 2299 diaconis
3567 2230 3802 2297 Oardi-

743 2340 1039 2421 nalibus,
1102 2339 1215 2425 qui
1277 2339 1346 2402 in
1404 2339 1681 2404 ecclesia
1725 2338 1960 2424 Majori
2007 2345 2197 2404 erant
2243 2339 2579 2421 canonici,
2627 2340 3041 2426 privilegium
3088 2341 3156 2404 in
3204 2338 3350 2424 lege
3397 2334 3801 2402 residentiae

742 2444 990 2532 primae
1055 2448 1123 2507 et
1183 2442 1253 2506 in
1318 2441 1677 2507 obtinendo
1746 2463 1958 2523 „anno
2007 2442 2382 2528 gratiae”2)
2429 2449 2894 2509 concesserunt
2939 2445 3211 2527 (numm.
3266 2443 3476 2523 1498,
3524 2442 3789 2504 2211—

749 2549 974 2630 2213).
1068 2545 1379 2612 Ceterum
1439 2567 1595 2611 vero
1660 2568 1855 2632 quam
1922 2547 2297 2633 parcissime
2360 2547 2673 2613 facultate
2737 2569 2852 2612 sua
2917 2545 3340 2634 dispensandi
3395 2565 3591 2631 super
3636 2543 3800 2608 resi-

746 2650 972 2717 dentia
1017 2650 1343 2736 personali
1389 2650 1629 2714 nostris
1675 2651 1745 2714 in
1791 2651 2087 2736 partibus
2131 2651 2332 2716 fuisse
2379 2673 2563 2717 usam
2612 2652 3059 2739 Apostolicam
3108 2651 3379 2732 Sedem‚
3426 2648 3792 2716 Bullarium

746 2755 904 2820 satis
953 2752 1380 2819 demonstrat.

969 2857 1053 2922 D.
1148 2857 1551 2940 Dispensatio
1619 2878 1810 2942 super
1876 2857 2122 2941 defectu
2190 2859 2508 2923 natalium
2576 2859 2822 2947 duplex
2891 2861 3025 2943 (vel
3093 2859 3370 2946 triplex,
3445 2858 3498 2921 si
3557 2857 3796 2939 mavis)

744 2961 815 3026 in
867 2962 1020 3046 jure
1084 2962 1395 3025 canonico
1446 2959 1905 3046 distinguitur:
1973 2983 2107 3027 una
2169 2983 2337 3048 quae
2398 2963 2482 3028 ab
2546 2964 2851 3050 episcopo
2917 2965 3170 3049 erogari
3225 2968 3445 3049 potest
3491 2981 3796 3048 quaeque

744 3171 1058 3257 simplex,
1119 3168 1225 3233 cui
1290 3189 1445 3233 cura
1504 3189 1638 3233 non
1698 3169 1998 3234 imminet
2067 3170 2466 3252 animarum,
2535 3172 2744 3259 possit
2810 3173 3140 3255 obtinere3
3205 3170 3414 3236 altera
3473 3189 3641 3257 quae
3704 3168 3789 3233 ad

743 3275 1023 3359 majores
1071 3292 1331 3359 quoque
1380 3272 1640 3336 ordines
1689 3273 2137 3359 suscipiendos
2177 3279 2246 3338 et
2285 3274 2366 3338 ad
2407 3273 2794 3359 dignitates,
2835 3282 3256 3362 personatus,
3299 3275 3428 3339 alia
3468 3271 3790 3339 beneficia

742 3397 900 3441 cura
967 3377 1327 3440 animarum
1398 3377 1751 3460 conjuncta
1818 3377 2172 3463 requiritur
2236 3379 2554 3464 cujusque
2614 3379 2991 3464 largiendae
3056 3381 3317 3444 nonnisi
3365 3378 3793 3465 Apostolicae

743 3479 900 3545 Sedi
937 3479 1213 3543 facultas
1252 3481 1586 3564 competit.
1665 3480 1825 3561 „Ille
1865 3501 2051 3563 vero,
2095 3501 2243 3544 cum
2286 3503 2414 3567 quo
2453 3504 2573 3568 per
2615 3482 2854 3548 Sedem
2897 3483 3313 3571 dispensatur
3357 3482 3664 3565 eandem,
3711 3490 3790 3547 ut

740 3584 1097 3669 praemisso
1145 3602 1279 3646 non
1326 3582 1631 3647 obstante
1681 3582 1942 3649 defectu
1987 3586 2205 3649 valeat
2252 3584 2335 3649 ad
2375 3585 2800 3669 beneficium,
2851 3589 3050 3653 etiam
3083 3588 3136 3651 si
3170 3609 3388 3652 curam
3423 3587 3787 3652 animarum

741 3686 1011 3768 habeat,
1051 3686 1447 3772 promoveri,
1490 3688 1720 3773 nequit
1758 3696 2108 3774 praetextu
2150 3687 2659 3775 dispensationis
2699 3691 3073 3776 hujusmodi
3114 3692 3241 3757 nisi
3284 3692 3548 3756 unicum
3587 3691 3790 3755 bene-

737 3790 958 3855 ficium
1022 3790 1386 3855 obtinere.”
1415 3791 1469 3874 3)
1561 3791 1656 3856 Ut
1708 3793 1908 3877 igitur
1954 3777 2337 3878 illegitimus
2385 3794 2530 3879 quis
2577 3795 2765 3879 plura
2812 3795 3135 3861 beneficia
3180 3802 3405 3880 posset
3452 3795 3787 3879 obtinere,

738 3894 1004 3979 speciali
1050 3914 1213 3979 opus
1261 3899 1402 3958 erat
1448 3892 1964 3981 dispensatione,
2022 3917 2189 3983 quae
2238 3895 2319 3961 ad
2369 3900 2627 3963 tertiam
2676 3900 2960 3985 speciem
3007 3900 3373 3965 revocanda
3414 3898 3696 3963 videtur.

959 3997 1067 4061 Ad
1115 3996 1470 4062 secundam
1517 4019 1671 4083 ergo
1721 4001 2006 4087 speciem
2056 3998 2618 4086 dispensationum
2667 4023 2864 4088 super
2910 4004 3229 4068 natalium
3278 4003 3577 4085 defectu,
3628 4023 3792 4089 quas

733 4101 1098 4166 Bullatium
1162 4107 1458 4166 nostrum
1523 4103 1832 4186 exhibet,
1881 4125 2031 4189 pars
2078 4104 2274 4188 longe
2322 4106 2529 4190 major
2574 4106 2859 4193 respicit.
2958 4107 3087 4181 Qui
3136 4107 3250 4172 tali
3298 4106 3794 4193 dispensatione

732 4204 1096 4290 indiguisse
1173 4206 1485 4290 leguntur
1560 4206 1858 4293 plerique
1934 4212 2089 4271 sunt
2156 4206 2275 4271 filii
2344 4209 2896 4295 presbyterorum.
2999 4211 3102 4276 De
3171 4211 3349 4276 hisce
3419 4232 3612 4298 porro
3675 4212 3796 4296 jus

734 4308 1075 4375 Canonum
1109 4308 1446 4393 speciatim
1480 4314 1692 4391 vetat,
1726 4330 1809 4374 ne
1846 4310 1992 4397 quis
2024 4311 2405 4397 illegitimus
2436 4313 2818 4378 instituatur
2852 4315 2922 4378 in
2954 4315 3272 4381 beneficio
3310 4315 3790 4397 ecclesiastico,

730 4412 800 4475 in
849 4432 979 4497 qua
1021 4410 1401 4476 immediate
1450 4412 1628 4497 prius
1675 4413 2021 4477 institutus
2067 4414 2282 4479 fuerat
2329 4418 2471 4500 eJus
2518 4422 2728 4502 pater.
2804 4418 3074 4484 Etenim
3124 4425 3456 4506 tamquam
3504 4419 3786 4484 abusum

729 4516 1085 4602 pessimum
1140 4515 1655 4596 „successionem
1703 4516 1774 4580 in
1821 4517 2098 4582 ecclesia
2142 4517 2270 4582 Dei
2312 4519 2815 4586 haereditariam
2860 4520 3350 4607 detestatur”4)
3396 4524 3788 4611 Apostolica

732 4616 958 4683 Sedes.
1056 4616 1246 4692 Quod
1307 4618 1377 4681 in
1426 4618 1710 4699 dioecesi
1757 4621 2166 4705 Trajectensi
2211 4622 2554 4688 evidenter
2600 4624 2890 4689 ostendit
2934 4625 3313 4692 Bonifacius
3358 4649 3531 4714 papa
3574 4628 3779 4711 VIII,

728 4721 974 4808 quippe
1045 4722 1157 4806 qui
1224 4721 1583 4786 Wilhelmo
1652 4723 1995 4789 Bertholdi
2065 4725 2371 4812 episcopo
2442 4726 2821 4792 facultatem
2891 4730 3359 4816 impertiverit,
3426 4732 3779 4798 revocandi

728 4824 904 4889 bona
952 4824 1425 4907 ecclesiastica,
1476 4846 1645 4911 quae
1693 4828 2064 4894 sacerdotes
2113 4829 2247 4894 suis
2296 4829 2446 4893 filiis
2494 4830 2882 4918 filiabusque
2923 4834 3293 4920 relinquere
3333 4841 3777 4901 attentassent

728 4931 933 5012 (num.
985 4928 1185 5010 423).
1224 4927 1419 4993 Unde
1467 4929 1581 5015 qui
1625 4931 2155 5017 presbyterorum
2202 4932 2321 4997 filii
2368 4955 2562 5019 super
2610 4933 2872 5000 defectu
2919 4939 3236 5004 natalium
3284 4938 3784 5026 dispensatione

725 5032 1064 5119 pontificia
1108 5031 1234 5096 rite
1282 5032 1693 5117 gaudebant,
1743 5036 2003 5099 nonnisi
2050 5036 2118 5099 in
2167 5036 2323 5120 alia,
2375 5059 2567 5125 quam
2614 5039 2726 5103 ubi
2757 5044 2947 5123 pater
2981 5042 3370 5107 beneficium
3404 5044 3782 5127 obtinebat,

726 5137 1002 5201 ecclesia
1065 5143 1252 5200 erant
1316 5137 1725 5203 instituendi.
1821 5138 2100 5226 Insuper
2157 5161 2239 5204 ne
2287 5142 2355 5204 in
2404 5142 2680 5206 ecclesia
2726 5144 3086 5211 cathedrali
3134 5147 3542 5232 TraJectensi
3590 5168 3791 5212 cano-

886 5446 943 5511 1)
982 5446 1085 5497 Crr.
1122 5445 1168 5497 J.
1204 5447 1261 5497 Ρ.
1298 5447 1473 5497 Arend
1511 5448 1804 5509 Alyemeene
1829 5448 2171 5511 geschiedenis
2204 5450 2291 5499 des
2339 5452 2665 5503 Vaderlands
2700 5454 2766 5504 ΙΙ.
2803 5467 2863 5504 11.
2900 5454 3002 5506 100
3034 5471 3144 5521 seq.

886 5528 943 5590 2)
980 5527 1084 5578 Cfr.
1121 5527 1313 5577 Muller
1346 5528 1419 5578 l.l.
1452 5528 1552 5577 194
1585 5542 1696 5592 seq.

885 5607 942 5672 3)
978 5608 1083 5658 Cfr.
1120 5609 1325 5659 Deci-et.
1359 5608 1508 5674 Greg.
1548 5609 1661 5660 Lib.
1698 5609 1738 5659 I.
1773 5609 1873 5660 Tit.
1909 5608 2076 5661 XVII.
2110 5625 2224 5675 cap.
2258 5612 2324 5663 18
2336 5628 2350 5677 ;
2389 5613 2534 5665 Sexti
2570 5615 2777 5667 Decret.
2815 5617 2925 5668 Lib.
2962 5617 3004 5669 1.
3039 5617 3140 5669 Tit.
3174 5617 3268 5669 xl.
3304 5632 3417 5682 cap.
3450 5617 3500 5668 1.

884 5689 942 5755 4)
978 5689 1182 5741 Decret.
1218 5688 1372 5755 Greg.
1409 5689 1478 5740 1.1.
1515 5704 1661 5753 capp.
1697 5689 1751 5755 7,
1786 5690 1877 5756 11,
1914 5691 1995 5742 16.
