4450 6684
1831 543 2164 609 Unnnms
2210 542 2295 606 V.
3473 542 3595 604 153

534 765 858 831 Johannis
906 765 1197 848 abbatis,
1256 765 1369 850 qui
1418 773 1610 830 extra
1655 765 2021 829 Romanam
2070 764 2317 828 curiam
2364 761 2538 826 diem
2587 760 2823 826 clausit
2870 766 3275 842 extremum,
3335 760 3594 825 abbatis

531 873 848 958 regimine
913 871 1271 953 destituto,
1338 871 1561 937 dilecti
1609 871 1726 936 filii
1775 877 2140 936 conventus
2188 870 2347 934 dicti
2398 869 2813 952 monasterii,
2881 869 3257 953 hujusmodi
3304 891 3593 935 reserva-

530 982 736 1047 cionis
783 989 853 1045 et
898 980 1147 1045 decreti
1195 980 1414 1044 forsan
1462 980 1702 1065 ignari,
1728 983 1818 1043 'te
1866 978 2255 1043 canonicum
2290 978 2337 1060 ¹)
2386 976 2543 1041 dicti
2585 977 2993 1058 monasterii,
3037 976 3330 1042 ordinem
3371 979 3588 1064 ipsum

532 1108 842 1173 expresse
901 1088 1264 1173 professum
1312 1093 1380 1152 et
1426 1087 1494 1151 in
1543 1086 1914 1150 sacerdocio
1964 1087 2435 1166 constitutum,
2497 1084 2567 1148 in
2617 1105 2842 1149 eorum
2890 1091 2959 1149 et
3007 1084 3163 1148 dicti
3214 1084 3593 1150 monasterii

531 1194 835 1259 abbatem
908 1194 1061 1258 licet
1130 1193 1213 1257 de
1284 1193 1458 1257 facto
1527 1192 1938 1257 concorditer
2001 1193 2378 1278 elegerunt,
2446 1198 2649 1278 tuque
2714 1193 3182 1257 reservacionis
3229 1200 3297 1256 et
3345 1191 3591 1257 decreti

530 1301 969 1389 predictorum
1035 1301 1335 1365 similiter
1399 1301 1680 1381 inscius,
1746 1300 2055 1365 electioni
2121 1300 2498 1385 hujusmodi
2555 1298 2636 1364 de
2687 1307 2751 1363 te
2799 1299 3008 1376 facte,
3056 1300 3231 1364 illius
3281 1300 3399 1363 tibi
3448 1322 3593 1387 pre·

531 1415 789 1474 sentato
838 1408 1131 1490 decreto,
1181 1408 1634 1487 consenciens,
1685 1427 1828 1470 eam
1877 1428 1995 1493 per
2042 1405 2352 1471 dilectum
2402 1407 2608 1471 filium
2656 1407 3029 1472 Johannem
3077 1408 3384 1472 abbatem
3429 1407 3594 1472 Ber-

533 1537 803 1581 nensem
865 1517 1221 1580 habentem
1284 1535 1501 1599 super·
1540 1514 1665 1578 hoc
1732 1535 1771 1578 a
1834 1513 2074 1578 dilecto
2138 1514 2273 1578 filio
2338 1514 2643 1579 Johanne
2709 1515 2947 1579 abbate
3007 1515 3417 1600 Onyssiensis
3465 1537 3599 1581 mo-

534 1624 969 1687 nasteriorum
1015 1619 1313 1705 ejusdem
1347 1620 1593 1685 ordinis
1625 1619 2086 1685 Laudunensis
2120 1620 2399 1686 diocesis
2420 1670 2437 1702 ,
2489 1621 3016 1686 administratore
3048 1623 3116 1685 in
3150 1623 3599 1707 spiritualibus

534 1729 913 1794 monasterii
962 1728 1169 1792 sancti
1218 1727 1484 1791 Martini
1535 1727 1997 1791 Laudunensis
2048 1727 2202 1791 dicti
2255 1727 2501 1792 ordinis
2549 1730 2939 1793 auctoritate
2988 1731 3346 1815 apostolica
3394 1731 3596 1816 depu-

539 1845 699 1916 tato,
733 1835 1249 1901 reservacionem
1285 1839 1354 1898 et
1385 1833 1723 1898 decretum
1755 1834 2130 1918 hujusmodi
2168 1835 2552 1921 simpliciter
2583 1836 2956 1918 ignorante,
2992 1858 3136 1900 cum
3172 1837 3255 1901 ad
3289 1838 3594 1902 abbatem

528 1944 681 2009 dicti
735 1944 941 2009 sancti
989 1942 1257 2007 Martini
1307 1961 1423 2026 pro
1474 1946 1765 2026 tempore
1816 1942 2251 2022 existentem,
2304 1942 2416 2027 qui
2466 1949 2654 2028 pater
2700 1943 2901 2007 abbas
2949 1943 3105 2008 dicti
3136 1944 3363 2009 Insule
3397 1946 3592 2011 beate

526 2051 733 2116 Marie
781 2048 1324 2114 monasteriorum
1375 2049 1640 2129 existit,
1709 2047 2126 2113 confirmacio
2175 2049 2519 2112 electionis
2568 2049 2823 2113 abbatis
2874 2048 3169 2133 ejusdem
3219 2052 3594 2116 monasterii

525 2158 750 2222 Insule
814 2157 1008 2221 beate
1073 2154 1282 2219 Marie
1347 2160 1482 2218 tam
1545 2175 1630 2218 ex
1693 2153 2016 2217 institutis
2081 2153 2240 2218 dicti
2310 2154 2555 2218 ordinis
2604 2176 2720 2240 per
2767 2154 2989 2221 sedem
3036 2158 3462 2242 apostolicam
3509 2180 3595 2223 ex

522 2273 703 2329 certa
775 2263 1049 2328 scientia
1120 2260 1515 2325 confirmatis
1587 2282 1783 2346 quam
1854 2260 2060 2324 eciam
2125 2260 2207 2325 de
2274 2262 2543 2346 antiqua
2606 2269 2675 2326 et
2736 2263 3098 2348 approbata
3153 2268 3222 2328 et
3269 2264 3587 2329 hactenus

534 2370 803 2457 pacifice
873 2369 1218 2434 observata
1281 2366 1755 2431 consuetudine
1821 2367 2184 2452 pertineat,
2253 2368 2599 2431 obtinuisti
2663 2368 3028 2433 confirmari
3080 2377 3147 2434 et
3195 2370 3431 2436 deinde
3478 2393 3596 2459 per

524 2475 969 2541 venerabilem
1000 2474 1265 2538 fratrem
1301 2479 1596 2536 nostrum
1628 2472 2028 2537 Folkardum
2063 2474 2442 2559 episcopum
2477 2473 2997 2554 Gibeletensem‚
3047 2476 3358 2539 vicarium
3394 2498 3592 2561 gene-

530 2585 731 2649 ralem
794 2584 863 2647 in
927 2581 1372 2668 spiritualibus
1437 2579 1827 2644 venerabilis
1876 2579 2094 2643 fratris
2143 2580 2346 2643 nostri
2399 2579 2721 2644 Johannis
2769 2581 3059 2666 episcopi
3105 2582 3584 2665 Trajectensis,

517 2691 875 2755 habentem
938 2708 1134 2773 super
1195 2687 1321 2750 hoc
1368 2686 1450 2749 ab
1500 2685 1732 2750 eodem
1779 2685 2088 2750 Johanne
2137 2686 2444 2771 episcopo
2497 2687 2845 2771 specialem
2891 2694 3321 2773 potestatem,
3381 2691 3586 2754 eciam

523 2795 1039 2860 reservacionem
1088 2798 1156 2857 et
1204 2791 1539 2857 decretum
1588 2790 1882 2876 predicta
1921 2792 2269 2877 ignorante
2304 2793 2423 2856 tibi
2459 2793 2800 2856 obtinuisti
2833 2814 3070 2857 munus
3103 2793 3582 2859 benedictionis

525 2899 816 2986 impendi
863 2919 938 2964 ao
987 2897 1540 2963 administracioni
1590 2898 1910 2962 bonorum
1959 2898 2117 2962 dicti
2166 2899 2543 2962 monasterii
2591 2904 2656 2962 te
2703 2899 2773 2962 in
2821 2901 3269 2986 spiritualibus
3316 2908 3385 2966 et
3427 2908 3589 2967 tem-

530 3005 901 3092 poralibus,
950 3004 1110 3069 alias
1161 3010 1382 3068 tamen
1430 3002 1554 3067 rite
1601 3002 1954 3087 ingessisti.
2028 3002 2116 3068 Et
2164 3002 2467 3083 demum,
2517 3005 2968 3070 reservacione
3015 3013 3083 3070 et
3132 3005 3396 3071 decreto
3444 3029 3590 3094 pre·

528 3110 720 3176 dictis
767 3109 849 3175 ad
900 3117 1079 3175 tuam
1130 3109 1428 3174 deductis
1477 3109 1823 3190 noticiam,
1872 3108 2189 3195 premissa
2238 3109 2455 3173 omnia
2501 3112 2776 3196 proponi
2824 3111 3037 3176 fecisti
3083 3113 3153 3177 in
3201 3115 3584 3178 consistorio

527 3239 745 3283 coram
807 3218 1020 3282 nobis.
1111 3217 1250 3282 Nos
1311 3217 1546 3302 igitur,
1610 3216 2003 3280 electionem
2055 3221 2124 3280 et
2171 3216 2740 3282 confirmacionem
2787 3217 3115 3304 predictas
3162 3226 3395 3306 utpote
3441 3227 3594 3307 post

528 3334 597 3391 et
645 3332 873 3391 contra
920 3325 1437 3390 reservacionem
1489 3330 1558 3388 et
1605 3324 1939 3388 decretum
1975 3322 2352 3408 huiusmodi
2386 3322 2468 3387 de
2501 3324 2704 3402 facto,
2749 3331 2823 3389 ut
2856 3328 3276 3411 premittitur,
3311 3334 3591 3412 attemp-

530 3439 738 3513 tatas,
810 3438 1006 3518 prout
1075 3438 1298 3512 erant,
1369 3431 1586 3494 irritas
1658 3436 1727 3494 et
1792 3432 2026 3494 inanes
2090 3435 2474 3516 reputantes
2538 3451 2612 3494 ac
2674 3430 2756 3494 ad
2805 3432 3244 3516 provisionem
3292 3431 3590 3517 ejusdem

532 3540 913 3604 monasterii
957 3539 1182 3603 Insule
1231 3538 1424 3603 beate
1471 3537 1678 3602 Marie
1726 3537 2006 3602 celerem
2055 3543 2123 3601 et
2162 3536 2453 3616 felicem,
2502 3535 2584 3601 de
2627 3558 2756 3622 qua
2795 3538 3013 3601 nullus
3054 3544 3274 3625 preter
3312 3559 3432 3603 nos
3472 3538 3594 3601 hac

532 3646 673 3710 vice
737 3667 807 3710 se
869 3645 1305 3709 intromittere
1353 3644 1571 3730 potuit
1617 3663 1830 3729 neque
1878 3648 2131 3728 potest,
2189 3644 2644 3708 reservacione
2691 3650 2760 3707 et
2808 3642 3071 3708 decreto
3120 3644 3594 3709 obsistentibus

526 3750 950 3837 supradictis,
1014 3773 1098 3816 ne
1161 3751 1629 3814 monasterium
1694 3749 1907 3835 ipsum
1968 3749 2166 3833 longe
2216 3748 2584 3813 vacacionis
2632 3755 3074 3835 exponeretur
3120 3748 3587 3829 incommodis,

525 3859 816 3945 paternis
865 3865 933 3922 et
973 3858 1269 3922 sollicitis
1302 3856 1534 3921 studiis
1566 3856 2018 3938 intendentes,
2054 3861 2202 3942 post
2236 3854 2813 3935 deliberacionem,
2849 3876 3045 3941 quam
3077 3854 3158 3920 de
3191 3854 3592 3941 preficiendo

534 3964 745 4029 eidem
809 3964 1206 4029 monasterio
1270 3963 1493 4027 Insule
1555 3963 1749 4027 beate
1813 3962 2019 4026 Marie
2084 3983 2430 4049 personam
2495 3962 2724 4026 utilem
2788 3967 2855 4024 et
2925 3962 3130 4025 eciam
3193 3961 3595 4025 fructuosam

529 4089 676 4133 cum
725 4070 1033 4134 fratribus
1081 4071 1320 4148 nostris
1368 4069 1714 4133 habuimus
1763 4069 2181 4153 diligentem,
2234 4067 2495 4132 demum
2532 4066 2616 4132 ad
2649 4073 2745 4149 te,
2796 4069 2900 4132 cui
2936 4066 3017 4132 de
3051 4068 3382 4153 religionis
3414 4068 3594 4150 zelo,
3655 4079 3658 4080 ’

529 4173 891 4239 litterarum
964 4175 1274 4257 scientia,
1344 4176 1480 4240 vite
1543 4195 1618 4238 ac
1680 4196 1934 4238 morum
1996 4174 2346 4239 honestate
2412 4173 2687 4259 aliisque
2751 4173 3210 4260 multiplicium
3273 4174 3591 4237 virtutum

527 4281 776 4344 meritis
839 4281 1012 4367 apud
1076 4303 1196 4346 nos
1258 4280 1590 4366 fidedigna
1635 4282 2013 4346 testimonia
2060 4281 2531 4366 perhibentur,
2597 4279 2957 4345 direximus
3004 4282 3317 4345 intuitum
3368 4286 3589 4344 nostre

527 4387 803 4469 mentis3
867 4388 1103 4473 quibus
1167 4388 1466 4451 omnibus
1532 4387 1756 4452 debita
1820 4387 2256 4452 meditacione
2321 4387 2650 4472 pensatis,
2716 4385 2797 4451 de
2844 4408 3125 4473 persona
3173 4393 3290 4451 tua
3336 4386 3589 4472 prefato

528 4494 926 4556 monasterio
974 4493 1199 4557 Insule
1250 4493 1442 4558 beate
1489 4493 1695 4558 Marie
1744 4493 1826 4558 de
1876 4492 2201 4558 dictorum
2252 4493 2527 4557 fratrum
2575 4493 2846 4557 consilio
2897 4494 3288 4556 auctoritate
3338 4499 3597 4578 aposto-

536 4597 659 4662 lica
719 4597 1140 4684 providemus
1202 4605 1400 4686 teque
1461 4599 1556 4663 illi
1620 4599 1993 4687 preficimus
2042 4600 2107 4662 in
2157 4599 2503 4680 abbatem,
2571 4618 2790 4662 curam
2840 4603 2908 4661 et
2956 4595 3595 4661 administracionem

532 4704 739 4790 ipsius
786 4706 1163 4770 monasterii
1213 4706 1331 4770 tibi
1378 4706 1448 4770 in
1495 4706 1945 4793 spiritualibus
1995 4713 2062 4771 et
2111 4705 2582 4790 temporalibus
2636 4703 2926 4789 plenarie
2975 4702 3480 4784 committendo,
3528 4711 3597 4767 et

534 4809 995 4874 nichilominus
1058 4833 1294 4876 munus
1357 4812 1840 4876 benedictionis
1907 4813 2063 4894 tibi,
2113 4819 2189 4877 ut
2237 4812 2601 4898 prefertur,
2661 4812 3027 4896 impensum
3078 4817 3145 4873 et
3192 4830 3319 4894 que
3368 4829 3484 4895 per
3529 4815 3595 4872 te

537 4916 706 4981 circa
778 4916 1416 4982 administracionem
1489 4917 1867 5003 hujusmodi
1940 4920 2099 4982 alias
2163 4926 2386 4983 tamen
2449 4919 2577 4982 rite
2640 4923 2826 5003 gesta
2887 4922 3042 4980 sunt
3087 4915 3484 4980 ratificamus
3531 4921 3599 4979 et

529 5021 734 5085 eciam
800 5022 1269 5107 approbamus,
1331 5024 1395 5087 in
1462 5025 1613 5105 illo,
1676 5025 1788 5110 qui
1844 5024 1965 5106 dat
2031 5025 2283 5110 gracias
2347 5031 2415 5088 et
2476 5024 2753 5109 largitur
2814 5022 3093 5108 premia,
3142 5019 3588 5104 confidentes,

531 5128 704 5213 quod
769 5130 980 5216 ipsum
1046 5132 1510 5196 monasterium
1575 5132 1799 5196 Insule
1866 5132 2059 5196 beate
2123 5132 2330 5196 Marie
2396 5132 2517 5195 sub
2575 5137 2690 5194 tuo
2738 5129 2910 5193 felici
2958 5127 3312 5212 regimine,
3377 5126 3620 5211 gracia'

538 5235 659 5299 tibi
707 5237 1059 5301 assistente
1107 5238 1359 5320 divina,
1409 5244 1597 5323 grata
1643 5239 1956 5324 suscipiet
2002 5240 2427 5303 incrementa.
2522 5236 2845 5313 Quocirca
2890 5234 3274 5298 discrecioni
3321 5239 3434 5297 tue
3480 5253 3598 5319 per

533 5342 894 5427 apostolica
961 5344 1203 5429 scripta
1270 5343 1690 5425 mandamus,
1763 5346 2074 5430 quatinus
2140 5365 2305 5408 onus
2354 5343 2687 5429 regiminis
2738 5342 2894 5405 dicti
2941 5340 3319 5404 monasterii
3364 5339 3589 5403 Insule

539 5446 734 5511 beate
780 5448 986 5514 Marie
1035 5448 1272 5515 devote
1319 5451 1717 5536 suscipiens,
1775 5450 1867 5514 sic
1918 5458 1984 5514 te
2029 5451 2100 5514 in
2146 5450 2353 5536 ipsius
2400 5469 2556 5513 cura
2601 5447 2948 5511 salubriter
2994 5441 3365 5509 exercenda
3410 5443 3593 5506 exhi-

537 5551 697 5616 beas
747 5553 1141 5637 studiosum,
1190 5554 1363 5640 quod
1412 5576 1530 5640 per
1575 5554 1923 5619 laudabilis
1972 5562 2085 5618 tue
2134 5554 2476 5640 diligentie
2525 5552 2810 5618 studium
2860 5548 3281 5635 gubernatori
3319 5545 3592 5633 provido

528 5663 598 5722 et
658 5658 992 5724 fructuoso
1053 5659 1563 5725 administratori
1627 5660 1913 5746 gaudeat
1970 5682 2041 5725 se
2089 5661 2542 5756 commissum,
2611 5664 2813 5744 tuque
2859 5664 3081 5743 preter
3128 5660 3354 5718 eterne
3403 5653 3586 5716 retri-

749 5791 837 5853 11.
1774 5777 1787 5789 '
3294 5790 3372 5845 20
