4450 6684
894 459 1024 522 150
2191 456 2526 524 Usamus
2577 458 2658 524 V.

1111 678 1387 744 Dilectia
1433 677 1585 742 filiis
1622 677 1834 743 sancti
1864 676 2057 743 Pauli
2090 677 2536 763 TraJectensis
2568 685 2636 744 et
2668 678 3002 745 Oesbroch
3036 681 3189 764 (sic)
3220 688 3411 746 extra
3441 702 3662 747 muros
3693 682 3950 767 Trajec·

883 785 1089 850 tensis
1128 805 1203 849 ae
1234 784 1743 870 Dickeninghen
1774 784 2217 870 TraJectensis
2254 785 2531 850 diocesis
2563 786 3110 852 monasteriorum
3142 786 3492 852 abbatibus
3525 790 3807 854 salutem
3836 797 3942 852 etc.

1104 890 1507 956 Litterarum
1553 890 1846 956 seientia.
1874 938 1889 953 .
1922 939 1937 953 .
1964 937 1980 953 .
2032 889 2185 955 Dat.
2233 890 2604 974 Avinione,
2655 892 2785 957 XV
2833 891 2944 957 Kl.
2995 892 3333 972 Januarii,
3386 914 3560 958 anno
3608 901 3862 981 quarto.

1300 1026 1428 1089 Ray.
1464 1027 1562 1076 Αυ.
1604 1022 1665 1076 T.
1700 1024 1790 1089 14,
1816 1028 1875 1090 s.
1912 1025 2052 1076 5000.

1032 1152 1090 1215 1)
1135 1152 1487 1203 Probabiliter
1532 1152 1687 1218 Wey,
1731 1152 1885 1217 cujus
1920 1152 2156 1202 nominis
2189 1152 2318 1201 olim
2354 1167 2519 1218 pagus
2555 1153 2770 1217 quidam
2806 1152 3050 1202 exstabat
3084 1153 3141 1201 in
3181 1152 3456 1203 Hollandia
3493 1154 3847 1216 meridionali,
3891 1157 3989 1206 nisi

865 1235 1002 1285 forte
1036 1235 1444 1301 intelligendum
1479 1236 1573 1287 sit:
1613 1236 1805 1303 Wyhe,
1845 1250 2012 1302 pagus
2048 1236 2104 1285 in
2145 1233 2566 1285 Transisulania.

2104 1497 2464 1504 -—-—--—-—
2567 1499 2684 1504 ———

875 1704 1063 1773 1816.
1833 1707 2044 1786 1366,
2092 1704 2413 1769 Januarii
2458 1707 2576 1787 20,
2629 1707 2990 1769 Avenionis.

1185 1861 1384 1925 Petro
1431 1861 1714 1944 episcopo
1765 1858 2238 1941 Cameracensi,
2295 1860 2679 1943 apostolicae
2723 1858 2887 1923 sedis
2934 1862 3202 1942 nuncia,
3251 1862 3367 1945 qui
3410 1865 3728 1946 neqotium
3763 1864 3943 1947 pacis

1095 1969 1263 2031 inter
1330 1965 1726 2029 Ludovicum
1795 1963 2157 2030 Flandriae
2218 1972 2279 2028 et
2341 1964 2680 2029 Albertum
2747 1963 3132 2029 Hannoniae
3194 1970 3443 2031 comites
3499 1969 3940 2049 reformandae

1093 2071 1337 2135 dudum
1398 2071 1519 2135 sibi
1584 2073 1976 2135 commissum
2002 2071 2056 2154 1)
2116 2069 2399 2134 nondum
2455 2070 2756 2134 deducere
2791 2073 3012 2155 potuit
3057 2070 3144 2134 ad
3190 2071 3514 2156 effectum,
3563 2074 3934 2158 mandatur,

1093 2184 1169 2241 ut
1213 2178 1391 2262 apud
1436 2179 1675 2242 eosdem
1720 2179 1969 2242 comites
2004 2196 2132 2261 pro
2181 2177 2371 2239 celeri
2415 2184 2475 2240 et
2519 2176 2698 2258 felici
2733 2179 2917 2261 pacis
2956 2177 3181 2259 effectu
3219 2179 3502 2242 studium
3541 2184 3941 2245 continuatae

1092 2282 1458 2367 diliqentiae
1501 2282 1815 2347 adhibeat.

1094 2464 1405 2540 Quamvis
1452 2464 1916 2530 audiverimus.
1945 2512 1960 2527 .
1989 2513 2003 2527 .
2033 2512 2049 2528 .
2098 2464 2252 2530 Dat.
2288 2464 2650 2546 Avinione‚
2701 2463 2876 2527 XIII
2907 2463 3018 2527 Kl.
3053 2464 3423 2549 Februarii,
3473 2487 3648 2532 anno
3681 2474 3931 2553 quarto.

1287 2601 1412 2664 περ.
1448 2603 1549 2650 Ao.
1591 2603 1644 2650 T.
1680 2601 1804 2662 2⁴8,
1831 2602 1893 2665 s.
1927 2600 2036 2651 sn.

1022 2726 1080 2790 1)
1116 2726 1221 2777 Cfr.
1256 2742 1419 2791 supra
1456 2742 1604 2778 num.
1642 2725 1791 2777 1786.

2102 2940 2608 2950 ——.-—-———-

863 3147 1041 3216 1817.
1815 3152 2029 3231 1366,
2075 3147 2397 3212 Januarii
2442 3146 2561 3228 29,
2609 3146 2979 3210 Avenionis.

1175 3304 1375 3369 Petro
1420 3303 1650 3369 Jacobi
1685 3303 1997 3368 sacerdoti
2034 3309 2097 3367 et
2130 3304 2201 3366 in
2230 3303 2391 3384 jure
2422 3303 2723 3365 canonico
2755 3299 3039 3364 scholari
3068 3301 3492 3383 conferuntur
3526 3302 3942 3365 canonicatus

1085 3416 1145 3473 et
1176 3410 1545 3494 praebenda
1592 3412 1662 3474 in
1707 3411 1963 3474 ecclesia
2013 3408 2079 3472 S.
2129 3407 2494 3487 Johannis,
2559 3413 2853 3470 vacantes
2886 3427 3014 3490 per
3059 3406 3296 3471 obitum
3343 3406 3534 3470 Petri
3580 3406 3658 3470 de
3703 3405 3940 3470 Sancto

1087 3515 1399 3580 Michaele
1462 3518 1530 3580 in
1599 3518 1783 3579 curia
1850 3515 2180 3597 defuncti;
2250 3534 2413 3598 quas
2475 3520 2685 3577 autem
2751 3533 2892 3575 cum
2953 3519 3276 3576 assecutus
3328 3512 3569 3593 fuerit,
3633 3513 3940 3575 vicariam

1082 3629 1374 3686 curatam
1430 3622 1718 3686 ecclesiae
1752 3621 2155 3707 parochialis
2201 3619 2278 3682 de
2329 3617 2730 3700 Oudelwrlw,
2794 3619 3232 3683 canonicatum
3266 3616 3820 3703 praebendamque
3863 3617 3934 3679 in

1083 3727 1602 3809 Amersfordensi
1646 3735 1707 3792 et
1751 3730 1961 3793 altare
2006 3726 2062 3791 b.
2112 3725 2371 3790 Mariae
2413 3733 2473 3788 et
2506 3725 2573 3788 S.
2615 3723 2892 3788 Martini
2919 3726 3109 3788 situm
3143 3726 3214 3787 in
3252 3723 3642 3807 Trajectensi
3667 3724 3937 3788 ecclesiis

1079 3838 1327 3899 omnino
1372 3834 1675 3899 dimittat.
1727 3872 1808 3882 —
1858 3832 2276 3918 Deputantur
2317 3839 2695 3911 executores,
2740 3832 2906 3895 inter
2938 3850 3094 3915 quos
3127 3828 3410 3895 Michael
3439 3828 3716 3895 Moliart
3745 3849 3930 3894 cano·

1081 3943 1259 4005 nicus
1314 3940 1498 4024 Traj.

1080 4124 1238 4189 Vite
1285 4129 1352 4188 et
1398 4142 1672 4186 morum.
1700 4168 1716 4184 .
1750 4167 1761 4181 .
1791 4168 1805 4184 .
1855 4119 2009 4184 Dat.
2058 4118 2427 4199 Avinione,
2478 4114 2622 4179 IIII
2669 4113 2779 4179 Kl.
2829 4112 3211 4196 Februarii,
3260 4133 3434 4178 anno
3481 4120 3738 4199 quarto.

1272 4257 1400 4320 περ.
1435 4257 1533 4306 Aa.
1576 4257 1629 4305 T.
1663 4255 1754 4318 13,
1778 4256 1840 4318 s.
1875 4253 2014 4304 3590.

855 4727 1040 4795 1818.
1874 4726 2090 4805 1366,
2139 4722 2376 4786 Martii
2420 4724 2493 4803 9,
2544 4720 2908 4783 Avenionis.

1178 4882 1369 4946 Petro
1438 4881 1721 4964 episcopo
1795 4879 2230 4942 Cameracensi
2301 4876 2463 4939 hisce
2532 4877 2817 4938 inclusae
2889 4875 3110 4939 literae
3168 4880 3489 4959 sequentes
3553 4875 3929 4954 mittuntur,

1083 5007 1244 5072 quas
1306 4985 1651 5066 nobilibus,
1715 4984 1802 5048 ad
1864 5004 2020 5069 quos
2083 4982 2359 5046 directae
2419 4987 2604 5061 sunt,
2656 4987 3020 5065 praesentet
3081 5000 3191 5043 seu
3236 4980 3648 5064 praesentari
3689 4980 3923 5061 faciat,

1080 5092 1397 5177 eidemque
1442 5090 1809 5173 mandatur,
1859 5096 1932 5153 ut
1968 5090 2155 5174 pacis
2197 5085 2648 5169 reformandae
2688 5089 3004 5171 neqotium
3038 5093 3279 5171 quanto
3310 5086 3655 5150 instantius
3685 5085 3930 5170 poterit

1066 5206 1524 5285 prosequatur.

1081 5380 1427 5461 Dolemus,
1471 5376 1868 5443 venerabilis
1900 5378 2121 5441 frater.
2145 5423 2161 5439 .
2184 5424 2198 5439 .
2221 5424 2237 5439 .
2288 5375 2440 5441 Dat.
2472 5376 2836 5458 Avinione,
2873 5375 3009 5441 VII
3041 5376 3139 5440 Id.
3173 5375 3433 5458 Marcii,
3466 5395 3637 5439 anno
3670 5379 3926 5460 quarto.

1270 5516 1394 5578 209.
1442 5516 1560 5565 γαί.
1605 5516 1659 5563 Τ.
1694 5512 1819 5577 248,
1844 5514 1905 5577 s.
1940 5511 2021 5562 63.
