4450 6684
839 516 924 583 12

837 732 1029 802 1252.

841 2096 1034 2166 1253.

2117 510 2435 575 Chunus
2490 508 2613 575 VI.

1862 735 2072 816 1348,
2119 733 2315 798 Junii
2358 735 2477 815 27,
2525 731 2889 797 Avenionis.

1154 887 1596 972 (Enqelberto)
1642 888 1927 971 episcopo
1973 885 2309 951 Leodiensi
2356 889 2789 970 committitur,
2836 894 2909 951 ut
2955 887 3042 951 ad
3086 886 3435 951 sedandum
3480 885 3910 967 dimicationes

1062 992 1582 1072 mortalissimas,
1629 993 1743 1076 qui
1787 990 1902 1054 diu
1952 994 2115 1055 inter
2162 992 2446 1076 ipsorum
2479 993 2920 1077 proqenitores
2966 993 3332 1077 viguerunt,
3381 1012 3522 1055 cum
3583 989 3902 1055 Willelmo

1060 1098 1312 1163 domino
1375 1097 1451 1161 de
1512 1096 1771 1162 Hoerne
1831 1105 1893 1161 et
1954 1097 2254 1162 Mattildi
2314 1105 2473 1162 nata
2534 1098 2859 1163 Johannis
2920 1097 3161 1162 domini
3222 1098 3299 1161 de
3353 1097 3564 1162 Arkel
3609 1096 3802 1162 Leod.
3851 1103 3910 1160 et

1070 1203 1252 1288 Traj.
1317 1204 1506 1268 dioec.
1568 1203 1911 1288 dispenset,
1980 1212 2292 1288 quatenus
2356 1224 2484 1268 non
2528 1203 2809 1269 obstante
2852 1204 3291 1289 impedimento
3338 1203 3906 1289 consanquinitatis

1066 1313 1138 1376 in
1185 1318 1418 1398 quarto
1459 1310 1677 1397 qradu
1720 1312 2196 1375 matrimonium
2243 1313 2409 1374 inter
2453 1330 2518 1374 se
2561 1310 2931 1375 contrahere
2974 1312 3249 1407 valeant.

1062 1495 1311 1562 Petitio
1358 1516 1476 1582 pro
1524 1499 1733 1581 parte.
1762 1541 1779 1559 .
1809 1541 1825 1558 .
1852 1540 1868 1558 .
1927 1493 2082 1558 Dat.
2130 1492 2503 1576 Avinione,
2552 1492 2616 1557 V
2661 1491 2774 1558 Kl.
2824 1492 3022 1577 Julii,
3072 1513 3245 1558 anno
3293 1493 3592 1579 septimO.

1260 1630 1382 1693 Ray.
1422 1630 1519 1680 Ao.
1562 1631 1617 1679 T.
1651 1626 1745 1691 46,
1771 1630 1833 1693 s.
1867 1627 1973 1678 83¹⁹.

1873 2099 2075 2179 1348,
2123 2096 2300 2161 Julii
2344 2097 2465 2179 11,
2510 2096 2877 2162 Avenionis.

1155 2250 1510 2335 (Johanni)
1572 2253 1855 2336 episcopo
1925 2250 2107 2333 Traj.
2173 2253 2617 2334 committitur,
2690 2258 2763 2315 ut
2824 2271 2964 2315 cum
3027 2248 3357 2336 Wiqbokto
3419 2248 3786 2315 Hermanni
3851 2256 3911 2312 et

1066 2357 1223 2422 Inta
1251 2358 1302 2440 l)
1364 2364 1522 2421 nata
1581 2357 1838 2422 Alberti
1897 2356 1973 2421 de
2036 2357 2326 2422 Gherner
2385 2357 2695 2422 nobilibus
2754 2378 2906 2421 suae
2961 2357 3151 2422 dioec.
3197 2356 3546 2441 dispenset,
3595 2363 3906 2442 quatenus

1068 2486 1196 2528 non
1256 2463 1536 2528 obstante
1582 2464 2020 2549 impedimento
2065 2463 2416 2546 affinitatis
2462 2466 2531 2528 in
2578 2471 2811 2550 quarto
2851 2464 3069 2550 qradu
3114 2465 3590 2528 matrimonium
3637 2464 3802 2527 inter
3846 2482 3911 2525 se

1067 2569 1437 2635 contrahere
1481 2571 1757 2634 valeant.

1068 2751 1391 2818 Exhibita
1436 2752 1648 2819 nobis.
1676 2798 1692 2816 .
1722 2798 1738 2816 .
1766 2799 1783 2816 .
1832 2752 1988 2817 Dat.
2038 2751 2412 2835 Avinione,
2458 2752 2521 2819 V
2567 2751 2668 2818 Id.
2715 2752 2759 2818 J
2764 2754 2916 2838 ulii,
2965 2774 3141 2820 anno
3188 2753 3494 2842 septimo.

1259 2886 1383 2948 περ.
1420 2888 1519 2937 Aa.
1565 2889 1619 2936 T.
1655 2886 1748 2950 45,
1773 2888 1834 2952 s.
1870 2886 1983 2937 192.

998 3031 1058 3096 1)
1094 3031 1215 3082 Vel:
1254 3032 1419 3084 Juta‘t

1872 3410 2092 3493 1348,
2137 3410 2316 3475 Julii
2360 3414 2485 3495 16,
2533 3413 2898 3476 AvenioniS.

1174 3560 1496 3626 Cristiano
1560 3561 1636 3625 de
1698 3562 1845 3627 Elst
1908 3568 2214 3650 maqistro
2279 3568 2350 3629 in
2396 3566 2676 3648 artibus,
2740 3567 2856 3650 qui
2906 3586 2984 3647 ‚a
3030 3562 3379 3631 duodecim
3425 3563 3615 3629 annis
3662 3561 3925 3627 circiter

1074 3673 1144 3731 et
1208 3667 1410 3732 etiam
1470 3689 1587 3754 per
1653 3668 1906 3756 aliquos
1970 3692 2178 3737 annos
2238 3672 2508 3737 Parisiis
2570 3677 2638 3736 et
2695 3672 2764 3735 in
2827 3672 3130 3737 Romana
3195 3671 3376 3736 curia
3433 3670 3506 3734 in
3552 3668 3925 3754 theologica

1075 3771 1435 3839 facultat0''
1498 3775 1784 3860 studuit,
1843 3778 2266 3860 conferuntur
2311 3780 2723 3843 canonicatus
2768 3785 2828 3841 et
2861 3777 3231 3862 praebenda
3276 3779 3346 3842 in
3392 3777 3647 3842 ecclesia
3695 3775 3766 3840 S.
3812 3775 3930 3840 Jo-

1076 3879 1309 3944 hannis
1364 3878 1579 3964 Traj.‚
1628 3889 1921 3948 vacantes
1957 3906 2083 3969 per
2131 3884 2364 3948 obitum
2411 3884 2666 3949 Alberti
2711 3883 2869 3948 dicti
2915 3882 3152 3967 Hovel‚
3200 3883 3379 3968 apud
3423 3881 3628 3947 sedem
3674 3888 3924 3968 aposto-

1082 3987 1269 4050 licam
1314 3985 1620 4069 defuncti.
1672 4023 1756 4036 —
1803 3988 2223 4075 Deputantur
2269 3999 2637 4055 executores.

1073 4168 1480 4235 Litterarum
1528 4171 1824 4236 scientia.
1855 4219 1872 4236 .
1902 4219 1918 4237 .
1948 4220 1963 4235 .
2015 4173 2169 4237 Dat.
2216 4173 2581 4257 Avinione‚
2629 4173 2833 4239 XVII
2878 4173 2989 4239 Kl.
3036 4172 3356 4259 Augusti,
3409 4191 3582 4236 auno
3621 4172 3924 4259 septimo.

1273 4304 1401 4366 neq.
1436 4305 1536 4353 Λυ.
1580 4306 1637 4355 T.
1672 4304 1761 4368 48,
1788 4305 1847 4371 s.
1882 4305 1988 4357 190.

1887 4780 2101 4862 1348,
2145 4780 2324 4845 Julii
2366 4781 2484 4863 21,
2532 4781 2897 4846 Avenionis.

1190 4927 1530 4994 Wilhelmo
1576 4931 1746 4995 dicto
1792 4932 2001 4998 Hovel
2045 4934 2121 4998 de
2168 4933 2390 4999 Zande
2434 4936 2855 5018 conferuntur
2899 4937 3305 5000 canonicatus
3351 4942 3410 4999 et
3442 4934 3816 5020 praebenda
3865 4936 3932 4998 in

1086 5037 1342 5100 ecclesia
1388 5035 1809 5121 Embricensi,
1857 5047 2147 5104 vacantes
2181 5061 2307 5126 per
2352 5040 2586 5106 obitum
2632 5041 2888 5105 Alberti
2931 5041 3088 5106 dicti
3125 5040 3353 5106 Hovel.
3394 5077 3477 5089 -
3511 5040 3933 5126 Deputantur

1079 5149 1447 5207 executores.

1081 5325 1239 5392 Vite
1286 5346 1363 5391 ao
1410 5348 1686 5392 morum.
1716 5375 1733 5392 .
1761 5375 1778 5392 .
1806 5375 1822 5391 .
1873 5329 2027 5395 Dat.
2079 5329 2449 5416 Avinione,
2497 5332 2635 5398 XII
2679 5333 2791 5399 Kl.
2839 5332 3164 5420 Augusti,
3214 5353 3389 5399 anno
3438 5332 3736 5420 septimo.

1276 5463 1404 5525 Bey.
1440 5465 1537 5512 Av.
1582 5466 1635 5513 Τ.
1670 5463 1758 5528 48,
1783 5466 1846 5529 f.
1879 5464 1961 5516 91.
3005 5486 3008 5491 '
