4450 6684
866 517 999 582 288
2120 510 2525 576 Ganaonms
2568 507 2692 574 xl.

862 736 1068 804 2258.
1578 738 1791 820 1377,
1838 734 2160 800 Januarii
2204 735 2328 815 25,
2376 731 2613 796 Romae
2657 751 2764 816 ap.
2813 729 2880 794 S.
2929 727 3218 793 Petrum.

1200 891 1540 957 Wilhelmo
1571 891 1647 955 de
1679 887 2278 971 Sanctamarqarita
2310 885 2606 948 canonico
2637 883 2922 947 ecclesiae
2953 881 3009 946 b.
3042 881 3300 945 Mariae
3331 880 3510 963 Traj.
3543 879 3946 964 indulqetur,.

1093 999 1263 1085 quod
1330 1000 1548 1063 literae
1609 997 2025 1082 apostolicae,
2061 993 2114 1076 1)
2178 991 2406 1078 quibus
2468 989 2764 1055 Johanni
2821 989 2928 1072 (de
2987 989 3229 1072 Arkel)
3273 990 3556 1074 episcopo
3603 986 3932 1051 Leodiensi

1091 1107 1376 1189 facultas
1443 1112 1533 1169 est
1600 1105 1926 1168 commissa
1992 1098 2336 1184 recipiendi
2405 1096 2809 1182 quorundam
2877 1095 3312 1177 beneficiorum
3361 1094 3887 1181 permutationem
3904 1142 3922 1177 ,

1091 1215 1340 1277 omnino
1385 1213 1666 1293 valeant,
1715 1210 2003 1296 quamvis
2042 1210 2111 1271 in
2151 1206 2336 1270 dictis
2382 1205 2582 1268 literis
2621 1203 2698 1267 de
2736 1205 3108 1268 canonicatu
3149 1209 3208 1266 et
3239 1200 3604 1286 praebenda
3640 1201 3923 1265 ecclesiae

1089 1319 1414 1384 Lossensis
1461 1317 1654 1381 Leod.
1703 1315 1889 1380 dioec.
1938 1314 2017 1378 ab
2064 1312 2272 1378 eodem
2331 1310 2670 1375 Wilhelmo
2720 1308 2981 1375 obtentis
3020 1310 3210 1374 nulla
3238 1309 3441 1390 fuerit
3470 1310 3699 1372 mentio
3729 1307 3927 1390 facta.

1086 1501 1447 1568 Probitatis
1516 1506 1584 1566 et
1645 1500 1929 1564 virtutis.
1959 1547 1974 1562 .
2003 1545 2021 1563 .
2049 1546 2065 1563 .
2138 1498 2292 1563 Dat.
2355 1495 2569 1560 Rome
2633 1492 2809 1581 apud
2871 1492 3186 1559 Sanctum
3237 1492 3543 1573 Petrum,
3599 1490 3771 1555 VIII
3814 1489 3936 1554 Kl.-

860 1609 1240 1691 Februarii,
1290 1629 1464 1673 anno
1513 1608 1814 1694 septimo.

1282 1721 1406 1784 Rea.
1441 1723 1541 1773 Au.
1585 1723 1638 1771 T.
1675 1719 1768 1785 29,
1794 1721 1855 1782 s.
1891 1718 1972 1771 32.

1012 1851 1067 1914 1)
1104 1849 1277 1915 Supra
1313 1864 1464 1900 num.
1497 1848 1647 1899 2251.

857 2218 1058 2288 2259.
1580 2222 1798 2302 1377,
1847 2218 2189 2283 Februarii
2236 2220 2279 2281 6
2302 2267 2319 2300 ,
2364 2216 2603 2282 Romae
2647 2238 2752 2302 ap.
2804 2217 2871 2279 S.
2921 2215 3212 2280 Petrum.

1177 2373 1524 2460 Raynaldo
1571 2374 1647 2437 de
1696 2373 1947 2437 Drinen
1983 2380 2293 2458 perpetuo
2340 2370 2669 2455 capellano
2716 2370 2995 2454 capellae
3036 2369 3103 2432 S.
3144 2369 3210 2432 S.
3245 2368 3568 2433 Johannis
3597 2369 3946 2453 Baptistae·

1087 2488 1146 2544 et
1171 2480 1512 2544 Laurentii
1540 2483 1609 2543 in
1640 2480 1894 2543 ecclesia
1922 2477 2389 2561 Zutphaniensi
2419 2475 2838 2557 confirmatur
2859 2476 3260 2560 parochialis
3290 2476 3543 2539 ecclesia
3573 2474 3648 2538 de
3672 2474 3929 2556 Swolle,

1091 2606 1285 2672 quam
1321 2608 1445 2670 per
1491 2586 1723 2650 obitum
1773 2584 2026 2649 Hesseli
2070 2582 2368 2668 Heyinch
2398 2583 2449 2665 ¹)
2493 2590 2816 2646 vacantem
2861 2585 3071 2666 viqore
3111 2584 3365 2666 qratiae
3409 2584 3855 2665 exspectativae
3895 2603 3936 2646 a

1093 2692 1231 2757 sede
1278 2694 1623 2778 apostolica
1670 2695 2045 2778 impetratae
2091 2691 2455 2775 acceptavit.
2483 2689 2539 2771 2)

1097 2874 1489 2939 Laudabilia
1550 2874 1914 2962 probitatis
1942 2920 1959 2938 .
1987 2921 2002 2936 .
2032 2922 2048 2939 .
2121 2873 2275 2937 Dat.
2340 2873 2551 2938 Rome
2615 2871 2788 2959 apud
2853 2873 3169 2938 Sanctum
3231 2872 3539 2955 Petrum,
3602 2871 3771 2936 VIII
3830 2871 3940 2935 Id.

866 2981 1238 3063 Februarii,
1288 3002 1459 3046 anno
1506 2982 1810 3068 septimo.

1286 3116 1413 3180 Rea.
1446 3118 1548 3168 Ao.
1591 3119 1646 3167 T.
1680 3115 1772 3180 29,
1801 3118 1862 3181 s.
1894 3114 1979 3166 69.

1021 3257 1077 3321 1)
1113 3255 1285 3307 Codex
1321 3256 1507 3310 habet:
1549 3258 1806 3324 Heynich.
2005 3256 2062 3321 2)
2098 3256 2203 3309 Cfr.
2241 3272 2403 3323 supra
2436 3272 2584 3309 num.
2620 3255 2770 3309 1907.

875 3724 1072 3791 2260.
1895 3726 2075 3790 1377
2093 3773 2110 3806 ,
2158 3725 2351 3788 Junii
2395 3727 2519 3807 22,
2566 3727 2924 3810 Anaqniae.

1186 3879 1545 3963 (Arnoldo)
1607 3881 1888 3963 episcopo
1944 3878 2123 3960 Traj.
2174 3881 2605 3959 committitur,
2655 3886 2727 3941 ut
2770 3877 3041 3941 scabinis
3091 3885 3150 3940 et
3185 3875 3671 3961 proconsulibus
3717 3876 3940 3960 oppidi

1102 3984 1573 4049 Oldenzalensis
1646 3987 1960 4050 licentiam
2027 3986 2318 4049 concedat
2384 3984 2714 4065 fundandi
2774 4004 2968 4047 unam
3029 3984 3341 4068 capellam
3401 4003 3542 4046 cum
3602 3983 3808 4047 altari
3867 3985 3939 4046 in

1099 4091 1405 4175 hospitali
1439 4112 1807 4176 pauperum
1853 4092 2008 4156 dicti
2052 4091 2294 4175 oppidi.

1096 4271 1478 4336 Venerabili
1525 4271 1709 4335 fratri
1758 4273 2063 4358 episcopo
2113 4272 2522 4356 TraJ'ectensi
2569 4272 2848 4336 salutem
2893 4279 3002 4334 etc.

1102 4378 1240 4442 Piis
1289 4376 1627 4442 desideriis
1675 4378 2062 4443 devotorum
2105 4384 2174 4442 et
2211 4378 2338 4441 hiis
2378 4379 2692 4459 maxime,
2737 4398 2865 4465 que
2905 4377 3110 4441 divini
3149 4377 3364 4442 cultus
3405 4383 3830 4461 augmentum
3872 4382 3943 4441 et

873 4485 1151 4548 salutem
1199 4484 1561 4547 animarum
1608 4485 1994 4571 respiciunt,
2047 4484 2333 4549 libenter
2379 4486 2728 4549 annuimus
2770 4491 2837 4548 et
2869 4485 3075 4549 eciam
3111 4486 3206 4549 eis
3237 4484 3526 4549 favorem
3557 4484 3936 4550 benivolum

872 4592 1303 4677 impartimur.
1399 4590 1717 4656 Exhibita
1766 4591 2089 4677 siquidem
2140 4591 2328 4655 nobis
2375 4613 2492 4678 pro
2541 4599 2725 4677 parte
2773 4592 3161 4656 dilectorum
3209 4591 3487 4655 filiorum
3528 4591 3939 4656 scabinorum

874 4705 943 4761 et
987 4698 1444 4784 preconsulum
1492 4698 1644 4781 (sic)
1691 4718 1765 4761 ac
1814 4698 2261 4763 universitatis
2310 4698 2488 4785 opidi
2529 4698 3028 4764 Aldenzalensis
3067 4704 3179 4763 tue
3214 4697 3491 4763 diocesis
3522 4699 3754 4784 petitio
3786 4718 3937 4762 con-

874 4803 1160 4885 tinebat,
1225 4802 1397 4888 quod
1465 4803 1589 4889 ipsi
1653 4805 1760 4888 pie
1809 4803 2182 4869 devocionis
2231 4805 2484 4870 fervore
2533 4806 2822 4888 accensi,
2880 4804 2962 4871 de
3009 4807 3272 4892 propria
3318 4806 3530 4870 salute
3575 4806 3944 4889 cogitantes

873 4930 947 4973 ac
1009 4910 1349 4994 cupientes
1412 4914 1674 4974 terrena
1735 4910 1803 4973 in
1867 4911 2137 4975 celestia
2182 4917 2252 4974 et
2301 4912 2674 4975 transitoria
2720 4913 2789 4975 in
2837 4919 3069 4977 eterna
3112 4912 3286 4977 felici
3334 4910 3720 4976 commercio
3768 4930 3942 4975 com-

872 5021 1162 5097 mutare,
1213 5013 1292 5078 ad
1343 5013 1624 5099 Spiritus
1671 5016 1884 5078 sancti
1933 5022 2001 5079 et
2046 5016 2328 5100 gloriose
2376 5017 2669 5102 Virginis
2716 5017 2921 5082 Marie
2969 5017 3236 5082 laudem
3283 5023 3352 5082 et
3397 5017 3668 5102 gloriam
3709 5022 3778 5079 et
3817 5035 3935 5101 pro

873 5119 1078 5185 divini
1126 5121 1341 5184 cultus
1389 5127 1742 5205 augmento
1778 5127 1847 5184 et
1877 5142 1993 5206 pro
2029 5142 2296 5185 suarum
2330 5128 2397 5185 et
2427 5122 2920 5208 progenitorum
2954 5143 3224 5187 suorum
3256 5123 3620 5187 animarum
3652 5120 3939 5186 remedio

873 5233 941 5290 et
989 5227 1199 5291 salute
1247 5226 1316 5289 in
1362 5226 1670 5312 hospitali
1718 5247 2078 5312 pauperum
2126 5226 2290 5290 dicti
2335 5226 2511 5313 opidi
2559 5248 2756 5292 unam
2804 5229 3120 5315 capellam
3162 5250 3308 5292 cum
3340 5227 3532 5292 altari
3562 5232 3942 5291 construere

874 5340 941 5397 et
1003 5332 1277 5397 fundare
1345 5355 1419 5397 ac
1466 5335 1673 5419 ipsam
1723 5332 1805 5397 de
1854 5333 2382 5418 vigintiquinque
2431 5334 2694 5398 florenis
2742 5335 2883 5398 auri
2930 5335 3133 5398 annui
3182 5341 3253 5398 et
3296 5335 3598 5421 perpetui
3647 5332 3948 5397 redditus

872 5445 941 5503 et
1006 5440 1212 5520 ultra,
1262 5439 1316 5502 si
1364 5439 1712 5524 expediat,
1763 5438 1845 5503 de
1892 5439 2083 5503 bonis
2135 5460 2173 5501 a
2221 5439 2364 5503 Deo
2416 5439 2539 5502 sibi
2587 5440 2843 5503 collatis
2891 5462 3005 5527 pro
3056 5461 3187 5504 uno
3235 5446 3554 5526 perpetuo
3603 5439 3944 5525 capellano

869 5545 1035 5609 inibi
1081 5544 1363 5608 Domino
1413 5543 1734 5608 servituro
1784 5542 2013 5608 dotare
2061 5552 2459 5630 proponunt.
2529 5543 2745 5617 Quare
2791 5566 2908 5630 pro
2955 5552 3147 5631 parte
3192 5545 3481 5630 ipsorum
3531 5544 3947 5608 scabinorum

874 5658 941 5717 et
989 5652 1448 5737 preconsulum
1495 5672 1570 5714 ac
1619 5650 2065 5715 universitatis
2114 5651 2238 5714 fuit
2279 5651 2468 5714 nobis
2509 5651 2843 5715 humiliter
2875 5652 3350 5737 supplicatum,
3399 5659 3473 5715 ut
3505 5651 3599 5714 eis
3632 5651 3951 5736 premissa
