4450 6684
1826 525 2230 591 Gnnoonms
2274 522 2397 587 XI.
3522 522 3652 585 291

580 748 849 813 consilio
889 747 1283 814 auctoritate
1321 745 1681 832 apostolica
1712 745 2130 832 providemus
2164 751 2364 831 teque
2395 744 2491 809 illi
2525 743 2895 830 preficimus
2928 744 2996 809 in
3030 743 3376 828 abbatem,
3425 765 3646 809 curam

583 863 651 920 et
690 855 1329 921 administracionem
1360 854 1565 942 ipsius
1595 855 1974 920 monasterii
2008 854 2130 919 tibi
2162 855 2232 919 in
2268 853 2718 942 spiritualibus
2753 859 2821 919 et
2853 854 3320 942 temporalibus
3354 854 3646 942 plenarie

579 962 1083 1045 committendo,
1151 961 1223 1026 in
1281 962 1432 1046 illo,
1495 962 1607 1048 qui
1674 960 1787 1026 dat
1845 962 2094 1047 gracias
2160 967 2228 1027 et
2295 960 2573 1046 largitur
2636 960 2919 1047 premia,
2982 960 3422 1042 confidentes,
3472 960 3648 1047 quod

582 1071 858 1136 dextera
920 1069 1188 1135 Domini
1248 1070 1370 1135 tibi
1435 1070 1782 1135 assistente
1844 1070 2173 1156 propicia,
2241 1068 2567 1156 prefatum
2632 1068 3099 1132 monasterium
3147 1070 3267 1134 sub
3315 1068 3654 1154 regiminis

584 1178 676 1240 tui
738 1197 894 1241 cura
951 1180 1139 1261 grata
1197 1181 1465 1240 auctore
1513 1176 1796 1241 Domino
1846 1175 2156 1262 suscipiet
2202 1174 2630 1239 incrementa.
2725 1173 3047 1249 Quocirca
3091 1174 3475 1240 discrecioni
3525 1178 3637 1239 tue

582 1304 696 1369 per
743 1282 1102 1369 apostolica
1147 1282 1389 1367 scripta
1433 1280 1856 1365 mandamus,
1906 1281 2216 1368 quatinus
2263 1280 2643 1368 impositum
2695 1280 2813 1345 tibi
2865 1302 2905 1346 a
2936 1281 3218 1346 Domino
3267 1302 3432 1346 onus
3479 1282 3648 1366 regi·

580 1389 772 1454 minis
820 1388 977 1454 dicti
1024 1389 1403 1455 monasterii
1447 1394 1751 1475 prompta
1796 1387 2155 1455 devocione
2202 1388 2595 1475 suscipiens,
2648 1408 2872 1452 curam
2904 1394 2971 1452 et
3004 1388 3644 1455 administracionem

577 1494 903 1581 predictas
949 1494 1040 1560 sic
1087 1516 1275 1581 geras
1320 1494 1681 1583 prudenter
1721 1502 1788 1559 et
1821 1494 2073 1561 solicite
2104 1495 2550 1581 prosequaris,
2600 1492 2773 1582 quod
2808 1494 3132 1589 prefatum
3167 1497 3634 1561 monasterium

579 1602 999 1687 gubernatori
1061 1600 1334 1689 provido
1402 1608 1469 1666 et
1531 1602 1864 1666 fructuoso
1916 1601 2436 1667 administratori
2485 1600 2775 1687 gaudeat
2820 1622 2891 1666 se
2939 1602 3387 1685 commissum,
3439 1609 3644 1688 tuque

580 1708 854 1793 proinde
923 1709 1245 1796 premium
1317 1714 1547 1775 eterne
1617 1709 2074 1775 retribucionis
2137 1711 2436 1796 acquiras
2500 1715 2567 1774 et
2631 1710 2987 1797 apostolice
3054 1710 3226 1775 sedis
3289 1732 3362 1776 ac
3426 1719 3650 1776 nostre

579 1814 793 1896 gracie
856 1814 1335 1880 benedictionis
1401 1820 1826 1900 augmentum
1891 1814 2205 1902 consequi
2266 1816 2596 1880 merearis.
2676 1814 2829 1878 Dat.
2878 1814 3218 1902 Anagnis,
3278 1816 3488 1881 XIIII
3533 1816 3645 1881 Kl.

581 1920 914 2004 Octobris,
960 1921 1380 2007 pontificatus
1427 1921 1635 1986 nostri
1681 1942 1853 1986 anno
1903 1922 2203 2010 septimo.

801 2027 887 2092 In
919 2049 968 2092 e.
1001 2049 1085 2092 m.
1135 2027 1390 2092 dilectis
1439 2028 1589 2092 filiis
1638 2030 1991 2094 conventui
2031 2030 2409 2094 monasterii
2444 2031 2656 2095 sancti
2686 2031 3034 2095 Laurencii
3065 2031 3135 2095 in
3167 2030 3494 2097 Oesbroec
3527 2039 3648 2095 etc.

800 2132 890 2199 In
919 2155 970 2199 e.
1001 2156 1084 2198 m.
1133 2133 1456 2199 universis
1501 2134 1797 2200 vassallis
1843 2135 2225 2201 monasterii
2273 2136 2483 2202 sancti
2530 2137 2881 2202 Laurencii
2926 2144 3036 2201 etc.

802 2240 888 2306 In
918 2261 969 2306 e.
1002 2263 1084 2306 m.
1134 2241 1495 2307 venerabili
1544 2241 1727 2306 fratri
1776 2288 1793 2304 .
1823 2288 1840 2306 .
1889 2242 2195 2330 episcopo
2244 2243 2656 2329 Trajectensi
2703 2251 2813 2307 etc.

1001 2376 1129 2440 Rey.
1163 2378 1261 2427 Ao.
1305 2379 1359 2427 T.
1395 2376 1487 2438 30,
1512 2378 1572 2441 s.
1609 2375 1715 2427 72³.

580 2879 777 2949 2265.
1508 2882 1719 2964 1377,
1768 2881 2149 2966 Septembris
2194 2883 2315 2964 20,
2365 2883 2725 2969 Anayniae.

898 3035 1272 3103 Hermanno
1318 3038 1533 3102 abbati
1577 3039 1945 3102 monasterii
1974 3035 2042 3101 S.
2077 3035 2425 3101 Laurentii
2467 3034 2590 3119 „de
2628 3035 3001 3102 Oesbroec'’
3044 3037 3437 3124 indulyetur,
3473 3040 3652 3125 quod

806 3166 845 3208 α
894 3165 1280 3230 quocumque
1326 3146 1626 3209 maluerit
1675 3144 1996 3209 Catholico
2044 3146 2330 3209 antistite
2376 3164 2608 3208 munus
2649 3143 3084 3209 benedictionis
3116 3146 3384 3230 recipere
3413 3147 3646 3212 valeat.

812 3327 977 3394 Cum
1026 3350 1146 3395 nos
1191 3329 1465 3416 pridem.
1495 3378 1510 3393 .
1544 3377 1557 3393 .
1591 3377 1605 3393 .
1656 3329 1809 3394 Dat.
1856 3329 2201 3415 Anagnie,
2249 3326 2389 3392 XII
2434 3326 2545 3393 Kl.
2597 3326 2937 3412 Octobris,
2984 3349 3156 3394 anno
3204 3329 3504 3417 septim0.

999 3463 1123 3527 περ.
1158 3464 1258 3513 Aa.
1301 3464 1355 3514 r.
1390 3461 1483 3526 29,
1508 3464 1569 3527 s.
1603 3461 1717 3513 389.

581 3947 785 4016 ‘2-266.
1556 3953 1769 4033 1377,
1821 3950 2105 4017 Octobris
2153 3955 2272 4035 15,
2320 3954 2680 4039 Anaqniae.

902 4105 1253 4170 Guillermo
1315 4107 1410 4170 tit.
1478 4105 1543 4170 S.
1608 4105 1845 4171 Vitatis
1897 4106 2269 4192 presbytero
2336 4105 2678 4170 Cardinali
2739 4106 2827 4171 ad
2874 4108 3242 4191 petitionem
3285 4107 3660 4173 Hermanni

809 4210 1050 4276 abbatis
1112 4213 1476 4276 monasterii
1523 4211 1590 4277 S.
1639 4211 1982 4276 Laurentii
2028 4213 2096 4275 in
2147 4210 2487 4277 Oostbroek
2537 4213 2976 4295 committitur,
3039 4220 3115 4277 ut
3161 4235 3322 4299 quae
3366 4216 3432 4278 in
3480 4216 3650 4280 dicto

808 4318 1181 4380 monasterio
1244 4324 1373 4380 tam
1432 4319 1499 4381 in
1545 4320 1748 4402 capite
1795 4338 1987 4403 quam
2033 4319 2102 4382 in
2148 4317 2437 4381 membris
2485 4316 2936 4399 reformatione
2981 4319 3260 4405 indigere
3305 4323 3644 4405 repererit,

809 4424 1185 4488 auctoritate
1230 4424 1577 4508 apostolica
1623 4425 1924 4509 corriyat.

808 4608 1066 4674 Dilecto
1126 4608 1258 4674 filio
1307 4609 1667 4676 Guillermo
1716 4609 1891 4673 tituli
1942 4609 2167 4675 Sancti
2212 4608 2457 4674 Vitalis
2503 4608 2886 4696 presbytero
2935 4609 3266 4676 Cardinali
3311 4610 3644 4676 Avinione

589 4716 1015 4781 commoranti
1063 4717 1342 4782 salutem
1390 4723 1502 4780 etc.

808 4821 916 4888 Ad
964 4842 1045 4888 ea
1089 4843 1177 4889 ex
1223 4821 1579 4910 apostolice
1626 4822 1962 4887 servitutis
2009 4821 2221 4886 officio
2267 4821 2552 4887 libenter
2583 4820 3016 4906 intendimus,
3063 4843 3181 4911 per
3212 4844 3339 4909 que
3372 4823 3648 4889 ecclesie

588 4933 655 4992 et
702 4930 1130 5011 monasteria,
1179 4950 1308 5016 que
1354 4929 1825 4994 reformacione
1873 4927 2211 5015 indigent,
2262 4928 2615 4994 salubriter
2662 4927 3117 4994 reformentur.
3194 4929 3366 4995 Sane
3412 4932 3655 5018 peticio

588 5055 704 5119 pro
775 5041 959 5122 parte
1029 5034 1253 5100 dilecti
1322 5035 1440 5099 filii
1504 5035 1871 5100 Hermanni
1933 5034 2191 5099 abbatis
2258 5034 2638 5099 monasterii
2687 5033 2769 5100 de
2819 5034 3145 5101 Oesbroec
3193 5042 3381 5102 extra
3427 5059 3650 5103 muros

590 5141 1046 5227 Trajectenses
1094 5139 1341 5206 ordinis
1389 5141 1597 5206 sancti
1644 5141 1993 5206 Benedicti
2041 5141 2232 5206 nobis
2279 5161 2491 5227 nuper
2538 5141 2835 5207 exhibita
2881 5142 3296 5226 continebat,
3354 5143 3530 5230 quod
3576 5145 3646 5209 in

590 5246 767 5313 dicto
830 5248 1226 5313 monasterio
1289 5254 1444 5313 sunt
1503 5247 1807 5312 nonnulli
1867 5247 2168 5313 monachi
2231 5246 2502 5330 discoli,
2567 5248 2679 5334 qui
2742 5245 3070 5334 quondam
3132 5248 3382 5314 Jacobo
3429 5250 3652 5316 abbati

591 5353 886 5439 ejusdem
934 5356 1344 5439 monasterii,
1392 5353 1772 5419 immediato
1819 5353 2263 5440 predecessori
2308 5353 2513 5440 ipsius
2560 5353 2956 5437 Hermanni,
3006 5353 3088 5419 de
3135 5356 3322 5441 cujus
3369 5376 3650 5442 persona

592 5460 804 5527 eidem
865 5461 1261 5528 monasterio
1326 5483 1535 5548 nuper
1580 5462 1842 5527 vacanti.
1888 5481 2007 5549 per
2053 5461 2305 5526 obitum
2356 5459 2517 5525 dicti
2563 5460 2796 5526 Jacobi
2844 5461 3102 5527 abbatis
3151 5462 3458 5528 duximus
3504 5485 3654 5549 pro·

590 5567 979 5652 videndum,
1049 5569 1330 5635 rebelles
1399 5575 1468 5633 et
1533 5566 1991 5633 inobedientes
2060 5568 2328 5632 fuerunt
2396 5573 2465 5633 et
2534 5588 2677 5632 esse
2748 5575 3232 5634 consueverunt
3299 5590 3375 5635 ac
3438 5569 3651 5635 eidem

592 5674 840 5740 Jacobo
888 5677 1141 5760 abbati,
1190 5675 1347 5740 dum
1394 5676 1593 5760 vixit,
1642 5674 1930 5740 diversas
1975 5675 2126 5739 lites
2175 5680 2244 5739 et
2291 5673 2648 5739 discordias
2695 5684 3045 5741 moverunt
3090 5683 3286 5762 atque
3325 5676 3656 5765 fecerunt,
