4450 6684
745 555 786 618 4
2049 552 2367 617 Onsxsns
2411 552 2530 619 VI.

746 776 929 840 Nulli
961 796 1118 862 ergo
1150 785 1259 839 etc.
1288 781 1511 841 nostre
1546 775 2063 863 dispensacionis
2095 782 2164 842 et
2196 775 2695 841 constitucionis
2727 773 3084 858 infringere
3109 781 3219 838 etc.
3264 774 3418 838 Dat.
3446 773 3776 838 Aviniono
3795 822 3814 856 ,

746 882 889 947 IIII
932 882 1034 947 Id.
1083 882 1126 947 J
1131 883 1281 965 ulii,
1332 902 1506 948 anno
1556 889 1767 948 sexto.

1168 1019 1292 1081 Bey.
1329 1022 1424 1068 Αυ.
1470 1021 1523 1068 Τ.
1560 1018 1650 1079 43,
1678 1021 1738 1083 s.
1774 1018 1889 1069 300.

749 1507 1203 1574 1224-1225.
1780 1509 1986 1588 1347,
2035 1506 2213 1569 Julii
2257 1508 2373 1587 12,
2425 1505 2790 1569 Avenionis.

1073 1664 1147 1730 A.
1218 1664 1574 1747 (Johanni)
1619 1665 1902 1748 episcopo
1959 1662 2140 1741 Trai.
2190 1664 2624 1743 committitur,
2675 1669 2748 1725 ut
2793 1683 2934 1724 cum
2981 1661 3316 1745 Rodolpho
3363 1661 3528 1725 dicto
3579 1659 3716 1724 Koc
3760 1668 3820 1724 et

976 1770 1219 1854 Sophia
1284 1779 1443 1834 nata
1502 1770 1828 1835 Johannis
1884 1771 1960 1833 de
2008 1770 2253 1853 Liyno,
2301 1769 2613 1834 nobilibus
2669 1769 2851 1849 Traj.
2900 1770 3125 1849 dioec.,
3175 1772 3291 1854 qui
3335 1770 3582 1832 nullius
3629 1771 3821 1852 impe-

971 1878 1238 1940 dimenti
1298 1879 1527 1941 conscii
1583 1880 2061 1941 matrimonium
2110 1877 2369 1961 publice
2426 1883 2881 1940 contraxerunt
2927 1884 2985 1940 et
3031 1878 3218 1939 etiam
3267 1882 3818 1956 consummarunt,

972 1983 1288 2067 dispenset
1332 2005 1526 2069 super
1572 1984 2009 2067 impedimento
2057 1983 2445 2065 affinitatis,
2493 1983 2716 2046 exinde
2762 1982 3034 2046 oriundo
3089 1981 3301 2068 „quod
3349 1981 3524 2047 idem
3573 1980 3821 2046 Rodol-

979 2090 1148 2174 phus
1197 2096 1264 2155 et
1306 2089 1637 2175 quondam
1678 2090 1721 2154 J
1725 2090 2018 2155 ohannes
2049 2089 2131 2154 de
2164 2088 2496 2154 Morweda
2529 2097 2640 2153 tue
2671 2089 2924 2174 prefate
2958 2087 3265 2170 diocesis,
3315 2088 3490 2174 prior
3521 2086 3817 2173 ejusdem

986 2195 1231 2282 Sophie
1279 2196 1581 2278 maritus,
1632 2201 1864 2281 quarto
1912 2195 2505 2281 consanguinitatis
2553 2195 2758 2279 gradu
2806 2215 2875 2259 se
2922 2194 3203 2259 invicem
3253 2193 3733 2279 attingebant.’'

1061 2302 1139 2366 Β.
1212 2301 1567 2385 (Johanni)
1631 2306 1917 2387 episcopo
1990 2302 2169 2385 Traj.
2236 2305 2675 2384 committitur,
2741 2311 2812 2366 ut
2869 2323 3009 2366 cum
3056 2301 3321 2365 Alberto
3373 2302 3697 2387 Gheyzinc
3742 2301 3818 2364 de

980 2408 1138 2472 Elso
1186 2417 1244 2471 et
1292 2409 1650 2494 E'ynbroua
1707 2410 1887 2492 Traj.
1930 2410 2154 2493 dioec.,
2204 2413 2322 2495 qui
2353 2412 2598 2474 nullius
2631 2410 3060 2494 impedimenti
3088 2411 3317 2474 conscii
3347 2412 3823 2473 matrimonium

966 2515 1223 2599 publice
1279 2523 1734 2579 contraxerunt
1795 2524 1853 2580 et
1914 2520 2101 2580 etiam
2149 2524 2697 2598 consummarunt,
2744 2537 2937 2600 super
2983 2516 3418 2601 impedimento
3465 2515 3818 2598 affinitatis

975 2622 1322 2706 dispenset,
1372 2623 1593 2686 exinde
1641 2624 1943 2705 oriundo,
1998 2623 2211 2710 „quod
2260 2624 2436 2688 idem
2477 2623 2795 2689 Albertus
2842 2621 3171 2710 quandam
3219 2623 3590 2704 mulierem,
3642 2628 3824 2688 aute-

978 2748 1173 2813 quam
1237 2728 1484 2793 dictum
1549 2730 2037 2795 matrimonium
2102 2730 2327 2810 fieret,
2391 2731 2738 2795 fornicario
2787 2737 2940 2794 actu
2987 2735 3422 2815 cognoverat,
3469 2750 3597 2816 que
3647 2728 3822 2795 dicte

978 2833 1345 2919 Eynbrowe
1393 2835 1461 2899 in
1511 2836 1713 2900 tercio
1762 2841 1832 2900 et
1878 2841 2111 2923 quarto
2159 2838 2749 2922 consanguinitatis
2797 2834 3110 2921 gradibus
3156 2835 3551 2901 attinebat.”

978 3017 1296 3083 Exhibita
1342 3018 1553 3082 nobis.
1585 3066 1600 3082 .
1628 3066 1643 3082 .
1675 3068 1689 3082 .
1740 3019 1895 3083 Dat.
1943 3027 2017 3084 ut
2061 3041 2285 3104 supra.

1172 3155 1298 3217 περ.
1332 3157 1429 3205 Ao.
1476 3157 1531 3205 Τ.
1566 3156 1653 3217 43,
1679 3157 1739 3219 f.
1774 3155 1898 3205 301·
1931 3160 1981 3205 et
2005 3157 2064 3220 s.
2100 3156 2213 3205 388.

757 3624 954 3692 1226.
1789 3628 2004 3707 1347,
2053 3625 2231 3689 Julii
2277 3628 2397 3707 27,
2449 3625 2814 3688 Avenionis.

1072 3780 1402 3844 Everardo
1462 3779 1833 3844 Theoderici
1878 3781 2302 3863 conferuntur
2348 3785 2784 3863 canonicatus,
2832 3782 3192 3865 praebenda
3236 3791 3294 3847 et
3325 3784 3830 3868 supplementum

982 3888 1047 3949 in
1111 3888 1363 3951 ecclesia
1438 3887 1861 3969 Trajectensi,
1925 3891 2223 3951 vacantia
2275 3910 2400 3972 per
2460 3887 2694 3951 obitum
2763 3888 3099 3951 Giselberti
3159 3890 3236 3951 de
3296 3888 3598 3971 Jutfaes,
3647 3891 3830 3971 cujus

982 3991 1276 4074 beneficia
1336 3993 1438 4057 die
1502 3995 1589 4056 16
1652 3992 1833 4057 Julii
1899 4015 2004 4056 an.
2070 3995 2250 4056 1345
2311 3994 2713 4077 dispositioni
2768 3994 2932 4056 sedis
2977 3996 3357 4078 apostolicae
3402 4002 3587 4058 erant
3633 4015 3830 4059 reser-

978 4107 1153 4163 vata.
1206 4138 1288 4148 —
1338 4101 1756 4185 Deputantur
1801 4108 2170 4163 executores,

991 4281 1383 4347 Laudabilia
1429 4283 1680 4347 merita.
1709 4331 1724 4346 .
1756 4330 1769 4346 .
1801 4331 1815 4345 .
1866 4283 2018 4347 Dat.
2069 4282 2435 4365 Avinione,
2487 4283 2584 4347 VI
2631 4283 2740 4347 Kl.
2791 4283 3112 4368 Augusti,
3160 4305 3333 4349 auno
3382 4289 3597 4349 sexto·

1175 4414 1300 4476 περ.
1335 4415 1430 4463 Αυ.
1476 4415 1530 4462 r.
1564 4412 1654 4471 41,
1681 4414 1742 4477 f.
1778 4414 1894 4463 468.

761 4893 948 4961 1227.
1778 4900 1990 4979 1347,
2048 4897 2224 4961 Julii
2269 4902 2387 4981 29,
2446 4901 2814 4964 Avenionis.

1082 5047 1281 5112 Petro
1342 5049 1622 5113 Buxeire
1683 5053 2106 5133 conferuntur
2166 5054 2610 5133 canonicatus,
2668 5051 3032 5136 praebenda
3094 5060 3153 5116 et
3212 5054 3714 5136 supplementum
3763 5055 3833 5115 in

994 5155 1247 5218 ecclesia
1295 5156 1361 5219 S.
1415 5156 1770 5220 Salvatoris
1827 5157 2039 5240 Traj.,
2088 5160 2382 5220 vacantia
2421 5179 2543 5241 per
2588 5158 2819 5221 obitum
2864 5158 3227 5222 Tilemanni
3271 5158 3534 5221 Vanden
3571 5158 3831 5242 Campe,

992 5261 1159 5323 alias
1206 5261 1361 5325 dicti
1405 5261 1481 5325 de
1531 5262 1796 5346 Campo,
1834 5285 2041 5348 prope
2087 5266 2333 5327 curiam
2380 5264 2684 5346 defuncti.
2739 5302 2817 5311 —
2870 5265 3285 5349 Deputantur
3332 5271 3703 5328 executores.

993 5445 1352 5510 Probitatis
1399 5453 1467 5511 et
1512 5448 1896 5513 virtutum..
1928 5497 1942 5512 .
1976 5496 1991 5511 .
2052 5449 2202 5513 Dat.
2253 5447 2621 5532 Avinione,
2669 5449 2810 5513 IIII
2856 5450 2966 5514 Kl.
3016 5449 3342 5535 Augusti,
3391 5469 3566 5513 anno
3616 5454 3829 5513 sexto,

1191 5581 1314 5643 neq.
1352 5584 1432 5631 Av
1493 5580 1552 5632 Τ.
1588 5583 1678 5648 41,
1706 5587 1765 5647 s.
1802 5584 1916 5635 445.
