<?xml version="1.0" encoding="UTF-8"?>
<!DOCTYPE html PUBLIC "-//W3C//DTD XHTML 1.0 Transitional//EN"
    "http://www.w3.org/TR/xhtml1/DTD/xhtml1-transitional.dtd">
<html xmlns="http://www.w3.org/1999/xhtml" xml:lang="en" lang="en">
 <head>
  <title>
</title>
<meta http-equiv="Content-Type" content="text/html;charset=utf-8" />
  <meta name='ocr-system' content='tesseract 3.04.00' />
  <meta name='ocr-capabilities' content='ocr_page ocr_carea ocr_par ocr_line ocrx_word'/>
</head>
<body>
  <div class='ocr_page' id='page_1' title='image "./bullariumtrajec00nethgoog_0066.png"; bbox 0 0 4450 6684; ppageno 0'>
   <div class='ocr_carea' id='block_1_1' title="bbox 346 1884 743 1952">
    <p class='ocr_par' dir='ltr' id='par_1_1' title="bbox 346 1884 743 1952">
     <span class='ocr_line' id='line_1_1' title="bbox 346 1884 743 1952; baseline -0.003 -16"><span class='ocrx_word' id='word_1_1' title='bbox 346 1884 743 1952; x_wconf 82' lang='lat' dir='ltr'><strong>Dispensationes</strong></span> 
     </span>
    </p>
   </div>
   <div class='ocr_carea' id='block_1_2' title="bbox 383 1955 726 2087">
    <p class='ocr_par' dir='ltr' id='par_1_2' title="bbox 383 1955 726 2087">
     <span class='ocr_line' id='line_1_2' title="bbox 383 1955 726 2020; baseline 0 -16"><span class='ocrx_word' id='word_1_2' title='bbox 383 1955 588 2020; x_wconf 76' lang='lat' dir='ltr'>desuper</span> <span class='ocrx_word' id='word_1_3' title='bbox 628 1970 726 2004; x_wconf 86' lang='lat' dir='ltr'><strong>ero-</strong></span> 
     </span>
     <span class='ocr_line' id='line_1_3' title="bbox 483 2027 639 2087; baseline -0.013 -14"><span class='ocrx_word' id='word_1_4' title='bbox 483 2027 639 2087; x_wconf 76' lang='lat' dir='ltr'><strong>gatae.</strong></span> 
     </span>
    </p>
   </div>
   <div class='ocr_carea' id='block_1_3' title="bbox 366 4702 712 4904">
    <p class='ocr_par' dir='ltr' id='par_1_3' title="bbox 366 4702 712 4904">
     <span class='ocr_line' id='line_1_4' title="bbox 366 4702 693 4818; baseline -0.004 -64.932"><span class='ocrx_word' id='word_1_5' title='bbox 366 4703 499 4818; x_wconf 79' lang='lat' dir='ltr'><strong>iRosi</strong></span> <span class='ocrx_word' id='word_1_6' title='bbox 501 4702 693 4753; x_wconf 83' lang='lat' dir='ltr'><strong>dentiae</strong></span> 
     </span>
     <span class='ocr_line' id='line_1_5' title="bbox 391 4771 712 4820; baseline 0 0"><span class='ocrx_word' id='word_1_7' title='bbox 391 4771 687 4820; x_wconf 72' lang='lat' dir='ltr'><strong>ncbenefiil</strong></span> <span class='ocrx_word' id='word_1_8' title='bbox 650 4771 712 4820; x_wconf 73' lang='lat' dir='ltr'><strong>iis</strong></span> 
     </span>
     <span class='ocr_line' id='line_1_6' title="bbox 400 4839 675 4904; baseline -0.004 -16"><span class='ocrx_word' id='word_1_9' title='bbox 400 4839 675 4904; x_wconf 69' lang='lat' dir='ltr'><strong>disciplina.</strong></span> 
     </span>
    </p>
   </div>
   <div class='ocr_carea' id='block_1_4' title="bbox 770 518 2537 587">
    <p class='ocr_par' dir='ltr' id='par_1_4' title="bbox 770 518 2537 587">
     <span class='ocr_line' id='line_1_7' title="bbox 770 518 2537 587; baseline 0.001 -4"><span class='ocrx_word' id='word_1_10' title='bbox 770 536 885 583; x_wconf 77' lang='lat' dir='ltr'><strong>nv1</strong></span> <span class='ocrx_word' id='word_1_11' title='bbox 2047 518 2537 587; x_wconf 66' lang='lat' dir='ltr'><strong>Ire-raonucrxo.</strong></span> 
     </span>
    </p>
   </div>
   <div class='ocr_carea' id='block_1_5' title="bbox 760 734 3818 1761">
    <p class='ocr_par' dir='ltr' id='par_1_5' title="bbox 760 734 3818 1761">
     <span class='ocr_line' id='line_1_8' title="bbox 764 734 3816 826; baseline 0.002 -25"><span class='ocrx_word' id='word_1_12' title='bbox 764 737 1288 824; x_wconf 78' lang='lat' dir='ltr'><strong>praeeminentia</strong></span> <span class='ocrx_word' id='word_1_13' title='bbox 1345 736 1483 802; x_wconf 90' lang='lat' dir='ltr'><strong>sive</strong></span> <span class='ocrx_word' id='word_1_14' title='bbox 1544 734 2042 824; x_wconf 77' lang='lat' dir='ltr'><strong>praecedentia,</strong></span> <span class='ocrx_word' id='word_1_15' title='bbox 2112 736 2360 821; x_wconf 87' lang='lat' dir='ltr'><strong>officia,</strong></span> <span class='ocrx_word' id='word_1_16' title='bbox 2408 738 2646 826; x_wconf 89' lang='lat' dir='ltr'><strong>quibus</strong></span> <span class='ocrx_word' id='word_1_17' title='bbox 2692 739 3012 806; x_wconf 91' lang='lat' dir='ltr'><strong>bonorum</strong></span> <span class='ocrx_word' id='word_1_18' title='bbox 3060 741 3651 807; x_wconf 89' lang='lat' dir='ltr'><strong>ecclesiasticorum</strong></span> <span class='ocrx_word' id='word_1_19' title='bbox 3700 740 3816 808; x_wconf 89' lang='lat' dir='ltr'><strong>ad-</strong></span> 
     </span>
     <span class='ocr_line' id='line_1_9' title="bbox 764 839 3817 933; baseline 0.002 -27"><span class='ocrx_word' id='word_1_20' title='bbox 764 840 1189 924; x_wconf 83' lang='lat' dir='ltr'><strong>ministratio,</strong></span> <span class='ocrx_word' id='word_1_21' title='bbox 1221 839 1506 927; x_wconf 88' lang='lat' dir='ltr'><strong>denique</strong></span> <span class='ocrx_word' id='word_1_22' title='bbox 1538 840 1860 907; x_wconf 89' lang='lat' dir='ltr'><strong>beneficia</strong></span> <span class='ocrx_word' id='word_1_23' title='bbox 1890 845 2144 925; x_wconf 88' lang='lat' dir='ltr'><strong>curata,</strong></span> <span class='ocrx_word' id='word_1_24' title='bbox 2178 841 2417 928; x_wconf 91' lang='lat' dir='ltr'><strong>quibus</strong></span> <span class='ocrx_word' id='word_1_25' title='bbox 2448 863 2606 908; x_wconf 87' lang='lat' dir='ltr'><strong>cura</strong></span> <span class='ocrx_word' id='word_1_26' title='bbox 2636 844 2998 909; x_wconf 88' lang='lat' dir='ltr'><strong>animarum</strong></span> <span class='ocrx_word' id='word_1_27' title='bbox 3032 851 3135 911; x_wconf 87' lang='lat' dir='ltr'><strong>est</strong></span> <span class='ocrx_word' id='word_1_28' title='bbox 3165 866 3448 911; x_wconf 83' lang='lat' dir='ltr'><strong>annexa.</strong></span> <span class='ocrx_word' id='word_1_29' title='bbox 3488 847 3817 933; x_wconf 88' lang='lat' dir='ltr'><strong>Hujusce-</strong></span> 
     </span>
     <span class='ocr_line' id='line_1_10' title="bbox 763 944 3818 1038; baseline 0.002 -29"><span class='ocrx_word' id='word_1_30' title='bbox 763 944 943 1010; x_wconf 90' lang='lat' dir='ltr'><strong>modi</strong></span> <span class='ocrx_word' id='word_1_31' title='bbox 1010 944 1480 1011; x_wconf 91' lang='lat' dir='ltr'><strong>beneficiorum</strong></span> <span class='ocrx_word' id='word_1_32' title='bbox 1549 966 1755 1010; x_wconf 91' lang='lat' dir='ltr'><strong>unum</strong></span> <span class='ocrx_word' id='word_1_33' title='bbox 1822 951 1891 1010; x_wconf 92' lang='lat' dir='ltr'><strong>et</strong></span> <span class='ocrx_word' id='word_1_34' title='bbox 1959 946 2170 1011; x_wconf 90' lang='lat' dir='ltr'><strong>solum</strong></span> <span class='ocrx_word' id='word_1_35' title='bbox 2241 945 2526 1012; x_wconf 91' lang='lat' dir='ltr'><strong>retinere</strong></span> <span class='ocrx_word' id='word_1_36' title='bbox 2588 946 2819 1012; x_wconf 90' lang='lat' dir='ltr'><strong>eodem</strong></span> <span class='ocrx_word' id='word_1_37' title='bbox 2882 953 3176 1035; x_wconf 93' lang='lat' dir='ltr'><strong>tempore</strong></span> <span class='ocrx_word' id='word_1_38' title='bbox 3237 949 3430 1033; x_wconf 92' lang='lat' dir='ltr'><strong>licet,</strong></span> <span class='ocrx_word' id='word_1_39' title='bbox 3498 951 3625 1015; x_wconf 93' lang='lat' dir='ltr'><strong>nisi</strong></span> <span class='ocrx_word' id='word_1_40' title='bbox 3671 952 3818 1038; x_wconf 89' lang='lat' dir='ltr'><strong>quis</strong></span> 
     </span>
     <span class='ocr_line' id='line_1_11' title="bbox 762 1047 3812 1142; baseline 0.004 -29"><span class='ocrx_word' id='word_1_41' title='bbox 762 1047 1321 1135; x_wconf 75' lang='lat' dir='ltr'><strong>dispensationem</strong></span> <span class='ocrx_word' id='word_1_42' title='bbox 1391 1049 1474 1114; x_wconf 87' lang='lat' dir='ltr'><strong>ab</strong></span> <span class='ocrx_word' id='word_1_43' title='bbox 1542 1049 1689 1136; x_wconf 90' lang='lat' dir='ltr'><strong>ipsa</strong></span> <span class='ocrx_word' id='word_1_44' title='bbox 1756 1047 1929 1115; x_wconf 81' lang='lat' dir='ltr'><strong>Sede</strong></span> <span class='ocrx_word' id='word_1_45' title='bbox 1992 1048 2379 1136; x_wconf 85' lang='lat' dir='ltr'><strong>Apostolica</strong></span> <span class='ocrx_word' id='word_1_46' title='bbox 2438 1050 2720 1140; x_wconf 77' lang='lat' dir='ltr'><strong>desuper</strong></span> <span class='ocrx_word' id='word_1_47' title='bbox 2765 1058 2942 1119; x_wconf 91' lang='lat' dir='ltr'><strong>esset</strong></span> <span class='ocrx_word' id='word_1_48' title='bbox 2987 1053 3288 1142; x_wconf 88' lang='lat' dir='ltr'><strong>adeptus.</strong></span> <span class='ocrx_word' id='word_1_49' title='bbox 3382 1056 3438 1122; x_wconf 86' lang='lat' dir='ltr'><strong>E</strong></span> <span class='ocrx_word' id='word_1_50' title='bbox 3486 1058 3812 1124; x_wconf 86' lang='lat' dir='ltr'><strong>contrario</strong></span> 
     </span>
     <span class='ocr_line' id='line_1_12' title="bbox 760 1152 3810 1248; baseline 0.003 -31"><span class='ocrx_word' id='word_1_51' title='bbox 760 1152 1082 1219; x_wconf 90' lang='lat' dir='ltr'><strong>beneficia</strong></span> <span class='ocrx_word' id='word_1_52' title='bbox 1152 1153 1472 1240; x_wconf 88' lang='lat' dir='ltr'><strong>simplicia</strong></span> <span class='ocrx_word' id='word_1_53' title='bbox 1539 1153 1876 1239; x_wconf 87' lang='lat' dir='ltr'><strong>complura</strong></span> <span class='ocrx_word' id='word_1_54' title='bbox 1944 1153 2135 1218; x_wconf 90' lang='lat' dir='ltr'><strong>simul</strong></span> <span class='ocrx_word' id='word_1_55' title='bbox 2208 1154 2494 1221; x_wconf 83' lang='lat' dir='ltr'><strong>obtineri</strong></span> <span class='ocrx_word' id='word_1_56' title='bbox 2554 1177 2780 1243; x_wconf 90' lang='lat' dir='ltr'><strong>posse,</strong></span> <span class='ocrx_word' id='word_1_57' title='bbox 2839 1159 2953 1243; x_wconf 85' lang='lat' dir='ltr'><strong>jus</strong></span> <span class='ocrx_word' id='word_1_58' title='bbox 3009 1159 3520 1225; x_wconf 88' lang='lat' dir='ltr'><strong>ecclesiasticum</strong></span> <span class='ocrx_word' id='word_1_59' title='bbox 3568 1162 3810 1248; x_wconf 90' lang='lat' dir='ltr'><strong>passim</strong></span> 
     </span>
     <span class='ocr_line' id='line_1_13' title="bbox 762 1255 3813 1343; baseline 0.003 -22"><span class='ocrx_word' id='word_1_60' title='bbox 762 1259 964 1323; x_wconf 86' lang='lat' dir='ltr'><strong>tacite</strong></span> <span class='ocrx_word' id='word_1_61' title='bbox 1009 1256 1274 1323; x_wconf 90' lang='lat' dir='ltr'><strong>videtur</strong></span> <span class='ocrx_word' id='word_1_62' title='bbox 1316 1258 1614 1321; x_wconf 91' lang='lat' dir='ltr'><strong>innuere.</strong></span> <span class='ocrx_word' id='word_1_63' title='bbox 1644 1257 1694 1340; x_wconf 88' lang='lat'><strong>1)</strong></span> <span class='ocrx_word' id='word_1_64' title='bbox 1753 1256 1964 1320; x_wconf 89' lang='lat' dir='ltr'><strong>Immo</strong></span> <span class='ocrx_word' id='word_1_65' title='bbox 2010 1256 2081 1320; x_wconf 90' lang='lat' dir='ltr'><strong>in</strong></span> <span class='ocrx_word' id='word_1_66' title='bbox 2120 1255 2556 1325; x_wconf 83' lang='lat' dir='ltr'><strong>Constutione</strong></span> <span class='ocrx_word' id='word_1_67' title='bbox 2595 1259 2892 1326; x_wconf 88' lang='lat' dir='ltr'><strong>laudata:</strong></span> <span class='ocrx_word' id='word_1_68' title='bbox 2949 1262 3425 1343; x_wconf 73' lang='lat' dir='ltr'><strong>„Exocrabilis”</strong></span> <span class='ocrx_word' id='word_1_69' title='bbox 3468 1263 3813 1330; x_wconf 64' lang='lat' dir='ltr'><strong>«Iohannes</strong></span> 
     </span>
     <span class='ocr_line' id='line_1_14' title="bbox 761 1360 3811 1450; baseline 0.002 -24"><span class='ocrx_word' id='word_1_70' title='bbox 761 1383 934 1450; x_wconf 90' lang='lat' dir='ltr'><strong>papa</strong></span> <span class='ocrx_word' id='word_1_71' title='bbox 999 1362 1207 1427; x_wconf 87' lang='lat' dir='ltr'>XXII</span> <span class='ocrx_word' id='word_1_72' title='bbox 1275 1360 1667 1428; x_wconf 90' lang='lat' dir='ltr'><strong>beneficium</strong></span> <span class='ocrx_word' id='word_1_73' title='bbox 1735 1367 2033 1426; x_wconf 88' lang='lat' dir='ltr'><strong>curatum</strong></span> <span class='ocrx_word' id='word_1_74' title='bbox 2104 1381 2256 1425; x_wconf 89' lang='lat' dir='ltr'><strong>cum</strong></span> <span class='ocrx_word' id='word_1_75' title='bbox 2323 1361 2644 1429; x_wconf 89' lang='lat' dir='ltr'><strong>beneficio</strong></span> <span class='ocrx_word' id='word_1_76' title='bbox 2715 1365 2856 1430; x_wconf 90' lang='lat' dir='ltr'><strong>sine</strong></span> <span class='ocrx_word' id='word_1_77' title='bbox 2919 1387 3074 1431; x_wconf 90' lang='lat' dir='ltr'><strong>cura</strong></span> <span class='ocrx_word' id='word_1_78' title='bbox 3135 1367 3330 1432; x_wconf 92' lang='lat' dir='ltr'><strong>simul</strong></span> <span class='ocrx_word' id='word_1_79' title='bbox 3392 1368 3811 1433; x_wconf 89' lang='lat' dir='ltr'><strong>retinendum</strong></span> 
     </span>
     <span class='ocr_line' id='line_1_15' title="bbox 760 1463 3809 1557; baseline 0.002 -26"><span class='ocrx_word' id='word_1_80' title='bbox 760 1467 1013 1532; x_wconf 89' lang='lat' dir='ltr'><strong>clericis</strong></span> <span class='ocrx_word' id='word_1_81' title='bbox 1074 1465 1317 1532; x_wconf 88' lang='lat' dir='ltr'><strong>diserte</strong></span> <span class='ocrx_word' id='word_1_82' title='bbox 1379 1465 1675 1552; x_wconf 85' lang='lat' dir='ltr'><strong>permisit</strong></span> <span class='ocrx_word' id='word_1_83' title='bbox 1734 1466 1799 1549; x_wconf 67' lang='grc' dir='ltr'><strong>(ξ</strong></span> <span class='ocrx_word' id='word_1_84' title='bbox 1845 1464 2257 1547; x_wconf 67' lang='lat' dir='ltr'><strong>statuimus).</strong></span> <span class='ocrx_word' id='word_1_85' title='bbox 2351 1463 2646 1532; x_wconf 81' lang='lat' dir='ltr'><strong>Similem</strong></span> <span class='ocrx_word' id='word_1_86' title='bbox 2692 1467 2829 1535; x_wconf 87' lang='lat' dir='ltr'><strong>fere</strong></span> <span class='ocrx_word' id='word_1_87' title='bbox 2877 1469 3287 1557; x_wconf 78' lang='lat' dir='ltr'><strong>disciplinam</strong></span> <span class='ocrx_word' id='word_1_88' title='bbox 3333 1471 3809 1537; x_wconf 89' lang='lat' dir='ltr'><strong>observandam</strong></span> 
     </span>
     <span class='ocr_line' id='line_1_16' title="bbox 760 1567 3810 1662; baseline 0.002 -28"><span class='ocrx_word' id='word_1_89' title='bbox 760 1570 1116 1636; x_wconf 76' lang='lat' dir='ltr'><strong>inculcavit</strong></span> <span class='ocrx_word' id='word_1_90' title='bbox 1186 1568 1491 1656; x_wconf 82' lang='lat' dir='ltr'><strong>Synodus</strong></span> <span class='ocrx_word' id='word_1_91' title='bbox 1561 1567 1949 1634; x_wconf 88' lang='lat' dir='ltr'><strong>dioecesana</strong></span> <span class='ocrx_word' id='word_1_92' title='bbox 2007 1589 2113 1633; x_wconf 87' lang='lat' dir='ltr'><strong>an.</strong></span> <span class='ocrx_word' id='word_1_93' title='bbox 2183 1569 2357 1632; x_wconf 88' lang='lat'>1310</span> <span class='ocrx_word' id='word_1_94' title='bbox 2418 1569 2766 1656; x_wconf 87' lang='lat' dir='ltr'><strong>Ultrajecti</strong></span> <span class='ocrx_word' id='word_1_95' title='bbox 2829 1574 3196 1658; x_wconf 89' lang='lat' dir='ltr'><strong>celebrata,</strong></span> <span class='ocrx_word' id='word_1_96' title='bbox 3267 1576 3337 1640; x_wconf 90' lang='lat' dir='ltr'><strong>in</strong></span> <span class='ocrx_word' id='word_1_97' title='bbox 3399 1596 3529 1662; x_wconf 89' lang='lat' dir='ltr'><strong>qua</strong></span> <span class='ocrx_word' id='word_1_98' title='bbox 3590 1574 3810 1641; x_wconf 86' lang='lat' dir='ltr'><strong>Guido</strong></span> 
     </span>
     <span class='ocr_line' id='line_1_17' title="bbox 761 1672 3810 1761; baseline 0.001 -22"><span class='ocrx_word' id='word_1_99' title='bbox 761 1673 1106 1761; x_wconf 90' lang='lat' dir='ltr'><strong>episcopus</strong></span> <span class='ocrx_word' id='word_1_100' title='bbox 1175 1694 1487 1761; x_wconf 85' lang='lat' dir='ltr'><strong>expresse</strong></span> <span class='ocrx_word' id='word_1_101' title='bbox 1555 1673 1926 1761; x_wconf 86' lang='lat' dir='ltr'><strong>prohibuit:</strong></span> <span class='ocrx_word' id='word_1_102' title='bbox 2005 1691 2128 1753; x_wconf 83' lang='lat' dir='ltr'><strong>„ne</strong></span> <span class='ocrx_word' id='word_1_103' title='bbox 2199 1672 2436 1759; x_wconf 86' lang='lat' dir='ltr'><strong>aliquis</strong></span> <span class='ocrx_word' id='word_1_104' title='bbox 2503 1675 2850 1760; x_wconf 84' lang='lat' dir='ltr'><strong>presbyter</strong></span> <span class='ocrx_word' id='word_1_105' title='bbox 2919 1675 3176 1743; x_wconf 90' lang='lat' dir='ltr'><strong>duabus</strong></span> <span class='ocrx_word' id='word_1_106' title='bbox 3244 1679 3536 1744; x_wconf 90' lang='lat' dir='ltr'><strong>ecclesiis</strong></span> <span class='ocrx_word' id='word_1_107' title='bbox 3608 1726 3624 1742; x_wconf 96' lang='lat'><strong>.</strong></span> <span class='ocrx_word' id='word_1_108' title='bbox 3670 1726 3687 1743; x_wconf 96' lang='lat'><strong>.</strong></span> <span class='ocrx_word' id='word_1_109' title='bbox 3733 1727 3749 1743; x_wconf 93' lang='lat'><strong>.</strong></span> <span class='ocrx_word' id='word_1_110' title='bbox 3793 1725 3810 1743; x_wconf 94' lang='lat'><strong>.</strong></span> 
     </span>
    </p>
   </div>
   <div class='ocr_carea' id='block_1_6' title="bbox 763 1776 3807 1973">
    <p class='ocr_par' dir='ltr' id='par_1_6' title="bbox 763 1776 3807 1973">
     <span class='ocr_line' id='line_1_18' title="bbox 763 1776 1219 1843; baseline 0 -1"><span class='ocrx_word' id='word_1_111' title='bbox 763 1776 1156 1843; x_wconf 89' lang='lat' dir='ltr'><strong>deserviat.’&#39;</strong></span> <span class='ocrx_word' id='word_1_112' title='bbox 1189 1779 1219 1823; x_wconf 65' lang='grc' dir='ltr'><strong>Β</strong></span> 
     </span>
     <span class='ocr_line' id='line_1_19' title="bbox 983 1779 3807 1973; baseline 0.001 -26"><span class='ocrx_word' id='word_1_113' title='bbox 983 1779 1461 1948; x_wconf 72' lang='lat' dir='ltr'><strong>Verum)tamen</strong></span> <span class='ocrx_word' id='word_1_114' title='bbox 1530 1903 1726 1970; x_wconf 91' lang='lat' dir='ltr'><strong>super</strong></span> <span class='ocrx_word' id='word_1_115' title='bbox 1792 1881 1941 1966; x_wconf 90' lang='lat' dir='ltr'><strong>lege</strong></span> <span class='ocrx_word' id='word_1_116' title='bbox 2003 1885 2139 1944; x_wconf 88' lang='lat' dir='ltr'><strong>tam</strong></span> <span class='ocrx_word' id='word_1_117' title='bbox 2199 1879 2472 1945; x_wconf 89' lang='lat' dir='ltr'><strong>salutari</strong></span> <span class='ocrx_word' id='word_1_118' title='bbox 2539 1882 2739 1946; x_wconf 89' lang='lat' dir='ltr'><strong>etiam</strong></span> <span class='ocrx_word' id='word_1_119' title='bbox 2802 1882 2872 1946; x_wconf 91' lang='lat' dir='ltr'><strong>in</strong></span> <span class='ocrx_word' id='word_1_120' title='bbox 2932 1884 3233 1969; x_wconf 87' lang='lat' dir='ltr'><strong>partibus</strong></span> <span class='ocrx_word' id='word_1_121' title='bbox 3279 1886 3518 1951; x_wconf 89' lang='lat' dir='ltr'><strong>nostris</strong></span> <span class='ocrx_word' id='word_1_122' title='bbox 3566 1887 3807 1973; x_wconf 88' lang='lat' dir='ltr'><strong>saepis-</strong></span> 
     </span>
    </p>
   </div>
   <div class='ocr_carea' id='block_1_7' title="bbox 746 1983 3808 4153">
    <p class='ocr_par' dir='ltr' id='par_1_7' title="bbox 746 1983 3808 4153">
     <span class='ocr_line' id='line_1_20' title="bbox 763 1983 3808 2073; baseline 0.002 -23"><span class='ocrx_word' id='word_1_123' title='bbox 763 1986 926 2051; x_wconf 88' lang='lat' dir='ltr'><strong>sime</strong></span> <span class='ocrx_word' id='word_1_124' title='bbox 985 1986 1187 2051; x_wconf 87' lang='lat' dir='ltr'><strong>fuisse</strong></span> <span class='ocrx_word' id='word_1_125' title='bbox 1250 1985 1732 2073; x_wconf 89' lang='lat' dir='ltr'><strong>dispensatum,</strong></span> <span class='ocrx_word' id='word_1_126' title='bbox 1794 1985 2159 2050; x_wconf 74' lang='lat' dir='ltr'><strong>Bullatium</strong></span> <span class='ocrx_word' id='word_1_127' title='bbox 2213 1983 2638 2069; x_wconf 82' lang='lat' dir='ltr'><strong>Trajectense</strong></span> <span class='ocrx_word' id='word_1_128' title='bbox 2687 1987 2859 2051; x_wconf 88' lang='lat' dir='ltr'><strong>clare</strong></span> <span class='ocrx_word' id='word_1_129' title='bbox 2906 1985 3332 2056; x_wconf 88' lang='lat' dir='ltr'><strong>demonstrat.</strong></span> <span class='ocrx_word' id='word_1_130' title='bbox 3426 1990 3573 2056; x_wconf 90' lang='lat' dir='ltr'><strong>Hac</strong></span> <span class='ocrx_word' id='word_1_131' title='bbox 3618 1991 3689 2055; x_wconf 91' lang='lat' dir='ltr'><strong>in</strong></span> <span class='ocrx_word' id='word_1_132' title='bbox 3738 2011 3808 2056; x_wconf 92' lang='lat' dir='ltr'><strong>re</strong></span> 
     </span>
     <span class='ocr_line' id='line_1_21' title="bbox 756 2088 3808 2182; baseline 0.001 -27"><span class='ocrx_word' id='word_1_133' title='bbox 756 2090 945 2155; x_wconf 81' lang='lat' dir='ltr'><strong>Sedis</strong></span> <span class='ocrx_word' id='word_1_134' title='bbox 1014 2090 1438 2178; x_wconf 84' lang='lat' dir='ltr'><strong>Apostolicae</strong></span> <span class='ocrx_word' id='word_1_135' title='bbox 1500 2091 1695 2157; x_wconf 88' lang='lat' dir='ltr'><strong>venia</strong></span> <span class='ocrx_word' id='word_1_136' title='bbox 1755 2090 2006 2178; x_wconf 86' lang='lat' dir='ltr'><strong>primus</strong></span> <span class='ocrx_word' id='word_1_137' title='bbox 2063 2088 2303 2153; x_wconf 80' lang='lat' dir='ltr'><strong>fruitus</strong></span> <span class='ocrx_word' id='word_1_138' title='bbox 2364 2110 2508 2154; x_wconf 89' lang='lat' dir='ltr'><strong>esse</strong></span> <span class='ocrx_word' id='word_1_139' title='bbox 2573 2090 2817 2176; x_wconf 88' lang='lat' dir='ltr'><strong>legitur</strong></span> <span class='ocrx_word' id='word_1_140' title='bbox 2880 2092 3356 2159; x_wconf 89' lang='lat' dir='ltr'><strong>Willibrandus</strong></span> <span class='ocrx_word' id='word_1_141' title='bbox 3423 2095 3808 2182; x_wconf 88' lang='lat' dir='ltr'><strong>episcopus,</strong></span> 
     </span>
     <span class='ocr_line' id='line_1_22' title="bbox 753 2193 3807 2285; baseline 0.001 -26"><span class='ocrx_word' id='word_1_142' title='bbox 753 2196 861 2259; x_wconf 92' lang='lat' dir='ltr'><strong>cui</strong></span> <span class='ocrx_word' id='word_1_143' title='bbox 930 2217 1035 2262; x_wconf 92' lang='lat' dir='ltr'><strong>an.</strong></span> <span class='ocrx_word' id='word_1_144' title='bbox 1113 2198 1284 2261; x_wconf 87' lang='grc'><strong>1228</strong></span> <span class='ocrx_word' id='word_1_145' title='bbox 1356 2196 1713 2281; x_wconf 84' lang='lat' dir='ltr'><strong>Gregorius</strong></span> <span class='ocrx_word' id='word_1_146' title='bbox 1781 2214 1954 2281; x_wconf 88' lang='lat' dir='ltr'><strong>papa</strong></span> <span class='ocrx_word' id='word_1_147' title='bbox 2010 2193 2116 2258; x_wconf 89' lang='lat' dir='ltr'><strong>IX</strong></span> <span class='ocrx_word' id='word_1_148' title='bbox 2184 2194 2509 2258; x_wconf 89' lang='lat' dir='ltr'><strong>concessit</strong></span> <span class='ocrx_word' id='word_1_149' title='bbox 2569 2195 2950 2260; x_wconf 84' lang='lat' dir='ltr'><strong>facultatem</strong></span> <span class='ocrx_word' id='word_1_150' title='bbox 2997 2217 3143 2261; x_wconf 91' lang='lat' dir='ltr'><strong>cum</strong></span> <span class='ocrx_word' id='word_1_151' title='bbox 3194 2203 3509 2285; x_wconf 89' lang='lat' dir='ltr'><strong>quattuor</strong></span> <span class='ocrx_word' id='word_1_152' title='bbox 3555 2198 3807 2264; x_wconf 90' lang='lat' dir='ltr'><strong>clericis</strong></span> 
     </span>
     <span class='ocr_line' id='line_1_23' title="bbox 753 2294 3804 2389; baseline 0.002 -27"><span class='ocrx_word' id='word_1_153' title='bbox 753 2300 888 2365; x_wconf 88' lang='lat' dir='ltr'><strong>suis</strong></span> <span class='ocrx_word' id='word_1_154' title='bbox 949 2299 1372 2389; x_wconf 88' lang='lat' dir='ltr'><strong>dispensandi</strong></span> <span class='ocrx_word' id='word_1_155' title='bbox 1436 2322 1634 2389; x_wconf 90' lang='lat' dir='ltr'><strong>super</strong></span> <span class='ocrx_word' id='word_1_156' title='bbox 1694 2299 2071 2387; x_wconf 84' lang='lat' dir='ltr'><strong>pluralitate</strong></span> <span class='ocrx_word' id='word_1_157' title='bbox 2134 2294 2603 2362; x_wconf 89' lang='lat' dir='ltr'><strong>beneficiorum</strong></span> <span class='ocrx_word' id='word_1_158' title='bbox 2649 2300 2856 2382; x_wconf 92' lang='lat' dir='ltr'><strong>(num.</strong></span> <span class='ocrx_word' id='word_1_159' title='bbox 2912 2301 3087 2383; x_wconf 87' lang='grc'><strong>120).</strong></span> <span class='ocrx_word' id='word_1_160' title='bbox 3180 2301 3462 2388; x_wconf 89' lang='lat' dir='ltr'><strong>Insuper</strong></span> <span class='ocrx_word' id='word_1_161' title='bbox 3511 2303 3804 2368; x_wconf 88' lang='lat' dir='ltr'><strong>Henrico</strong></span> 
     </span>
     <span class='ocr_line' id='line_1_24' title="bbox 753 2401 3805 2492; baseline 0.001 -25"><span class='ocrx_word' id='word_1_162' title='bbox 753 2403 1002 2469; x_wconf 90' lang='lat' dir='ltr'><strong>decano</strong></span> <span class='ocrx_word' id='word_1_163' title='bbox 1065 2405 1337 2491; x_wconf 82' lang='lat' dir='ltr'><strong>Majoris</strong></span> <span class='ocrx_word' id='word_1_164' title='bbox 1399 2405 1714 2471; x_wconf 90' lang='lat' dir='ltr'><strong>ecelesiae</strong></span> <span class='ocrx_word' id='word_1_165' title='bbox 1775 2401 2254 2488; x_wconf 85' lang='lat' dir='ltr'><strong>Trajectensis,</strong></span> <span class='ocrx_word' id='word_1_166' title='bbox 2317 2406 2394 2464; x_wconf 85' lang='lat' dir='ltr'><strong>ut</strong></span> <span class='ocrx_word' id='word_1_167' title='bbox 2457 2401 2792 2487; x_wconf 88' lang='lat' dir='ltr'><strong>complura</strong></span> <span class='ocrx_word' id='word_1_168' title='bbox 2857 2402 3179 2470; x_wconf 88' lang='lat' dir='ltr'><strong>beneficia</strong></span> <span class='ocrx_word' id='word_1_169' title='bbox 3238 2425 3595 2492; x_wconf 91' lang='lat' dir='ltr'><strong>eorumque</strong></span> <span class='ocrx_word' id='word_1_170' title='bbox 3644 2427 3805 2471; x_wconf 90' lang='lat' dir='ltr'><strong>non·</strong></span> 
     </span>
     <span class='ocr_line' id='line_1_25' title="bbox 753 2504 3807 2588; baseline 0.001 -16"><span class='ocrx_word' id='word_1_171' title='bbox 753 2508 934 2575; x_wconf 89' lang='lat' dir='ltr'><strong>nulla</strong></span> <span class='ocrx_word' id='word_1_172' title='bbox 1002 2531 1151 2575; x_wconf 91' lang='lat' dir='ltr'><strong>cum</strong></span> <span class='ocrx_word' id='word_1_173' title='bbox 1220 2511 1583 2575; x_wconf 89' lang='lat' dir='ltr'><strong>animarum</strong></span> <span class='ocrx_word' id='word_1_174' title='bbox 1652 2529 1810 2574; x_wconf 89' lang='lat' dir='ltr'><strong>cura</strong></span> <span class='ocrx_word' id='word_1_175' title='bbox 1873 2526 2138 2572; x_wconf 87' lang='lat' dir='ltr'><strong>annexa</strong></span> <span class='ocrx_word' id='word_1_176' title='bbox 2204 2504 2491 2568; x_wconf 88' lang='lat' dir='ltr'><strong>retinere</strong></span> <span class='ocrx_word' id='word_1_177' title='bbox 2560 2504 2825 2588; x_wconf 88' lang='lat' dir='ltr'><strong>liceret,</strong></span> <span class='ocrx_word' id='word_1_178' title='bbox 2897 2527 3002 2571; x_wconf 88' lang='lat' dir='ltr'><strong>an.</strong></span> <span class='ocrx_word' id='word_1_179' title='bbox 3072 2510 3243 2573; x_wconf 85' lang='lat'>1236</span> <span class='ocrx_word' id='word_1_180' title='bbox 3306 2509 3638 2575; x_wconf 91' lang='lat' dir='ltr'><strong>indultum</strong></span> <span class='ocrx_word' id='word_1_181' title='bbox 3703 2517 3807 2574; x_wconf 90' lang='lat' dir='ltr'><strong>est</strong></span> 
     </span>
     <span class='ocr_line' id='line_1_26' title="bbox 752 2609 3801 2699; baseline 0 -22"><span class='ocrx_word' id='word_1_182' title='bbox 752 2614 958 2694; x_wconf 91' lang='lat' dir='ltr'><strong>(num.</strong></span> <span class='ocrx_word' id='word_1_183' title='bbox 1013 2617 1187 2698; x_wconf 88' lang='lat'>149).</span> <span class='ocrx_word' id='word_1_184' title='bbox 1281 2612 1577 2680; x_wconf 85' lang='lat' dir='ltr'><strong>Eandem</strong></span> <span class='ocrx_word' id='word_1_185' title='bbox 1633 2613 1910 2699; x_wconf 86' lang='lat' dir='ltr'><strong>gratiam</strong></span> <span class='ocrx_word' id='word_1_186' title='bbox 1955 2609 2130 2697; x_wconf 87' lang='lat' dir='ltr'><strong>apud</strong></span> <span class='ocrx_word' id='word_1_187' title='bbox 2177 2627 2298 2672; x_wconf 86' lang='lat' dir='ltr'><strong>nos</strong></span> <span class='ocrx_word' id='word_1_188' title='bbox 2344 2609 2589 2694; x_wconf 90' lang='lat' dir='ltr'><strong>septies</strong></span> <span class='ocrx_word' id='word_1_189' title='bbox 2638 2611 3034 2676; x_wconf 87' lang='lat' dir='ltr'><strong>concessisse</strong></span> <span class='ocrx_word' id='word_1_190' title='bbox 3081 2612 3324 2697; x_wconf 87' lang='lat' dir='ltr'><strong>legitur</strong></span> <span class='ocrx_word' id='word_1_191' title='bbox 3369 2613 3801 2680; x_wconf 90' lang='lat' dir='ltr'><strong>Innocentius</strong></span> 
     </span>
     <span class='ocr_line' id='line_1_27' title="bbox 751 2710 3796 2805; baseline 0 -23"><span class='ocrx_word' id='word_1_192' title='bbox 751 2738 925 2804; x_wconf 88' lang='lat' dir='ltr'><strong>papa</strong></span> <span class='ocrx_word' id='word_1_193' title='bbox 967 2719 1088 2801; x_wconf 88' lang='lat' dir='ltr'><strong>IV,</strong></span> <span class='ocrx_word' id='word_1_194' title='bbox 1136 2719 1252 2784; x_wconf 90' lang='lat' dir='ltr'><strong>sed</strong></span> <span class='ocrx_word' id='word_1_195' title='bbox 1299 2721 1443 2805; x_wconf 88' lang='lat' dir='ltr'><strong>ejus</strong></span> <span class='ocrx_word' id='word_1_196' title='bbox 1488 2737 1895 2783; x_wconf 90' lang='lat' dir='ltr'><strong>successores</strong></span> <span class='ocrx_word' id='word_1_197' title='bbox 1941 2713 2237 2780; x_wconf 86' lang='lat' dir='ltr'><strong>continui</strong></span> <span class='ocrx_word' id='word_1_198' title='bbox 2283 2732 2477 2798; x_wconf 86' lang='lat' dir='ltr'><strong>parce</strong></span> <span class='ocrx_word' id='word_1_199' title='bbox 2525 2710 2880 2778; x_wconf 89' lang='lat' dir='ltr'><strong>admodum</strong></span> <span class='ocrx_word' id='word_1_200' title='bbox 2925 2716 3183 2801; x_wconf 87' lang='lat' dir='ltr'><strong>elargiti</strong></span> <span class='ocrx_word' id='word_1_201' title='bbox 3227 2717 3426 2783; x_wconf 85' lang='lat' dir='ltr'><strong>fuisse</strong></span> <span class='ocrx_word' id='word_1_202' title='bbox 3466 2717 3796 2801; x_wconf 90' lang='lat' dir='ltr'><strong>videntur,</strong></span> 
     </span>
     <span class='ocr_line' id='line_1_28' title="bbox 754 2816 3798 2904; baseline 0.001 -20"><span class='ocrx_word' id='word_1_203' title='bbox 754 2820 964 2886; x_wconf 87' lang='lat' dir='ltr'><strong>donec</strong></span> <span class='ocrx_word' id='word_1_204' title='bbox 1028 2823 1294 2888; x_wconf 89' lang='lat' dir='ltr'><strong>tandem</strong></span> <span class='ocrx_word' id='word_1_205' title='bbox 1356 2823 1476 2887; x_wconf 91' lang='lat' dir='ltr'><strong>sub</strong></span> <span class='ocrx_word' id='word_1_206' title='bbox 1542 2819 1974 2886; x_wconf 88' lang='lat' dir='ltr'><strong>Pontificibus</strong></span> <span class='ocrx_word' id='word_1_207' title='bbox 2040 2816 2616 2884; x_wconf 84' lang='lat' dir='ltr'><strong>Avenionensibus</strong></span> <span class='ocrx_word' id='word_1_208' title='bbox 2676 2817 3101 2904; x_wconf 88' lang='lat' dir='ltr'><strong>dispensandi</strong></span> <span class='ocrx_word' id='word_1_209' title='bbox 3154 2822 3512 2888; x_wconf 85' lang='lat' dir='ltr'><strong>liberalitas</strong></span> <span class='ocrx_word' id='word_1_210' title='bbox 3558 2824 3629 2887; x_wconf 90' lang='lat' dir='ltr'><strong>in</strong></span> <span class='ocrx_word' id='word_1_211' title='bbox 3673 2822 3798 2887; x_wconf 89' lang='lat' dir='ltr'><strong>hac</strong></span> 
     </span>
     <span class='ocr_line' id='line_1_29' title="bbox 753 2919 3802 3014; baseline 0.001 -26"><span class='ocrx_word' id='word_1_212' title='bbox 753 2944 1016 3011; x_wconf 90' lang='lat' dir='ltr'><strong>quoque</strong></span> <span class='ocrx_word' id='word_1_213' title='bbox 1085 2947 1156 2992; x_wconf 96' lang='lat' dir='ltr'><strong>re</strong></span> <span class='ocrx_word' id='word_1_214' title='bbox 1226 2927 1435 3012; x_wconf 88' lang='lat' dir='ltr'><strong>magis</strong></span> <span class='ocrx_word' id='word_1_215' title='bbox 1502 2925 1841 3011; x_wconf 84' lang='lat' dir='ltr'><strong>magisque</strong></span> <span class='ocrx_word' id='word_1_216' title='bbox 1910 2921 2280 3010; x_wconf 89' lang='lat' dir='ltr'><strong>proficeret.</strong></span> <span class='ocrx_word' id='word_1_217' title='bbox 2373 2919 2637 2985; x_wconf 82' lang='lat' dir='ltr'><strong>Etenim</strong></span> <span class='ocrx_word' id='word_1_218' title='bbox 2705 2928 2969 3009; x_wconf 90' lang='lat' dir='ltr'><strong>praeter</strong></span> <span class='ocrx_word' id='word_1_219' title='bbox 3017 2923 3539 3011; x_wconf 88' lang='lat' dir='ltr'><strong>dispensationes</strong></span> <span class='ocrx_word' id='word_1_220' title='bbox 3557 2938 3588 3009; x_wconf 71' lang='lat'><strong>,⁴</strong></span> <span class='ocrx_word' id='word_1_221' title='bbox 3640 2948 3802 3014; x_wconf 89' lang='lat' dir='ltr'><strong>quas</strong></span> 
     </span>
     <span class='ocr_line' id='line_1_30' title="bbox 751 3026 3800 3116; baseline 0.001 -26"><span class='ocrx_word' id='word_1_222' title='bbox 751 3047 950 3115; x_wconf 88' lang='lat' dir='ltr'><strong>super</strong></span> <span class='ocrx_word' id='word_1_223' title='bbox 993 3030 1458 3096; x_wconf 86' lang='lat' dir='ltr'><strong>beneficiorum</strong></span> <span class='ocrx_word' id='word_1_224' title='bbox 1506 3029 1882 3116; x_wconf 87' lang='lat' dir='ltr'><strong>pluralitate</strong></span> <span class='ocrx_word' id='word_1_225' title='bbox 1928 3027 1998 3091; x_wconf 90' lang='lat' dir='ltr'><strong>in</strong></span> <span class='ocrx_word' id='word_1_226' title='bbox 2044 3026 2253 3091; x_wconf 86' lang='lat' dir='ltr'><strong>forma</strong></span> <span class='ocrx_word' id='word_1_227' title='bbox 2302 3045 2615 3111; x_wconf 79' lang='lat' dir='ltr'><strong>expressa</strong></span> <span class='ocrx_word' id='word_1_228' title='bbox 2655 3027 2915 3114; x_wconf 89' lang='lat' dir='ltr'><strong>saepius</strong></span> <span class='ocrx_word' id='word_1_229' title='bbox 2948 3036 3413 3095; x_wconf 86' lang='lat' dir='ltr'><strong>concesserunt</strong></span> <span class='ocrx_word' id='word_1_230' title='bbox 3443 3031 3800 3096; x_wconf 90' lang='lat' dir='ltr'><strong>Pontifices</strong></span> 
     </span>
     <span class='ocr_line' id='line_1_31' title="bbox 749 3129 3801 3221; baseline -0 -22"><span class='ocrx_word' id='word_1_231' title='bbox 749 3133 1285 3218; x_wconf 82' lang='lat' dir='ltr'><strong>Avenionenses,</strong></span> <span class='ocrx_word' id='word_1_232' title='bbox 1348 3135 1701 3199; x_wconf 84' lang='lat' dir='ltr'><strong>maximam</strong></span> <span class='ocrx_word' id='word_1_233' title='bbox 1758 3132 1867 3197; x_wconf 89' lang='lat' dir='ltr'><strong>hic</strong></span> <span class='ocrx_word' id='word_1_234' title='bbox 1930 3136 2191 3218; x_wconf 88' lang='lat' dir='ltr'><strong>oportet</strong></span> <span class='ocrx_word' id='word_1_235' title='bbox 2245 3129 2568 3193; x_wconf 89' lang='lat' dir='ltr'><strong>rationem</strong></span> <span class='ocrx_word' id='word_1_236' title='bbox 2614 3129 2858 3195; x_wconf 89' lang='lat' dir='ltr'><strong>habere</strong></span> <span class='ocrx_word' id='word_1_237' title='bbox 2905 3131 3236 3198; x_wconf 89' lang='lat' dir='ltr'><strong>clausulae</strong></span> <span class='ocrx_word' id='word_1_238' title='bbox 3283 3134 3355 3199; x_wconf 93' lang='lat' dir='ltr'><strong>in</strong></span> <span class='ocrx_word' id='word_1_239' title='bbox 3398 3134 3607 3200; x_wconf 87' lang='lat' dir='ltr'><strong>literis</strong></span> <span class='ocrx_word' id='word_1_240' title='bbox 3652 3154 3801 3221; x_wconf 90' lang='lat' dir='ltr'><strong>pro-</strong></span> 
     </span>
     <span class='ocr_line' id='line_1_32' title="bbox 749 3232 3796 3321; baseline 0 -19"><span class='ocrx_word' id='word_1_241' title='bbox 749 3237 1021 3302; x_wconf 83' lang='lat' dir='ltr'><strong>visionis</strong></span> <span class='ocrx_word' id='word_1_242' title='bbox 1083 3237 1362 3304; x_wconf 91' lang='lat' dir='ltr'><strong>subinde</strong></span> <span class='ocrx_word' id='word_1_243' title='bbox 1426 3237 1861 3303; x_wconf 91' lang='lat' dir='ltr'><strong>occurrentis:</strong></span> <span class='ocrx_word' id='word_1_244' title='bbox 1916 3236 2105 3316; x_wconf 79' lang='lat' dir='ltr'><strong>¹‚Non</strong></span> <span class='ocrx_word' id='word_1_245' title='bbox 2152 3232 2567 3298; x_wconf 89' lang='lat' dir='ltr'><strong>obstantibus</strong></span> <span class='ocrx_word' id='word_1_246' title='bbox 2585 3233 2647 3316; x_wconf 93' lang='lat'><strong>,&#39;&#39;</strong></span> <span class='ocrx_word' id='word_1_247' title='bbox 2696 3233 3225 3321; x_wconf 89' lang='lat' dir='ltr'><strong>quandoquidem</strong></span> <span class='ocrx_word' id='word_1_248' title='bbox 3273 3238 3423 3303; x_wconf 89' lang='lat' dir='ltr'><strong>talis</strong></span> <span class='ocrx_word' id='word_1_249' title='bbox 3468 3238 3796 3320; x_wconf 87' lang='lat' dir='ltr'><strong>clausula,</strong></span> 
     </span>
     <span class='ocr_line' id='line_1_33' title="bbox 751 3338 3800 3431; baseline 0 -26"><span class='ocrx_word' id='word_1_250' title='bbox 751 3343 1011 3427; x_wconf 91' lang='lat' dir='ltr'><strong>quoties</strong></span> <span class='ocrx_word' id='word_1_251' title='bbox 1059 3364 1224 3431; x_wconf 89' lang='lat' dir='ltr'><strong>opus</strong></span> <span class='ocrx_word' id='word_1_252' title='bbox 1271 3348 1442 3425; x_wconf 90' lang='lat' dir='ltr'><strong>erat,</strong></span> <span class='ocrx_word' id='word_1_253' title='bbox 1492 3362 1625 3406; x_wconf 91' lang='lat' dir='ltr'><strong>una</strong></span> <span class='ocrx_word' id='word_1_254' title='bbox 1669 3361 1818 3406; x_wconf 90' lang='lat' dir='ltr'><strong>cum</strong></span> <span class='ocrx_word' id='word_1_255' title='bbox 1866 3340 2219 3405; x_wconf 87' lang='lat' dir='ltr'><strong>collatione</strong></span> <span class='ocrx_word' id='word_1_256' title='bbox 2267 3338 2373 3403; x_wconf 91' lang='lat' dir='ltr'><strong>vel</strong></span> <span class='ocrx_word' id='word_1_257' title='bbox 2418 3339 2864 3403; x_wconf 86' lang='lat' dir='ltr'><strong>reservatione</strong></span> <span class='ocrx_word' id='word_1_258' title='bbox 2911 3341 3065 3403; x_wconf 90' lang='lat' dir='ltr'><strong>novi</strong></span> <span class='ocrx_word' id='word_1_259' title='bbox 3111 3342 3451 3426; x_wconf 89' lang='lat' dir='ltr'><strong>cujusdam</strong></span> <span class='ocrx_word' id='word_1_260' title='bbox 3496 3342 3800 3408; x_wconf 91' lang='lat' dir='ltr'><strong>beneficii</strong></span> 
     </span>
     <span class='ocr_line' id='line_1_34' title="bbox 751 3441 3791 3533; baseline -0.001 -20"><span class='ocrx_word' id='word_1_261' title='bbox 751 3448 1008 3513; x_wconf 87' lang='lat' dir='ltr'><strong>efficere</strong></span> <span class='ocrx_word' id='word_1_262' title='bbox 1067 3447 1324 3512; x_wconf 88' lang='lat' dir='ltr'><strong>solebat</strong></span> <span class='ocrx_word' id='word_1_263' title='bbox 1386 3444 1977 3531; x_wconf 89' lang='lat' dir='ltr'><strong>dispensationem,</strong></span> <span class='ocrx_word' id='word_1_264' title='bbox 2047 3441 2378 3508; x_wconf 88' lang='lat' dir='ltr'><strong>retinendi</strong></span> <span class='ocrx_word' id='word_1_265' title='bbox 2438 3442 2568 3507; x_wconf 88' lang='lat' dir='ltr'><strong>alia</strong></span> <span class='ocrx_word' id='word_1_266' title='bbox 2629 3441 2947 3507; x_wconf 88' lang='lat' dir='ltr'><strong>beneficia</strong></span> <span class='ocrx_word' id='word_1_267' title='bbox 2998 3444 3139 3528; x_wconf 85' lang='lat' dir='ltr'><strong>jam</strong></span> <span class='ocrx_word' id='word_1_268' title='bbox 3203 3443 3450 3510; x_wconf 90' lang='lat' dir='ltr'><strong>dudum</strong></span> <span class='ocrx_word' id='word_1_269' title='bbox 3498 3448 3791 3533; x_wconf 86' lang='lat' dir='ltr'><strong>legitime</strong></span> 
     </span>
     <span class='ocr_line' id='line_1_35' title="bbox 749 3546 3796 3638; baseline 0 -22"><span class='ocrx_word' id='word_1_270' title='bbox 749 3557 1071 3638; x_wconf 86' lang='lat' dir='ltr'><strong>occupata</strong></span> <span class='ocrx_word' id='word_1_271' title='bbox 1128 3554 1217 3636; x_wconf 90' lang='lat' dir='ltr'><strong>(v.</strong></span> <span class='ocrx_word' id='word_1_272' title='bbox 1282 3571 1377 3635; x_wconf 90' lang='lat' dir='ltr'><strong>gr.</strong></span> <span class='ocrx_word' id='word_1_273' title='bbox 1441 3570 1618 3614; x_wconf 90' lang='lat' dir='ltr'><strong>num.</strong></span> <span class='ocrx_word' id='word_1_274' title='bbox 1683 3550 1904 3632; x_wconf 84' lang='lat'><strong>1039).</strong></span> <span class='ocrx_word' id='word_1_275' title='bbox 1996 3547 2484 3633; x_wconf 88' lang='lat' dir='ltr'><strong>Nonnunquam</strong></span> <span class='ocrx_word' id='word_1_276' title='bbox 2533 3551 2756 3610; x_wconf 90' lang='lat' dir='ltr'><strong>tamen</strong></span> <span class='ocrx_word' id='word_1_277' title='bbox 2801 3546 2872 3610; x_wconf 91' lang='lat' dir='ltr'><strong>in</strong></span> <span class='ocrx_word' id='word_1_278' title='bbox 2919 3546 3042 3612; x_wconf 88' lang='lat' dir='ltr'><strong>hac</strong></span> <span class='ocrx_word' id='word_1_279' title='bbox 3090 3547 3513 3635; x_wconf 88' lang='lat' dir='ltr'><strong>dispensandi</strong></span> <span class='ocrx_word' id='word_1_280' title='bbox 3560 3551 3796 3616; x_wconf 87' lang='lat' dir='ltr'><strong>libera-</strong></span> 
     </span>
     <span class='ocr_line' id='line_1_36' title="bbox 747 3650 3797 3742; baseline 0 -24"><span class='ocrx_word' id='word_1_281' title='bbox 747 3655 937 3719; x_wconf 87' lang='lat' dir='ltr'><strong>litate</strong></span> <span class='ocrx_word' id='word_1_282' title='bbox 1008 3656 1225 3742; x_wconf 91' lang='lat' dir='ltr'><strong>aliquo</strong></span> <span class='ocrx_word' id='word_1_283' title='bbox 1293 3652 1738 3720; x_wconf 88' lang='lat' dir='ltr'><strong>moderamine</strong></span> <span class='ocrx_word' id='word_1_284' title='bbox 1810 3653 1909 3717; x_wconf 92' lang='lat' dir='ltr'><strong>usi</strong></span> <span class='ocrx_word' id='word_1_285' title='bbox 1977 3659 2131 3717; x_wconf 88' lang='lat' dir='ltr'><strong>sunt</strong></span> <span class='ocrx_word' id='word_1_286' title='bbox 2200 3651 2452 3716; x_wconf 84' lang='lat' dir='ltr'><strong>Summi</strong></span> <span class='ocrx_word' id='word_1_287' title='bbox 2521 3650 2915 3732; x_wconf 89' lang='lat' dir='ltr'><strong>Pontifices,</strong></span> <span class='ocrx_word' id='word_1_288' title='bbox 2987 3653 3098 3738; x_wconf 92' lang='lat' dir='ltr'><strong>qui</strong></span> <span class='ocrx_word' id='word_1_289' title='bbox 3161 3652 3510 3721; x_wconf 85' lang='lat' dir='ltr'><strong>Avenione</strong></span> <span class='ocrx_word' id='word_1_290' title='bbox 3568 3655 3797 3722; x_wconf 90' lang='lat' dir='ltr'><strong>sedem</strong></span> 
     </span>
     <span class='ocr_line' id='line_1_37' title="bbox 747 3753 3797 3847; baseline 0 -24"><span class='ocrx_word' id='word_1_291' title='bbox 747 3758 1160 3843; x_wconf 88' lang='lat' dir='ltr'><strong>habuerunt,</strong></span> <span class='ocrx_word' id='word_1_292' title='bbox 1216 3758 1415 3845; x_wconf 90' lang='lat' dir='ltr'><strong>idque</strong></span> <span class='ocrx_word' id='word_1_293' title='bbox 1476 3779 1633 3846; x_wconf 90' lang='lat' dir='ltr'><strong>prae</strong></span> <span class='ocrx_word' id='word_1_294' title='bbox 1695 3758 1971 3823; x_wconf 89' lang='lat' dir='ltr'><strong>caeteris</strong></span> <span class='ocrx_word' id='word_1_295' title='bbox 2035 3757 2347 3823; x_wconf 88' lang='lat' dir='ltr'><strong>Urbanus</strong></span> <span class='ocrx_word' id='word_1_296' title='bbox 2408 3775 2582 3842; x_wconf 90' lang='lat' dir='ltr'><strong>papa</strong></span> <span class='ocrx_word' id='word_1_297' title='bbox 2639 3753 2725 3837; x_wconf 89' lang='lat' dir='ltr'><strong>V,</strong></span> <span class='ocrx_word' id='word_1_298' title='bbox 2773 3755 3232 3841; x_wconf 88' lang='lat' dir='ltr'><strong>subjungendo</strong></span> <span class='ocrx_word' id='word_1_299' title='bbox 3279 3759 3351 3823; x_wconf 91' lang='lat' dir='ltr'><strong>in</strong></span> <span class='ocrx_word' id='word_1_300' title='bbox 3396 3759 3603 3824; x_wconf 90' lang='lat' dir='ltr'><strong>literis</strong></span> <span class='ocrx_word' id='word_1_301' title='bbox 3647 3779 3797 3847; x_wconf 91' lang='lat' dir='ltr'><strong>pro-</strong></span> 
     </span>
     <span class='ocr_line' id='line_1_38' title="bbox 746 3856 3795 3949; baseline -0 -21"><span class='ocrx_word' id='word_1_302' title='bbox 746 3864 1017 3929; x_wconf 83' lang='lat' dir='ltr'><strong>visionis</strong></span> <span class='ocrx_word' id='word_1_303' title='bbox 1087 3862 1528 3929; x_wconf 87' lang='lat' dir='ltr'><strong>conditionem</strong></span> <span class='ocrx_word' id='word_1_304' title='bbox 1602 3881 2011 3948; x_wconf 90' lang='lat' dir='ltr'><strong>summopere</strong></span> <span class='ocrx_word' id='word_1_305' title='bbox 2082 3879 2472 3944; x_wconf 87' lang='lat' dir='ltr'><strong>congruam:</strong></span> <span class='ocrx_word' id='word_1_306' title='bbox 2546 3856 2898 3922; x_wconf 89' lang='lat' dir='ltr'><strong>dummodo</strong></span> <span class='ocrx_word' id='word_1_307' title='bbox 2968 3859 3171 3925; x_wconf 88' lang='lat' dir='ltr'><strong>cliens</strong></span> <span class='ocrx_word' id='word_1_308' title='bbox 3219 3861 3505 3948; x_wconf 88' lang='lat' dir='ltr'><strong>papalis,</strong></span> <span class='ocrx_word' id='word_1_309' title='bbox 3571 3884 3795 3949; x_wconf 90' lang='lat' dir='ltr'><strong>quam·</strong></span> 
     </span>
     <span class='ocr_line' id='line_1_39' title="bbox 746 3963 3795 4054; baseline -0.001 -21"><span class='ocrx_word' id='word_1_310' title='bbox 746 3969 1027 4054; x_wconf 90' lang='lat' dir='ltr'><strong>primum</strong></span> <span class='ocrx_word' id='word_1_311' title='bbox 1074 3968 1465 4033; x_wconf 85' lang='lat' dir='ltr'><strong>beneficium</strong></span> <span class='ocrx_word' id='word_1_312' title='bbox 1514 3966 1640 4030; x_wconf 90' lang='lat' dir='ltr'><strong>sibi</strong></span> <span class='ocrx_word' id='word_1_313' title='bbox 1687 3964 1770 4031; x_wconf 90' lang='lat' dir='ltr'><strong>de</strong></span> <span class='ocrx_word' id='word_1_314' title='bbox 1817 3987 1987 4030; x_wconf 93' lang='lat' dir='ltr'><strong>novo</strong></span> <span class='ocrx_word' id='word_1_315' title='bbox 2036 3965 2438 4049; x_wconf 87' lang='lat' dir='ltr'><strong>assignatum</strong></span> <span class='ocrx_word' id='word_1_316' title='bbox 2486 3963 2742 4047; x_wconf 88' lang='lat' dir='ltr'><strong>integre</strong></span> <span class='ocrx_word' id='word_1_317' title='bbox 2783 3969 2851 4026; x_wconf 94' lang='lat' dir='ltr'><strong>et</strong></span> <span class='ocrx_word' id='word_1_318' title='bbox 2897 3963 3168 4050; x_wconf 89' lang='lat' dir='ltr'><strong>pacifice</strong></span> <span class='ocrx_word' id='word_1_319' title='bbox 3208 3970 3384 4030; x_wconf 92' lang='lat' dir='ltr'><strong>esset</strong></span> <span class='ocrx_word' id='word_1_320' title='bbox 3425 3972 3795 4050; x_wconf 86' lang='lat' dir='ltr'><strong>assecutus,</strong></span> 
     </span>
     <span class='ocr_line' id='line_1_40' title="bbox 746 4066 3798 4153; baseline 0 -17"><span class='ocrx_word' id='word_1_321' title='bbox 746 4074 1015 4137; x_wconf 90' lang='lat' dir='ltr'><strong>omnino</strong></span> <span class='ocrx_word' id='word_1_322' title='bbox 1078 4071 1440 4138; x_wconf 89' lang='lat' dir='ltr'><strong>dimitteret</strong></span> <span class='ocrx_word' id='word_1_323' title='bbox 1501 4071 1780 4136; x_wconf 87' lang='lat' dir='ltr'><strong>alterum</strong></span> <span class='ocrx_word' id='word_1_324' title='bbox 1839 4069 2270 4150; x_wconf 88' lang='lat' dir='ltr'><strong>beneficium,</strong></span> <span class='ocrx_word' id='word_1_325' title='bbox 2342 4068 2727 4153; x_wconf 87' lang='lat' dir='ltr'><strong>praesertim</strong></span> <span class='ocrx_word' id='word_1_326' title='bbox 2789 4066 3020 4151; x_wconf 84' lang='lat' dir='ltr'><strong>siquod</strong></span> <span class='ocrx_word' id='word_1_327' title='bbox 3067 4067 3342 4135; x_wconf 91' lang='lat' dir='ltr'><strong>haberet</strong></span> <span class='ocrx_word' id='word_1_328' title='bbox 3389 4091 3611 4135; x_wconf 90' lang='lat' dir='ltr'><strong>curam</strong></span> <span class='ocrx_word' id='word_1_329' title='bbox 3659 4071 3798 4136; x_wconf 90' lang='lat' dir='ltr'><strong>ani-</strong></span> 
     </span>
    </p>
   </div>
   <div class='ocr_carea' id='block_1_8' title="bbox 740 4170 3793 5298">
    <p class='ocr_par' dir='ltr' id='par_1_8' title="bbox 746 4170 2748 4260">
     <span class='ocr_line' id='line_1_41' title="bbox 746 4170 2748 4260; baseline -0.003 -21"><span class='ocrx_word' id='word_1_330' title='bbox 746 4196 1001 4240; x_wconf 90' lang='lat' dir='ltr'><strong>marum</strong></span> <span class='ocrx_word' id='word_1_331' title='bbox 1047 4196 1375 4241; x_wconf 86' lang='lat' dir='ltr'><strong>annexam</strong></span> <span class='ocrx_word' id='word_1_332' title='bbox 1422 4177 1509 4260; x_wconf 92' lang='lat' dir='ltr'><strong>(v.</strong></span> <span class='ocrx_word' id='word_1_333' title='bbox 1558 4195 1653 4259; x_wconf 88' lang='lat' dir='ltr'><strong>gr.</strong></span> <span class='ocrx_word' id='word_1_334' title='bbox 1703 4195 1948 4239; x_wconf 88' lang='lat' dir='ltr'><strong>numm.</strong></span> <span class='ocrx_word' id='word_1_335' title='bbox 2001 4176 2210 4255; x_wconf 85' lang='grc'>1741,</span> <span class='ocrx_word' id='word_1_336' title='bbox 2264 4172 2473 4253; x_wconf 87' lang='grc'>1758,</span> <span class='ocrx_word' id='word_1_337' title='bbox 2527 4170 2748 4252; x_wconf 87' lang='grc'>1767).</span> 
     </span>
    </p>

    <p class='ocr_par' dir='ltr' id='par_1_9' title="bbox 744 4273 3793 4674">
     <span class='ocr_line' id='line_1_42' title="bbox 971 4273 3793 4363; baseline -0 -19"><span class='ocrx_word' id='word_1_338' title='bbox 971 4279 1194 4344; x_wconf 90' lang='lat' dir='ltr'><strong>Nihilo</strong></span> <span class='ocrx_word' id='word_1_339' title='bbox 1259 4279 1470 4344; x_wconf 92' lang='lat' dir='ltr'><strong>secius</strong></span> <span class='ocrx_word' id='word_1_340' title='bbox 1529 4277 1997 4342; x_wconf 88' lang='lat' dir='ltr'><strong>beneficiorum</strong></span> <span class='ocrx_word' id='word_1_341' title='bbox 2054 4274 2396 4363; x_wconf 88' lang='lat' dir='ltr'><strong>pluralitas</strong></span> <span class='ocrx_word' id='word_1_342' title='bbox 2459 4273 2697 4339; x_wconf 88' lang='lat' dir='ltr'><strong>nostris</strong></span> <span class='ocrx_word' id='word_1_343' title='bbox 2743 4274 2813 4337; x_wconf 91' lang='lat' dir='ltr'><strong>in</strong></span> <span class='ocrx_word' id='word_1_344' title='bbox 2857 4273 3154 4359; x_wconf 90' lang='lat' dir='ltr'><strong>partibus</strong></span> <span class='ocrx_word' id='word_1_345' title='bbox 3198 4275 3270 4338; x_wconf 91' lang='lat' dir='ltr'><strong>in</strong></span> <span class='ocrx_word' id='word_1_346' title='bbox 3316 4296 3564 4342; x_wconf 90' lang='lat' dir='ltr'><strong>morem</strong></span> <span class='ocrx_word' id='word_1_347' title='bbox 3610 4278 3793 4344; x_wconf 86' lang='lat' dir='ltr'><strong>abire</strong></span> 
     </span>
     <span class='ocr_line' id='line_1_43' title="bbox 744 4377 3791 4471; baseline 0 -23"><span class='ocrx_word' id='word_1_348' title='bbox 744 4385 1065 4471; x_wconf 88' lang='lat' dir='ltr'><strong>pergebat</strong></span> <span class='ocrx_word' id='word_1_349' title='bbox 1133 4403 1409 4468; x_wconf 90' lang='lat' dir='ltr'><strong>eamque</strong></span> <span class='ocrx_word' id='word_1_350' title='bbox 1478 4387 1810 4467; x_wconf 88' lang='lat' dir='ltr'><strong>tamquam</strong></span> <span class='ocrx_word' id='word_1_351' title='bbox 1882 4380 2156 4445; x_wconf 88' lang='lat' dir='ltr'><strong>abusum</strong></span> <span class='ocrx_word' id='word_1_352' title='bbox 2226 4379 2447 4464; x_wconf 89' lang='lat' dir='ltr'><strong>potius</strong></span> <span class='ocrx_word' id='word_1_353' title='bbox 2508 4398 2704 4463; x_wconf 89' lang='lat' dir='ltr'><strong>quam</strong></span> <span class='ocrx_word' id='word_1_354' title='bbox 2752 4397 2942 4441; x_wconf 90' lang='lat' dir='ltr'><strong>usum</strong></span> <span class='ocrx_word' id='word_1_355' title='bbox 2987 4377 3240 4442; x_wconf 90' lang='lat' dir='ltr'><strong>licitum</strong></span> <span class='ocrx_word' id='word_1_356' title='bbox 3288 4381 3522 4446; x_wconf 92' lang='lat' dir='ltr'><strong>merito</strong></span> <span class='ocrx_word' id='word_1_357' title='bbox 3570 4381 3791 4448; x_wconf 89' lang='lat' dir='ltr'><strong>redar-</strong></span> 
     </span>
     <span class='ocr_line' id='line_1_44' title="bbox 745 4481 3790 4572; baseline 0.001 -20"><span class='ocrx_word' id='word_1_358' title='bbox 745 4492 1032 4572; x_wconf 89' lang='lat' dir='ltr'><strong>guerunt</strong></span> <span class='ocrx_word' id='word_1_359' title='bbox 1077 4486 1199 4550; x_wconf 89' lang='lat' dir='ltr'><strong>viri</strong></span> <span class='ocrx_word' id='word_1_360' title='bbox 1248 4485 1700 4568; x_wconf 88' lang='lat' dir='ltr'><strong>ecclesiastici,</strong></span> <span class='ocrx_word' id='word_1_361' title='bbox 1749 4484 1861 4571; x_wconf 92' lang='lat' dir='ltr'><strong>qui</strong></span> <span class='ocrx_word' id='word_1_362' title='bbox 1909 4504 2077 4549; x_wconf 89' lang='lat' dir='ltr'><strong>saec.</strong></span> <span class='ocrx_word' id='word_1_363' title='bbox 2126 4481 2294 4547; x_wconf 88' lang='lat' dir='ltr'><strong>XIV</strong></span> <span class='ocrx_word' id='word_1_364' title='bbox 2342 4502 2594 4547; x_wconf 90' lang='lat' dir='ltr'><strong>morum</strong></span> <span class='ocrx_word' id='word_1_365' title='bbox 2642 4481 2965 4565; x_wconf 87' lang='lat' dir='ltr'><strong>gravitate</strong></span> <span class='ocrx_word' id='word_1_366' title='bbox 3014 4481 3188 4568; x_wconf 87' lang='lat' dir='ltr'><strong>apud</strong></span> <span class='ocrx_word' id='word_1_367' title='bbox 3238 4504 3356 4548; x_wconf 90' lang='lat' dir='ltr'><strong>nos</strong></span> <span class='ocrx_word' id='word_1_368' title='bbox 3399 4485 3790 4554; x_wconf 84' lang='lat' dir='ltr'><strong>excelluisse</strong></span> 
     </span>
     <span class='ocr_line' id='line_1_45' title="bbox 744 4584 3239 4674; baseline -0.002 -19"><span class='ocrx_word' id='word_1_369' title='bbox 744 4591 888 4656; x_wconf 90' lang='lat' dir='ltr'><strong>noti</strong></span> <span class='ocrx_word' id='word_1_370' title='bbox 934 4594 1123 4671; x_wconf 89' lang='lat' dir='ltr'><strong>sunt,</strong></span> <span class='ocrx_word' id='word_1_371' title='bbox 1170 4589 1379 4654; x_wconf 91' lang='lat' dir='ltr'><strong>veluti</strong></span> <span class='ocrx_word' id='word_1_372' title='bbox 1425 4588 1754 4655; x_wconf 82' lang='lat' dir='ltr'><strong>Gerardus</strong></span> <span class='ocrx_word' id='word_1_373' title='bbox 1800 4588 2081 4674; x_wconf 85' lang='lat' dir='ltr'><strong>Magnus</strong></span> <span class='ocrx_word' id='word_1_374' title='bbox 2129 4594 2198 4652; x_wconf 93' lang='lat' dir='ltr'><strong>et</strong></span> <span class='ocrx_word' id='word_1_375' title='bbox 2245 4585 2603 4671; x_wconf 87' lang='lat' dir='ltr'><strong>Dionysius</strong></span> <span class='ocrx_word' id='word_1_376' title='bbox 2651 4584 3154 4651; x_wconf 73' lang='lat' dir='ltr'><strong>carthusiensis.</strong></span> <span class='ocrx_word' id='word_1_377' title='bbox 3185 4587 3239 4670; x_wconf 83' lang='grc'><strong>3)</strong></span> 
     </span>
    </p>

    <p class='ocr_par' dir='ltr' id='par_1_10' title="bbox 740 4688 3793 5298">
     <span class='ocr_line' id='line_1_46' title="bbox 971 4688 3790 4780; baseline 0 -20"><span class='ocrx_word' id='word_1_378' title='bbox 971 4695 1044 4760; x_wconf 81' lang='lat' dir='ltr'><strong>O.</strong></span> <span class='ocrx_word' id='word_1_379' title='bbox 1139 4692 1545 4778; x_wconf 79' lang='lat' dir='ltr'><strong>Dispensatio</strong></span> <span class='ocrx_word' id='word_1_380' title='bbox 1613 4713 1804 4777; x_wconf 78' lang='lat' dir='ltr'><strong>super</strong></span> <span class='ocrx_word' id='word_1_381' title='bbox 1858 4692 2192 4778; x_wconf 79' lang='lat' dir='ltr'><strong>personali</strong></span> <span class='ocrx_word' id='word_1_382' title='bbox 2257 4691 2328 4754; x_wconf 82' lang='lat' dir='ltr'><strong>in</strong></span> <span class='ocrx_word' id='word_1_383' title='bbox 2397 4689 2703 4771; x_wconf 80' lang='lat' dir='ltr'><strong>beneficiis</strong></span> <span class='ocrx_word' id='word_1_384' title='bbox 2762 4688 3106 4753; x_wconf 78' lang='lat' dir='ltr'><strong>residentia</strong></span> <span class='ocrx_word' id='word_1_385' title='bbox 3166 4699 3422 4778; x_wconf 88' lang='lat' dir='ltr'><strong>spectat</strong></span> <span class='ocrx_word' id='word_1_386' title='bbox 3475 4693 3557 4758; x_wconf 90' lang='lat' dir='ltr'><strong>ad</strong></span> <span class='ocrx_word' id='word_1_387' title='bbox 3604 4694 3751 4760; x_wconf 91' lang='lat' dir='ltr'><strong>illos</strong></span> <span class='ocrx_word' id='word_1_388' title='bbox 3773 4745 3790 4780; x_wconf 99' lang='lat'><strong>,</strong></span> 
     </span>
     <span class='ocr_line' id='line_1_47' title="bbox 745 4792 3792 4886; baseline 0 -22"><span class='ocrx_word' id='word_1_389' title='bbox 745 4799 859 4886; x_wconf 90' lang='lat' dir='ltr'><strong>qui</strong></span> <span class='ocrx_word' id='word_1_390' title='bbox 926 4796 1247 4863; x_wconf 91' lang='lat' dir='ltr'><strong>beneficio</strong></span> <span class='ocrx_word' id='word_1_391' title='bbox 1320 4793 1723 4861; x_wconf 87' lang='lat' dir='ltr'><strong>residentiali</strong></span> <span class='ocrx_word' id='word_1_392' title='bbox 1792 4797 2043 4883; x_wconf 93' lang='lat' dir='ltr'><strong>pollent</strong></span> <span class='ocrx_word' id='word_1_393' title='bbox 2112 4794 2251 4860; x_wconf 87' lang='lat' dir='ltr'><strong>sive</strong></span> <span class='ocrx_word' id='word_1_394' title='bbox 2312 4792 2667 4873; x_wconf 88' lang='lat' dir='ltr'><strong>beneficio,</strong></span> <span class='ocrx_word' id='word_1_395' title='bbox 2726 4792 2912 4878; x_wconf 87' lang='lat' dir='ltr'><strong>cujus</strong></span> <span class='ocrx_word' id='word_1_396' title='bbox 2978 4813 3178 4859; x_wconf 89' lang='lat' dir='ltr'><strong>onera</strong></span> <span class='ocrx_word' id='word_1_397' title='bbox 3224 4799 3485 4862; x_wconf 90' lang='lat' dir='ltr'><strong>nonnisi</strong></span> <span class='ocrx_word' id='word_1_398' title='bbox 3534 4799 3602 4863; x_wconf 89' lang='lat' dir='ltr'><strong>in</strong></span> <span class='ocrx_word' id='word_1_399' title='bbox 3647 4799 3792 4886; x_wconf 89' lang='lat' dir='ltr'><strong>ipsa</strong></span> 
     </span>
     <span class='ocr_line' id='line_1_48' title="bbox 744 4895 3793 4986; baseline -0 -18"><span class='ocrx_word' id='word_1_400' title='bbox 744 4902 1021 4969; x_wconf 88' lang='lat' dir='ltr'><strong>ecclesia</strong></span> <span class='ocrx_word' id='word_1_401' title='bbox 1080 4900 1205 4965; x_wconf 88' lang='lat' dir='ltr'><strong>rite</strong></span> <span class='ocrx_word' id='word_1_402' title='bbox 1254 4899 1506 4986; x_wconf 82' lang='lat' dir='ltr'><strong>expleri</strong></span> <span class='ocrx_word' id='word_1_403' title='bbox 1553 4903 1824 4986; x_wconf 91' lang='lat' dir='ltr'><strong>queunt.</strong></span> <span class='ocrx_word' id='word_1_404' title='bbox 1918 4897 2025 4965; x_wconf 83' lang='lat' dir='ltr'><strong>Ad</strong></span> <span class='ocrx_word' id='word_1_405' title='bbox 2075 4896 2249 4985; x_wconf 87' lang='lat' dir='ltr'><strong>quod</strong></span> <span class='ocrx_word' id='word_1_406' title='bbox 2297 4917 2506 4981; x_wconf 89' lang='lat' dir='ltr'><strong>genus</strong></span> <span class='ocrx_word' id='word_1_407' title='bbox 2551 4895 2838 4959; x_wconf 80' lang='lat' dir='ltr'><strong>maxima</strong></span> <span class='ocrx_word' id='word_1_408' title='bbox 2885 4896 3352 4964; x_wconf 89' lang='lat' dir='ltr'><strong>beneficiorum</strong></span> <span class='ocrx_word' id='word_1_409' title='bbox 3398 4902 3793 4973; x_wconf 85' lang='lat' dir='ltr'><strong>ecclesiasti·</strong></span> 
     </span>
     <span class='ocr_line' id='line_1_49' title="bbox 742 4999 3790 5092; baseline 0.001 -22"><span class='ocrx_word' id='word_1_410' title='bbox 742 5026 966 5071; x_wconf 89' lang='lat' dir='ltr'><strong>corum</strong></span> <span class='ocrx_word' id='word_1_411' title='bbox 1024 5025 1176 5092; x_wconf 90' lang='lat' dir='ltr'><strong>pars</strong></span> <span class='ocrx_word' id='word_1_412' title='bbox 1237 5004 1467 5088; x_wconf 87' lang='lat' dir='ltr'><strong>utique</strong></span> <span class='ocrx_word' id='word_1_413' title='bbox 1530 5002 1839 5090; x_wconf 89' lang='lat' dir='ltr'><strong>pertinet.</strong></span> <span class='ocrx_word' id='word_1_414' title='bbox 1933 5003 2139 5068; x_wconf 91' lang='lat' dir='ltr'><strong>Porro</strong></span> <span class='ocrx_word' id='word_1_415' title='bbox 2208 5000 2330 5081; x_wconf 83' lang='lat' dir='ltr'><strong>„de</strong></span> <span class='ocrx_word' id='word_1_416' title='bbox 2392 5000 2643 5065; x_wconf 90' lang='lat' dir='ltr'><strong>clericis</strong></span> <span class='ocrx_word' id='word_1_417' title='bbox 2706 5021 2837 5066; x_wconf 90' lang='lat' dir='ltr'><strong>non</strong></span> <span class='ocrx_word' id='word_1_418' title='bbox 2898 4999 3340 5068; x_wconf 89' lang='lat' dir='ltr'><strong>residentibus</strong></span> <span class='ocrx_word' id='word_1_419' title='bbox 3395 5005 3465 5069; x_wconf 90' lang='lat' dir='ltr'><strong>in</strong></span> <span class='ocrx_word' id='word_1_420' title='bbox 3514 5005 3790 5072; x_wconf 89' lang='lat' dir='ltr'><strong>ecclesia</strong></span> 
     </span>
     <span class='ocr_line' id='line_1_50' title="bbox 740 5104 3791 5196; baseline 0 -21"><span class='ocrx_word' id='word_1_421' title='bbox 740 5108 848 5175; x_wconf 92' lang='lat' dir='ltr'><strong>vel</strong></span> <span class='ocrx_word' id='word_1_422' title='bbox 892 5105 1312 5196; x_wconf 89' lang='lat' dir='ltr'><strong>praebenda’&#39;</strong></span> <span class='ocrx_word' id='word_1_423' title='bbox 1350 5108 1464 5192; x_wconf 87' lang='lat' dir='ltr'><strong>jus</strong></span> <span class='ocrx_word' id='word_1_424' title='bbox 1512 5106 1854 5171; x_wconf 88' lang='lat' dir='ltr'><strong>Canonum</strong></span> <span class='ocrx_word' id='word_1_425' title='bbox 1902 5106 2276 5170; x_wconf 90' lang='lat' dir='ltr'><strong>summatim</strong></span> <span class='ocrx_word' id='word_1_426' title='bbox 2321 5105 2417 5169; x_wconf 86' lang='lat' dir='ltr'><strong>ita</strong></span> <span class='ocrx_word' id='word_1_427' title='bbox 2463 5104 2727 5168; x_wconf 87' lang='lat' dir='ltr'><strong>statuit:</strong></span> <span class='ocrx_word' id='word_1_428' title='bbox 2777 5105 2890 5191; x_wconf 89' lang='lat' dir='ltr'><strong>qui</strong></span> <span class='ocrx_word' id='word_1_429' title='bbox 2930 5124 3061 5169; x_wconf 92' lang='lat' dir='ltr'><strong>non</strong></span> <span class='ocrx_word' id='word_1_430' title='bbox 3103 5106 3348 5172; x_wconf 88' lang='lat' dir='ltr'><strong>residet</strong></span> <span class='ocrx_word' id='word_1_431' title='bbox 3389 5109 3563 5196; x_wconf 88' lang='lat' dir='ltr'><strong>apud</strong></span> <span class='ocrx_word' id='word_1_432' title='bbox 3604 5131 3791 5175; x_wconf 90' lang='lat' dir='ltr'><strong>suam</strong></span> 
     </span>
     <span class='ocr_line' id='line_1_51' title="bbox 742 5206 3779 5298; baseline 0.001 -23"><span class='ocrx_word' id='word_1_433' title='bbox 742 5209 1119 5293; x_wconf 89' lang='lat' dir='ltr'><strong>ecclesiam,</strong></span> <span class='ocrx_word' id='word_1_434' title='bbox 1167 5207 1489 5273; x_wconf 90' lang='lat' dir='ltr'><strong>beneficio</strong></span> <span class='ocrx_word' id='word_1_435' title='bbox 1537 5206 1850 5293; x_wconf 91' lang='lat' dir='ltr'><strong>privetur.</strong></span> <span class='ocrx_word' id='word_1_436' title='bbox 1943 5207 2219 5272; x_wconf 88' lang='lat' dir='ltr'><strong>Interim</strong></span> <span class='ocrx_word' id='word_1_437' title='bbox 2267 5230 2307 5273; x_wconf 89' lang='lat' dir='ltr'><strong>a</strong></span> <span class='ocrx_word' id='word_1_438' title='bbox 2349 5207 2497 5294; x_wconf 90' lang='lat' dir='ltr'><strong>lege</strong></span> <span class='ocrx_word' id='word_1_439' title='bbox 2543 5206 2939 5273; x_wconf 88' lang='lat' dir='ltr'><strong>residentiae</strong></span> <span class='ocrx_word' id='word_1_440' title='bbox 2987 5209 3348 5276; x_wconf 85' lang='lat' dir='ltr'><strong>excusandi</strong></span> <span class='ocrx_word' id='word_1_441' title='bbox 3395 5219 3779 5298; x_wconf 88' lang='lat' dir='ltr'><strong>censentur,</strong></span> 
     </span>
    </p>
   </div>
   <div class='ocr_carea' id='block_1_9' title="bbox 738 5428 1234 5441">
    <p class='ocr_par' dir='ltr' id='par_1_11' title="bbox 738 5428 1234 5441">
     <span class='ocr_line' id='line_1_52' title="bbox 738 5428 1234 5441; baseline 0 1243"><span class='ocrx_word' id='word_1_442' title='bbox 738 5428 1234 5441; x_wconf 95' lang='lat' dir='ltr'><strong> </strong></span> 
     </span>
    </p>
   </div>
   <div class='ocr_carea' id='block_1_10' title="bbox 906 5554 3340 5711">
    <p class='ocr_par' dir='ltr' id='par_1_12' title="bbox 906 5554 3340 5711">
     <span class='ocr_line' id='line_1_53' title="bbox 916 5554 2258 5622; baseline -0.003 -13"><span class='ocrx_word' id='word_1_443' title='bbox 916 5558 966 5622; x_wconf 87' lang='lat'><strong>1)</strong></span> <span class='ocrx_word' id='word_1_444' title='bbox 1002 5557 1109 5609; x_wconf 76' lang='lat' dir='ltr'><strong>Cfr.</strong></span> <span class='ocrx_word' id='word_1_445' title='bbox 1143 5557 1289 5608; x_wconf 81' lang='lat' dir='ltr'><strong>Sexti</strong></span> <span class='ocrx_word' id='word_1_446' title='bbox 1322 5557 1529 5609; x_wconf 80' lang='lat' dir='ltr'><strong>Deerat.</strong></span> <span class='ocrx_word' id='word_1_447' title='bbox 1562 5556 1673 5608; x_wconf 91' lang='lat' dir='ltr'><strong>Lib.</strong></span> <span class='ocrx_word' id='word_1_448' title='bbox 1711 5557 1752 5608; x_wconf 90' lang='lat'><strong>1.</strong></span> <span class='ocrx_word' id='word_1_449' title='bbox 1788 5556 1890 5609; x_wconf 80' lang='lat' dir='ltr'><strong>Tit.</strong></span> <span class='ocrx_word' id='word_1_450' title='bbox 1926 5556 2025 5607; x_wconf 89' lang='lat'><strong>111.</strong></span> <span class='ocrx_word' id='word_1_451' title='bbox 2059 5571 2174 5621; x_wconf 78' lang='lat' dir='ltr'><strong>cap.</strong></span> <span class='ocrx_word' id='word_1_452' title='bbox 2208 5554 2258 5605; x_wconf 88' lang='grc'><strong>7.</strong></span> 
     </span>
     <span class='ocr_line' id='line_1_54' title="bbox 906 5635 3340 5711; baseline 0.003 -22"><span class='ocrx_word' id='word_1_453' title='bbox 906 5639 961 5703; x_wconf 78' lang='lat'><strong>2)</strong></span> <span class='ocrx_word' id='word_1_454' title='bbox 998 5637 1228 5689; x_wconf 75' lang='lat' dir='ltr'><strong>Batavia</strong></span> <span class='ocrx_word' id='word_1_455' title='bbox 1260 5637 1425 5689; x_wconf 62' lang='lat' dir='ltr'><strong>Sacra</strong></span> <span class='ocrx_word' id='word_1_456' title='bbox 1458 5636 1501 5689; x_wconf 91' lang='lat'><strong>1.</strong></span> <span class='ocrx_word' id='word_1_457' title='bbox 1534 5635 1649 5689; x_wconf 82' lang='lat'><strong>175.</strong></span> <span class='ocrx_word' id='word_1_458' title='bbox 1982 5635 2038 5700; x_wconf 85' lang='lat'><strong>3)</strong></span> <span class='ocrx_word' id='word_1_459' title='bbox 2075 5635 2179 5689; x_wconf 74' lang='lat' dir='ltr'><strong>Cir.</strong></span> <span class='ocrx_word' id='word_1_460' title='bbox 2213 5635 2338 5687; x_wconf 81' lang='lat' dir='ltr'><strong>Mou</strong></span> <span class='ocrx_word' id='word_1_461' title='bbox 2375 5635 2848 5701; x_wconf 65' lang='lat' dir='ltr'><strong>Kerkqesclaiadenis</strong></span> <span class='ocrx_word' id='word_1_462' title='bbox 2883 5642 2952 5693; x_wconf 91' lang='lat'><strong>11.</strong></span> <span class='ocrx_word' id='word_1_463' title='bbox 2987 5654 3064 5694; x_wconf 75' lang='lat' dir='ltr'><strong>w.</strong></span> <span class='ocrx_word' id='word_1_464' title='bbox 3097 5642 3198 5694; x_wconf 83' lang='lat'><strong>125</strong></span> <span class='ocrx_word' id='word_1_465' title='bbox 3230 5658 3340 5711; x_wconf 86' lang='lat' dir='ltr'><strong>seq.</strong></span> 
     </span>
    </p>
   </div>
   <div class='ocr_carea' id='block_1_11' title="bbox 4419 1154 4428 1985">
    <p class='ocr_par' dir='ltr' id='par_1_13' title="bbox 4419 1154 4428 1985">
     <span class='ocr_line' id='line_1_55' title="bbox 4419 1154 4428 1985; baseline 0 0"><span class='ocrx_word' id='word_1_466' title='bbox 4419 1154 4428 1985; x_wconf 95' lang='lat' dir='ltr'><strong> </strong></span> 
     </span>
    </p>
   </div>
  </div>
 </body>
</html>
