4450 6684
1680 1303 2213 1387 INITIA
2312 1304 3214 1389 BULLARUM.

900 1853 1016 1921 Ab
1064 1852 1337 1919 exordio
1385 1853 1717 1919 nascentis
1767 1855 1963 1918 2076.

898 1958 1008 2023 Ad
1059 1956 1417 2044 apostolice
1466 1959 1574 2022 32.

892 2059 1002 2125 Ad
1051 2059 1455 2125 audientiam
1511 2060 1679 2143 305,
1729 2062 1897 2143 377,
1949 2062 2116 2146 473,
2167 2065 2334 2146 493,

986 2164 1140 2246 577,
1188 2163 1338 2244 720,
1388 2164 1535 2244 721,
1571 2164 1725 2246 948,
1762 2164 1914 2246 949,
1948 2165 2101 2247 973,
2142 2167 2335 2249 1004,

992 2267 1197 2348 1772,
1248 2266 1455 2348 2267,
1504 2267 1702 2329 2291.

893 2367 1004 2435 Ad
1056 2366 1409 2454 capiendas
1454 2367 1686 2452 vulpes
1737 2370 1936 2434 2272.

894 2473 1004 2539 Ad
1052 2471 1585 2558 consequendam
1632 2474 1802 2558 306,
1852 2476 2018 2559 307,
2069 2477 2221 2541 316.

890 2575 1382 2644 Ad.oumulum
1431 2584 1545 2641 tue
1595 2579 1746 2642 978.

887 2681 998 2748 Ad
1046 2703 1126 2747 ea
1174 2701 1260 2745 ex
1307 2682 1503 2745 2266.

888 2785 998 2851 Ad
1046 2806 1125 2850 ea
1173 2805 1301 2872 que
1352 2786 1566 2866 1059,
1616 2787 1814 2850 2114.

887 2888 999 2956 Ad
1046 2887 1513 2975 exequendum
1568 2890 1761 2953 1507.

888 2992 997 3059 Ad
1046 2990 1413 3058 faciendam
1463 2992 1616 3056 214.

887 3096 998 3162 Ad
1043 3095 1418 3162 fovendum.

888 3199 998 3265 Ad
1045 3198 1167 3264 hoo
1213 3199 1399 3263 Deus
1448 3200 1599 3263 253.

889 3301 1000 3368 Ad
1045 3302 1169 3367 hoo
1217 3322 1336 3365 nos
1382 3302 1565 3366 Deus
1607 3303 1759 3385 517,
1796 3303 1949 3385 523,
1986 3304 2138 3385 575,
2174 3304 2327 3386 624,

984 3407 1152 3488 634,
1205 3406 1414 3487 1064,
1472 3407 1678 3487 1520,
1735 3406 1926 3469 1832.

889 3507 999 3574 Ad
1046 3508 1171 3573 hoo
1220 3528 1339 3572 nos
1389 3506 1777 3594 disponente
1826 3509 2025 3572 2269.

892 3611 1002 3678 Ad
1047 3612 1173 3676 hoo
1222 3612 1608 3677 universalis
1657 3612 1763 3675 20.

889 3715 998 3782 Ad
1043 3716 1304 3781 illorum
1349 3715 1791 3802 provisionem
1839 3717 2006 3798 672,
2057 3717 2208 3780 682.

885 3818 996 3886 Ad
1044 3825 1334 3884 nostram
1380 3818 1696 3884 noveritis
1750 3820 1910 3904 100,
1960 3822 2120 3903 274,
2161 3822 2325 3904 452,

979 3927 1129 3990 550.

884 4029 994 4095 Ad
1042 4030 1252 4094 nostri
1299 4027 1707 4114 apostolatus
1761 4030 1911 4092 784.

886 4132 997 4198 Ad
1042 4133 1521 4220 promotionem
1570 4134 1723 4196 367.

888 4236 994 4303 Ad
1027 4235 1390 4321 regendum
1428 4238 1621 4320 1423,
1663 4237 1855 4319 1504,
1897 4237 2091 4320 1514,
2131 4237 2323 4319 1765,

983 4343 1192 4425 1858,
1242 4341 1437 4404 2194.

887 4444 996 4512 Ad
1045 4443 1524 4531 reparationem
1571 4445 1722 4507 298.

884 4547 996 4615 Ad
1042 4546 1487 4634 reprimendas
1537 4547 1741 4627 2153,
1791 4548 1989 4611 2154.

886 4653 994 4719 Ad
1044 4673 1297 4717 sacrum
1345 4649 1617 4715 fratrum
1665 4651 1817 4714 362.

889 4756 999 4823 Ad
1048 4754 1374 4819 salubrem
1424 4756 1575 4818 946.

886 4860 996 4927 Ad
1044 4860 1430 4925 varietatem
1478 4857 1631 4921 232.

887 4963 1176 5049 Adjutos
1224 4962 1543 5027 virtutum
1595 4963 1755 5045 158,
1811 4962 1974 5046 190,
2026 4962 2178 5026 708.

887 5067 1225 5134 Adversus
1272 5087 1383 5132 eos
1432 5067 1583 5130 980.

889 5172 1228 5240 Adversus
1276 5169 1591 5258 quosdam
1646 5172 1836 5236 1835.

888 5278 1188 5344 Affectus
1235 5278 1487 5341 sineere
1541 5276 1733 5340 1154.

890 5381 1243 5449 Affluentis
1290 5379 1659 5445 devotionis
1710 5379 1859 5442 775.

888 5487 1087 5553 Alma
1131 5490 1339 5550 mater
1387 5486 1537 5548 508.

889 5591 1049 5657 Alto
1098 5589 1317 5654 divine
1368 5590 1474 5652 84.

890 5694 1272 5782 Apostolioe
1317 5691 1731 5757 liberalitatis
1784 5691 1932 5755 710.

2544 1752 2928 1839 Apostolioe
2976 1753 3301 1817 libertatis
3350 1752 3504 1817 810.

2542 1854 2925 1943 Apostolioe
2974 1856 3146 1922 sedis
3202 1857 3358 1937 165,
3407 1857 3565 1937 168,
3614 1856 3772 1936 169,
3821 1857 3975 1938 170,

2638 1961 2786 2042 171,
2835 1961 2987 2043 379,
3038 1962 3189 2041 617,
3241 1962 3395 2042 621,
3438 1960 3590 2041 644,
3633 1960 3785 2039 649,
3828 1960 3972 2042 670,

2630 2066 2783 2146 677,
2835 2066 2986 2146 695,
3040 2066 3191 2146 706,
3243 2065 3394 2145 743,
3435 2066 3586 2147 748,
3634 2065 3785 2146 757,
3827 2065 3976 2146 792,

2630 2169 2783 2249 870,
2833 2170 2986 2251 871,
3038 2170 3191 2250 893,
3232 2170 3390 2250 894,
3431 2169 3584 2245 895,
3632 2170 3784 2250 896,
3826 2170 3972 2250 917,

2634 2274 2842 2357 1072,
2920 2275 3129 2356 1136,
3206 2274 3687 2356 1138-1139,
3771 2274 3969 2355 1196,

2634 2377 2841 2459 1197,
2921 2379 3129 2459 1205,
3207 2378 3416 2461 1206,
3486 2380 3695 2460 1213,
3766 2379 3962 2459 1214,

2633 2482 2836 2562 1218,
2920 2483 3124 2562 1242,
3193 2483 3401 2563 1243,
3479 2482 3690 2565 1258,
3764 2483 3963 2563 1259,

2627 2586 2823 2667 1260,
2865 2587 3057 2667 1302,
3100 2586 3291 2667 1303,
3326 2587 3518 2668 1350,
3553 2587 3748 2668 1351,
3780 2588 3961 2667 1370,

2627 2690 3108 2771 1402-1404,
3190 2690 3399 2770 1418,
3481 2692 3692 2771 1421,
3770 2691 3964 2771 1427,

2627 2792 2836 2874 1442,
2920 2793 3126 2873 1444,
3205 2792 3409 2875 1471,
3483 2793 3692 2874 1472,
3769 2793 3965 2874 1476,

2630 2897 2836 2979 1487,
2916 2897 3124 2978 1508,
3202 2897 3410 2978 1523,
3491 2897 3694 2978 1526,
3764 2898 3963 2978 1527,

2629 3000 2823 3082 1529,
2863 3000 3055 3081 1532,
3096 3002 3289 3080 1537,
3329 3001 3522 3081 1542,
3556 3001 3749 3083 1543,
3781 3001 3963 3084 1544,

2626 3104 2834 3186 1546,
2899 3105 3106 3185 1547,
3173 3105 3655 3187 1556-1561,
3712 3105 3958 3168 1578-

2628 3208 2840 3291 1581,
2923 3207 3402 3290 1598-1599,
3479 3208 3687 3292 1602,
3766 3210 3964 3289 1607,

2627 3312 2829 3392 1625,
2897 3312 3111 3393 1626,
3192 3313 3399 3393 1636,
3477 3313 3690 3394 1650,
3765 3314 3964 3392 1660,

2627 3417 2819 3497 1666,
2859 3417 3051 3496 1674,
3093 3417 3284 3498 1687,
3329 3417 3521 3498 1691,
3554 3418 3966 3498 1747,1748,

2626 3519 2819 3601 1782,
2862 3520 3052 3600 1783,
3095 3519 3285 3596 1796,
3327 3520 3745 3601 1797,1807,
3777 3520 3968 3600 1809,

2621 3622 2831 3704 1857,
2909 3625 3117 3704 1880,
3188 3624 3396 3703 1887,
3469 3624 3682 3706 2045,
3754 3625 3958 3705 2138,

2618 3725 2831 3807 2139,
2908 3726 3391 3806 2149-2151,
3464 3727 3679 3809 2156,
3750 3728 3959 3807 2161,

2620 3828 2819 3910 2162,
2854 3830 3051 3910 2166,
3088 3830 3285 3911 2185,
3321 3829 3518 3912 2190,
3546 3830 3743 3912 2219,
3770 3831 3962 3894 2251.

2529 3930 2910 4017 Apostolioe
2960 3931 3394 3996 solicitudinis
3443 3934 3641 3996 2264.

2530 4035 2895 4122 Apostolioi
2944 4033 3405 4099 moderaminis
3455 4038 3560 4101 22.

2527 4137 2985 4223 Apostolioum
3032 4140 3342 4203 convenit
3392 4142 3500 4204 39.

2528 4241 2960 4328 Approbante
3007 4243 3299 4327 generali
3351 4245 3459 4307 72.

2526 4345 2851 4411 Ardorem
2898 4345 3051 4410 fidei
3102 4348 3208 4410 87.

2526 4448 2902 4515 Attendens
2951 4450 3194 4514 eximie
3244 4451 3396 4514 425.

2526 4552 2975 4619 Attendentes
3024 4552 3272 4618 dudum
3326 4553 3518 4616 1170.

2526 4656 2975 4722 Attendentes
3020 4655 3175 4722 fidei
3224 4657 3378 4722 237.

2528 4759 2974 4825 Attendentes
3023 4761 3174 4824 olim
3227 4762 3334 4824 96.

2525 4861 2974 4929 Attendentes
3022 4862 3198 4949 quod
3248 4864 3416 4946 628,
3473 4866 3663 4927 1165.

2526 4967 2810 5032 Attenta
2856 4966 3292 5032 meditaoione
3347 4968 3538 5031 1384.

2528 5070 2874 5136 Attributa
2920 5069 3159 5136 dilecto
3215 5073 3406 5135 1098.

2530 5173 2875 5239 Attributa
2919 5175 3266 5261 probitatis
3320 5176 3514 5240 1207.

2527 5277 2874 5343 Attributa
2934 5278 3057 5342 tibi
3122 5279 3287 5362 605,
3348 5280 3513 5361 653,
3578 5280 3745 5361 690,
3796 5280 3966 5360 694,

2620 5379 2772 5459 804,
2824 5379 2977 5455 835,
3029 5381 3181 5462 844,
3231 5382 3384 5464 851,
3427 5382 3578 5464 865,
3622 5382 3774 5464 874,
3814 5381 3966 5462 889,

2624 5482 2816 5563 1032,
2858 5482 3049 5565 1049,
3089 5484 3283 5567 1107,
3321 5485 3512 5568 1162,
3547 5484 3740 5567 1283,
3772 5484 3980 5565 1312,.

2625 5587 2826 5668 1517,
2881 5587 3073 5650 1777.

2528 5686 2921 5752 Audivimus
2971 5695 3036 5753 et
3091 5692 3236 5754 129.
