4450 6684
1966 550 2457 616 Imaonuc‘rro.
3541 561 3738 609 xnvn

920 767 1213 833 Verbulo
1275 765 1540 831 tandem
1588 787 2094 833 commemorare
2141 766 2248 831 hic
2287 767 2480 851 juvat
2523 766 2748 830 literas
2795 765 3216 851 apostolicas,
3273 764 3510 850 quibus
3557 764 3740 829 nullo

695 870 1095 936 matrimonii
1154 870 1625 956 impedimento
1690 870 1996 935 obstante
2057 870 2325 935 minime
2384 868 2645 956 quidem
2692 868 3095 955 dispensatio
3142 868 3363 953 aliqua
3407 868 3741 953 impertita

698 981 833 1058 est,
894 995 1192 1061 quaeque
1254 974 1512 1039 indulta
1573 975 1942 1039 securitatis
2006 974 2217 1059 gratia
2277 973 2405 1038 dici
2465 978 2740 1060 possunt
2802 975 3075 1057 (numm.
3127 973 3293 1054 358,
3345 972 3507 1049 359,
3557 972 3737 1055 409).

696 1078 1090 1165 Augebatur
1158 1086 1315 1144 tunc
1384 1077 1661 1166 quodam
1729 1078 2033 1164 scrupulo
2098 1077 2625 1142 contrahentium
2698 1077 2954 1140 animus
3003 1075 3109 1141 vel
3156 1075 3323 1140 forte
3371 1096 3411 1139 a
3456 1076 3739 1160 quodam

697 1183 953 1248 aemulo
1015 1182 1291 1247 insidiae
1353 1183 1432 1246 iis
1493 1183 1911 1269 parabantur.
2006 1180 2114 1246 Ad
2178 1181 2643 1246 conscientiam
2706 1181 2907 1265 igitur
2967 1186 3149 1244 metu
3210 1178 3617 1244 liberandam
3675 1186 3746 1244 et

697 1287 1017 1351 cautelam
1086 1286 1439 1371 cujuslibet
1500 1286 2000 1351 contradictioni
2048 1285 2418 1371 ponendam
2467 1285 2714 1349 domini
2761 1286 2985 1372 Papae
3033 1305 3407 1370 expressam
3457 1281 3743 1348 declara·

699 1390 949 1455 tionem
1010 1391 1479 1477 impetrarunt,
1543 1389 1719 1477 quod
1784 1390 1853 1454 in
1917 1395 2255 1454 contracto
2309 1390 2448 1474 jam
2496 1391 2909 1453 matrimonio
2959 1408 3297 1454 remanere
3344 1388 3572 1473 utique
3619 1388 3744 1451 sibi

696 1493 944 1558 liceret.

924 1597 1003 1662 G.
1096 1598 1336 1662 Mwsae
1403 1597 1803 1679 Sacrificium
1872 1602 2027 1661 ante
2096 1617 2396 1661 auroram
2467 1596 2796 1661 celebrare
2865 1617 2997 1660 non
3056 1597 3247 1677 licet,
3320 1595 3433 1661 sed
3506 1589 3967 1707 „MissaMitom
3946 1590 4095 1653 qmbu
4098 1607 4142 1638 Β·

700 1701 956 1787 privata
1016 1721 1426 1788 quacumque
1491 1702 1652 1766 hora
1711 1701 1793 1765 ab
1850 1722 2085 1766 aurora
2138 1721 2346 1785 usque
2404 1698 2486 1763 ad
2543 1699 2881 1764 meridiem
2928 1698 3055 1764 dici
3102 1700 3362 1785 potest.’
3371 1700 3464 1784 ’1)
3560 1701 3743 1768 Inter
3768 1674 3896 1774 ”²¹22
3918 1664 4136 1774 1012>pmr

699 1804 1123 1870 rationabiles
1184 1826 1447 1889 causas,
1511 1805 1593 1870 ab
1656 1805 1781 1869 hoc
1842 1811 2194 1891 praecepto
2257 1809 2687 1886 excusantes,
2749 1824 2788 1868 a
2850 1804 3321 1868 recentioribus
3369 1807 3743 1872 auctoribus
3796 1793 3897 1843 ⁰⁶¹⁰
3899 1792 4099 1841 bmnda.

699 1908 1069 1993 allegantur
1135 1910 1526 1991 necessitas,
1581 1909 1835 1973 itineris
1883 1909 2170 1991 occasio,
2218 1908 2631 1994 privilegium
2677 1912 2828 1994 post
2874 1907 3240 1972 Concilium
3287 1907 3746 1975 Tridentinum

702 2014 1182 2096 concessumst)
1272 2014 1477 2078 Porro
1539 2014 1661 2077 hac
1721 2014 1791 2076 in
1840 2033 1909 2077 re
1958 2013 2243 2077 severior
2290 2013 2489 2077 fuisse
2535 2012 2797 2077 videtur
2844 2033 3012 2097 quae
3061 2012 3276 2077 medio
3325 2034 3487 2079 aevo
3535 2016 3748 2100 viguit

702 2115 1044 2201 disciplina
1090 2117 1546 2181 ecclesiastica.
1615 2116 1881 2182 Etenim
1927 2116 2341 2203 privilegium
2388 2121 2543 2180 ante
2584 2136 2883 2180 auroram
2922 2116 3238 2181 celebrari
3277 2117 3557 2182 faciendi
3598 2140 3744 2184 raro

701 2218 1045 2285 dumtaxat
1107 2228 1175 2285 et
1234 2222 1531 2307 personis
1584 2222 1962 2308 proceribus
2009 2226 2268 2284 tantum
2316 2221 2385 2283 in
2433 2219 2725 2283 Bullario
2774 2227 2998 2284 nostro
3046 2242 3428 2286 concessum
3473 2223 3744 2308 legitur,

696 2322 894 2410 idque
964 2325 1085 2388 sub
1156 2324 1388 2388 iisdem
1450 2324 1586 2389 fere
1649 2324 2171 2407 conditionibus,
2248 2344 2416 2409 quae
2480 2322 2676 2387 hodie
2739 2323 2881 2409 ipso
2945 2323 3118 2388 facto
3168 2326 3365 2389 talem
3410 2326 3744 2392 licentiam

700 2428 1079 2492 involvunt:
1137 2429 1387 2493 scilicet
1439 2450 1626 2510 „cum
1674 2429 1937 2514 urgebit
1983 2427 2340 2492 necessitas
2388 2427 2491 2490 vel
2539 2432 2692 2491 ante
2741 2427 2914 2491 diem
2960 2429 3311 2513 contigerit
3356 2429 3744 2515 proficisci.”

700 2531 1100 2616 Hujusmodi
1169 2532 1501 2597 licentiam
1573 2533 1685 2619 qui
1755 2552 2063 2617 expresse
2131 2532 2568 2617 impetrarunt
2630 2531 2957 2617 principes
3018 2538 3172 2595 sunt
3234 2533 3341 2597 vel
3393 2533 3745 2599 illustriore

702 2635 931 2699 saltem
994 2636 1341 2702 nobilitate
1406 2636 1769 2721 conspicui:
1834 2636 2082 2700 scilicet
2140 2633 2526 2719 Reynaldus
2572 2634 2643 2698 H
2689 2654 2905 2698 comes
2951 2634 3212 2701 Gelriae
3260 2638 3531 2722 ejusque
3578 2659 3749 2703 uxor

701 2737 976 2824 Sophia,
1024 2739 1422 2804 Wilhelmus
1469 2739 1567 2805 IV
1617 2760 1833 2804 comes
1881 2745 1948 2803 et
1985 2738 2359 2824 Margareta
2397 2738 2728 2802 comitissa
2759 2739 3186 2822 Hannoniae,
3227 2739 3571 2805 Eduardus
3610 2741 3749 2806 dux

702 2841 959 2907 Gelriae
1022 2844 1295 2927 (numm.
1367 2843 1532 2926 764,
1604 2845 1813 2924 1131,
1882 2844 2090 2927 1496,
2165 2844 2396 2926 1795),
2460 2842 2802 2909 Johannes
2859 2841 2941 2906 de
2989 2842 3200 2907 Blesis
3249 2843 3744 2911 Schoonhoviae

701 2943 1038 3030 dominus,
1110 2947 1565 3013 Ghiselbertus
1635 2954 1703 3013 et
1772 2947 2104 3012 Suederus
2173 2948 2257 3012 de
2328 2945 2683 3028 Abcoude,
2756 2946 3141 3032 Reynaldus
3211 2946 3294 3013 de
3364 2947 3740 3014 Brederode

700 3050 969 3133 (numm.
1039 3053 1247 3134 1338,
1318 3053 1528 3133 1593,
1594 3053 1806 3134 2068,
1873 3053 2094 3134 2069).
2188 3052 2461 3118 Nullum
2532 3051 2794 3116 omnino
2857 3052 3163 3116 clericum
3227 3053 3345 3116 tali
3403 3054 3748 3140 privilegio

699 3161 999 3220 ornatum
1042 3155 1322 3239 legimus
1370 3157 1495 3219 nisi
1542 3157 1753 3221 solum
1799 3156 1842 3220 J
1847 3157 2171 3221 ohannem
2222 3155 2303 3220 de
2350 3155 2635 3221 Pistorio
2686 3155 3005 3221 decanum
3054 3156 3120 3221 S.
3170 3157 3526 3222 Salvatoris
3564 3157 3748 3223 fami·

701 3257 923 3324 liarem
972 3260 1272 3346 papalem
1321 3261 1526 3343 (num.
1582 3261 1802 3343 1153).

924 3363 1227 3449 Denique
1275 3364 1517 3428 referre
1566 3368 1829 3450 oportet
1875 3362 2162 3427 favorem
2211 3385 2252 3428 a
2297 3364 2654 3429 Wilhelmo
2702 3364 3098 3429 Hannoniae
3147 3365 3385 3430 comite
3431 3365 3539 3431 III
3579 3367 3750 3451 ejus-

701 3486 826 3551 que
891 3468 1171 3552 conjuge
1216 3467 1528 3534 Johanna
1575 3466 1657 3531 de
1703 3466 1997 3532 Vallesio
2045 3468 2496 3552 impetratum,
2556 3474 2632 3532 ut
2686 3468 2806 3549 „ab
2855 3490 3088 3533 aurora
3134 3490 3343 3555 usque
3391 3468 3472 3534 ad
3520 3471 3746 3535 horam

701 3590 967 3655 nonam,
1016 3571 1172 3637 dum
1219 3573 1501 3657 qualitas
1544 3572 1959 3658 negotiorum
2001 3593 2118 3659 pro
2157 3579 2450 3658 tempore
2482 3574 2928 3658 ingruentium
2962 3573 3029 3638 id
3062 3574 3431 3659 exegerit,”
3479 3575 3745 3640 Missam

701 3673 1014 3740 celebrari
1060 3676 1342 3741 faciendi
1390 3677 1643 3763 copiam
1689 3677 2015 3741 haberent
2059 3679 2334 3760 (numm.
2387 3677 2793 3759 923-924).
2884 3676 3095 3754 Quam
3151 3677 3414 3759 „horam
3463 3680 3747 3746 nonam’'

704 3779 1036 3865 appellant
1094 3781 1324 3846 literae
1371 3782 1638 3868 papales
1686 3781 1791 3846 hic
1838 3780 2272 3866 intelligenda
2319 3786 2420 3845 est
2465 3786 2691 3845 nostra
2734 3781 2895 3845 hora
2942 3782 3137 3846 tertia
3181 3789 3332 3868 post
3377 3783 3747 3867 meridiem,

704 3883 1233 3970 quandoquidem
1294 3885 1633 3950 insecutae
1693 3885 1895 3949 fuisse
1952 3884 2260 3949 videntur
2322 3884 2588 3949 modum
2651 3885 2963 3971 temporis
3026 3885 3242 3950 diurni
3290 3889 3747 4008 computandi,

703 4006 895 4071 quem
943 3994 1082 4052 tum
1130 3989 1471 4054 Israelitae
1518 4009 1667 4052 cum
1714 3989 2069 4053 Christiani
2116 3989 2480 4075 antiquitus
2528 3989 2853 4053 colebant.
2886 3990 2944 4074 3)

924 4092 1166 4158 Missae
1228 4093 1582 4157 celebratio
1645 4098 1908 4157 vetatur
1970 4094 2167 4157 etiam
2233 4099 2528 4179 tempore
2590 4092 2961 4175 interdicti,
3027 4093 3203 4179 quod
3267 4100 3369 4160 est
3438 4117 3752 4177 „censura

704 4196 1142 4262 ecclesiastica
1185 4190 1540 4284 prohibens
1581 4196 1949 4261 divinorum
1989 4196 2382 4281 officiorum,
2426 4197 2995 4262 sacramentorum
3033 4199 3399 4284 aliquorum
3441 4206 3509 4265 et
3548 4202 3754 4266 eccle-

703 4301 1000 4366 siasticae
1048 4302 1428 4389 sepulturae
1476 4300 1734 4365 usum.’'
1761 4301 1819 4383 4)
1896 4299 2310 4367 Procedente
2359 4307 2580 4366 autem
2627 4307 2923 4388 tempore
2969 4303 3373 4386 miserabiles
3417 4304 3751 4370 interdicti

703 4405 970 4470 effectus
1034 4427 1169 4471 non
1231 4405 1646 4471 mediocriter
1707 4406 2093 4491 mitigarunt
2153 4406 2440 4471 Romani
2495 4405 2852 4471 Pontifices
2913 4406 3113 4491 idque
3161 4408 3509 4494 praecipue
3555 4409 3754 4474 Boni·

703 4509 905 4577 sacius
952 4532 1125 4598 papa
1170 4511 1341 4576 VIII
1386 4510 1455 4574 in
1503 4509 1744 4575 celebri
1792 4509 2309 4575 Constitutione:
2360 4512 2560 4575 Alma
2604 4517 2826 4574 mater.
2851 4511 2906 4594 ⁵)
2964 4508 3109 4584 Quo
3149 4511 3495 4596 mitigandi
3534 4513 3751 4577 studio

706 4614 1019 4680 dioecesis
1065 4620 1295 4679 nostra
1341 4614 1780 4697 Trajectensis
1826 4614 1895 4678 in
1948 4614 2205 4678 casibus
2253 4614 2692 4700 peculiaribus
2739 4614 3118 4701 saepissime
3164 4613 3363 4678 fruita
3408 4622 3528 4680 est.
3587 4617 3752 4681 Cum

705 4719 877 4782 enim
924 4719 1230 4804 generale
1273 4724 1483 4782 terrae
1518 4716 1946 4782 interdictum
1988 4718 2153 4799 (sive
2194 4718 2401 4782 locale
2443 4719 2923 4803 nuncupatum)
2965 4718 3203 4783 alicubi
3241 4718 3465 4803 fuerit,
3506 4719 3750 4785 ibidem

708 4823 916 4887 officia
961 4821 1184 4887 divina
1228 4823 1537 4909 privatim
1583 4821 1960 4886 celebrandi
2005 4822 2112 4886 vel
2160 4821 2484 4886 celebrari
2531 4820 2814 4886 faciendi
2858 4822 3248 4907 permissum
3292 4822 3572 4907 legimus
3617 4844 3755 4888 mo-

707 4928 1007 4992 nasteriis
1052 4925 1488 5014 Egmundano
1537 4931 1605 4991 et
1650 4924 2150 5011 Rynsburgensi
2196 4927 2473 5010 (numm.
2510 4928 2628 5009 61,
2666 4928 2772 5011 77,
2811 4928 2995 5010 127),
3025 4926 3186 4990 item
3219 4925 3442 4991 abbati
3476 4925 3752 4991 Middel-

869 5280 925 5345 1)
961 5282 1043 5331 Ita
1077 5279 1342 5331 Rubricae
1376 5277 1647 5344 generales
1683 5275 1912 5326 Missalis
1947 5277 2173 5327 Romani
2207 5275 2321 5327 XV.

869 5361 925 5425 2)
961 5361 1064 5412 Cfr.
1112 5360 1163 5411 S.
1212 5360 1468 5424 Alphonsi
1514 5358 1578 5408 de
1623 5357 1830 5424 Ligorio
1875 5357 2145 5421 molegio
2176 5357 2395 5408 moralis
2428 5358 2542 5408 Lib.
2578 5356 2640 5408 V.
2674 5358 2737 5408 n⁰
2768 5357 2891 5423 343;
2943 5357 3001 5408 P.
3038 5357 3084 5408 J.
3122 5357 3180 5408 B.
3214 5356 3279 5407 de
3313 5355 3480 5407 Her-dt
3513 5355 3757 5421 (Lovanii

705 5442 859 5509 1877)
896 5446 1085 5495 Sacrae
1117 5441 1395 5505 lister-fiae
1425 5438 1606 5505 praxis
1642 5438 1683 5488 1.
1717 5439 1783 5488 n'
1815 5436 1932 5489 102.

870 5524 925 5589 3)
960 5524 1066 5576 Cfr.
1102 5523 1158 5574 S.
1193 5523 1493 5572 Matthaeus
1530 5520 1619 5569 Ev.
1653 5517 1790 5571 XX:
1816 5518 1950 5570 3—6
1984 5525 2039 5570 et
2074 5518 2129 5571 S.
2162 5520 2335 5570 Lucas
2371 5520 2457 5572 Ev.
2495 5519 2709 5570 xxm.
2737 5519 2817 5570 44.

868 5607 925 5671 4)
958 5604 1168 5672 Ligorio
1203 5605 1274 5654 1..1
1309 5602 1419 5652 Lib.
1458 5600 1557 5650 vn
1611 5614 1722 5663 cap.
1757 5600 1807 5652 4.

868 5689 926 5753 5)
961 5687 1109 5738 Sexti
1143 5686 1338 5736 decret.
1372 5683 1487 5734 Lib.
1521 5681 1584 5733 V.
1616 5680 1718 5732 Tit.
1752 5681 1846 5733 xl.
1881 5696 1994 5746 cap.
2029 5680 2119 5746 24;
2156 5682 2253 5734 cfr.
2288 5682 2450 5733 etiam
2485 5681 2910 5733 Eremmon
2944 5682 2980 5733 i.
3013 5696 3061 5732 v.
3096 5679 3185 5730 Vl.
3217 5677 3331 5731 825.
