4450 6684
1837 490 2154 558 Omns
2197 492 2320 558 VI.
2701 472 2711 480 ⁶
3524 499 3610 564 37

778 713 934 778 vite
982 734 1058 779 ae
1104 732 1380 779 morum.
1410 760 1425 777 .
1454 760 1469 777 .
1499 760 1514 777 .
1562 712 1716 779 Dat.
1768 713 1943 801 apud
1991 714 2480 780 villamnovam
2524 715 2995 783 Avinionensis
3045 717 3356 802 diocesia,
3403 719 3467 785 V
3500 719 3608 785 Kl.

551 819 831 907 Aprilis,
880 840 1053 885 anno
1100 839 1296 884 nono.

957 953 1080 1018 noy.
1116 953 1213 1003 Aa.
1261 955 1315 1003 T.
1351 950 1446 1016 57,
1479 954 1531 1013 f.
1563 951 1688 1004 334·
1721 958 1772 1003 et
1812 949 1874 1004 T.
1907 952 1997 1019 eo,
2023 955 2083 1019 s.
2118 951 2260 1004 4740.

545 1418 727 1488 1387.
1395 1421 1570 1485 1351
1599 1471 1615 1504 ,
1663 1421 1921 1515 Aprilis
1967 1422 2047 1505 1,
2099 1442 2204 1506 ap.
2267 1422 2755 1489 Villamnovam.

854 1577 1283 1664 Infrascripti
1331 1598 1463 1663 pro
1524 1577 1755 1642 decano
1817 1585 1877 1642 et
1937 1578 2219 1663 capitulo
2267 1577 2554 1641 ecclesiae
2600 1577 3080 1643 Daventriensis
3129 1579 3215 1643 ad
3261 1581 3613 1665 quinquen-

763 1687 941 1749 nium
986 1684 1383 1771 deputantur
1427 1692 1909 1750 conservatores.

765 1866 1040 1932 Dilectis
1086 1865 1236 1930 filiis
1286 1913 1303 1930 .
1332 1913 1349 1929 .
1398 1864 1625 1930 abbati
1670 1864 2052 1931 monasterii
2101 1866 2312 1930 sancti
2361 1863 2808 1930 Bartholomei
2854 1864 2937 1931 de
2977 1864 3234 1931 thout
3266 1866 3335 1931 in
3366 1866 3604 1952 Brugis

545 1973 976 2039 'l'ornacensis
1039 1971 1317 2038 diocesis
1380 1976 1449 2036 et
1512 2017 1529 2035 .
1558 2019 1573 2035 .
1634 1970 2047 2037 Coloniensis
2094 1991 2169 2035 ao
2225 2018 2243 2036 .
2271 2017 2287 2034 .
2337 1971 2548 2035 saneti
2595 1970 2917 2036 Johannis
2963 1971 3349 2038 Leodiensis
3399 1972 3605 2038 ecole-

546 2079 787 2145 siarum
834 2078 1098 2144 decanis
1145 2078 1426 2143 salutem
1472 2085 1584 2143 etc.

759 2185 1073 2251 Militanti
1136 2185 1430 2250 ecclesie.
1459 2231 1475 2248 .
1504 2231 1519 2248 .
1547 2230 1565 2249 .
1630 2183 1783 2251 Dat.
1849 2181 2025 2269 apud
2069 2182 2555 2250 villamnovam
2604 2183 3072 2250 Avinionensis
3121 2184 3430 2268 diocesia,
3480 2185 3590 2251 Kl.

539 2291 817 2379 Aprilis,
868 2312 1043 2359 anno
1092 2311 1287 2357 nono.

955 2427 1078 2491 Bey.
1115 2427 1215 2477 Aa.
1257 2429 1313 2477 T.
1345 2424 1441 2489 58,
1465 2428 1528 2491 s.
1559 2424 1701 2476 113v.

1773 2690 2365 2700 ———-———

542 2910 737 2979 1388.
1398 2915 1610 2998 1351,
1658 2915 1915 2999 Aprilis
1965 2916 2042 2997 3,
2090 2934 2196 2998 ap.
2260 2912 2747 2976 Villamnovam.

856 3063 1195 3129 Lamberto
1258 3063 1335 3128 cle
1395 3063 1720 3129 Hostende
1780 3066 2074 3129 canonico
2137 3064 2424 3128 ecclesiae
2489 3062 2965 3127 Daventriensis
3011 3062 3369 3127 conceditur
3404 3064 3610 3150 privi-

770 3172 1000 3257 leqium
1034 3171 1374 3256 plenariae
1419 3172 1697 3237 omnium
1738 3178 2141 3256 peccatorum
2186 3171 2570 3235 remissionis
2616 3171 2685 3234 in
2731 3171 3005 3234 articulo
3051 3172 3292 3235 mortis.

766 3336 1084 3402 Provenit
1131 3356 1238 3401 ex.
1268 3384 1283 3400 .
1313 3383 1329 3400 .
1368 3384 1383 3400 .
1451 3336 1606 3401 Dat.
1654 3334 1830 3424 apud
1880 3336 2365 3402 villamnovam
2410 3335 2879 3403 Avinionensis
2927 3336 3237 3420 diocesia,
3286 3334 3391 3401 ΠΙ
3436 3335 3607 3402 Non.

547 3441 824 3529 Aprilis,
873 3463 1047 3508 anno
1093 3462 1292 3508 nono.

958 3576 1083 3640 Bey.
1118 3577 1219 3627 Aa.
1265 3579 1319 3626 T.
1353 3575 1447 3641 58,
1472 3579 1531 3642 f.
1566 3575 1680 3627 523.

557 4058 743 4130 1389.
1532 4066 1742 4149 1351,
1788 4067 2049 4151 Aprilis
2094 4065 2212 4147 11,
2260 4065 2623 4129 Avenionis.

864 4216 1138 4282 Nicolao
1167 4217 1219 4300 1)
1290 4218 1386 4283 tit.
1437 4217 1507 4283 S.
1569 4218 1809 4284 Vitalis
1842 4219 2213 4305 presbytero
2264 4219 2604 4284 Cardinali
2647 4216 3064 4300 conferuntur
3108 4218 3513 4282 canonicatus
3558 4223 3618 4281 et

766 4323 1136 4408 praebenda
1165 4345 1240 4389 ac
1264 4327 1728 4411 praepositura
1758 4334 1818 4390 et
1848 4325 2403 4391 archidiaconatus
2434 4327 2504 4391 in
2535 4325 2789 4389 ecclesia
2819 4323 3295 4406 Daventriensi,
3329 4329 3620 4388 vacantes

761 4450 887 4515 per
932 4429 1170 4494 obitum
1213 4430 1530 4496 Anibaldi
1572 4433 1845 4518 episcopi
1900 4430 2271 4497 Tusculani.
2324 4469 2406 4481 —-
2455 4431 2875 4516 Deputantur
2920 4437 3293 4495 executores.
3658 4444 3665 4448 ·

774 4609 1096 4699 Exposcit
1144 4618 1406 4679 tuorum
1449 4613 1862 4679 excellentia.
1890 4662 1906 4679 .
1934 4660 1951 4678 .
1984 4661 2002 4679 .
2049 4613 2204 4682 Dat.
2237 4614 2599 4697 Avinione‚
2633 4613 2741 4678 III
2769 4612 2870 4679 Id.
2903 4612 3181 4701 Aprilis,
3214 4632 3387 4678 anno
3422 4632 3617 4679 nono.

968 4746 1094 4810 περ.
1126 4745 1223 4797 Aa.
1268 4748 1323 4798 T.
1354 4744 1445 4812 56,
1472 4748 1533 4812 s.
1566 4745 1682 4799 379.

704 4889 761 4957 1)
796 4889 1049 4944 Nicolaus
1082 4892 1147 4943 de
1180 4890 1429 4957 caputio,
1467 4906 1555 4944 an.
1588 4890 1922 4944 1341—1342
1953 4894 2228 4957 episcopus
2262 4892 2635 4957 Trajectensis.

569 5356 755 5425 1390.
1540 5361 1752 5444 1351,
1799 5362 2057 5446 Aprilis
2103 5364 2225 5444 18,
2269 5363 2633 5427 Avenionis.

883 5513 1153 5580 Wittoni
1196 5522 1349 5580 nato
1398 5513 1716 5599 quondam
1753 5514 2095 5580 Berwondi
2144 5518 2294 5581 laici
2341 5514 2523 5599 Traj.
2572 5515 2759 5580 dioec.
2810 5514 3168 5581 conceditur
3201 5514 3616 5600 privileqium

770 5621 1108 5704 plenariae
1153 5624 1430 5686 omnium
1464 5627 1870 5706 peccatorum
1915 5623 2301 5688 remissionis
2348 5623 2417 5686 in
2463 5624 2738 5687 articulo
2783 5622 3026 5687 mortis.
