<?xml version="1.0" encoding="UTF-8"?>
<!DOCTYPE html PUBLIC "-//W3C//DTD XHTML 1.0 Transitional//EN"
    "http://www.w3.org/TR/xhtml1/DTD/xhtml1-transitional.dtd">
<html xmlns="http://www.w3.org/1999/xhtml" xml:lang="en" lang="en">
 <head>
  <title>
</title>
<meta http-equiv="Content-Type" content="text/html;charset=utf-8" />
  <meta name='ocr-system' content='tesseract 3.04.00' />
  <meta name='ocr-capabilities' content='ocr_page ocr_carea ocr_par ocr_line ocrx_word'/>
</head>
<body>
  <div class='ocr_page' id='page_1' title='image "./bullariumtrajec00nethgoog_0500.png"; bbox 0 0 4450 6684; ppageno 0'>
   <div class='ocr_carea' id='block_1_1' title="bbox 759 530 2683 603">
    <p class='ocr_par' dir='ltr' id='par_1_1' title="bbox 759 530 2683 603">
     <span class='ocr_line' id='line_1_1' title="bbox 759 530 2683 603; baseline -0.004 -3"><span class='ocrx_word' id='word_1_1' title='bbox 759 537 893 603; x_wconf 82' lang='lat'><strong>394</strong></span> <span class='ocrx_word' id='word_1_2' title='bbox 1912 531 2136 597; x_wconf 70' lang='lat' dir='ltr'><strong>Innnx</strong></span> <span class='ocrx_word' id='word_1_3' title='bbox 2189 530 2683 597; x_wconf 70' lang='lat' dir='ltr'><strong>Pnnsomnma.</strong></span> 
     </span>
    </p>
   </div>
   <div class='ocr_carea' id='block_1_2' title="bbox 760 751 2218 5391">
    <p class='ocr_par' dir='ltr' id='par_1_2' title="bbox 766 751 2212 1141">
     <span class='ocr_line' id='line_1_2' title="bbox 766 751 2212 828; baseline -0.003 -13"><span class='ocrx_word' id='word_1_4' title='bbox 766 755 1223 815; x_wconf 83' lang='lat' dir='ltr'><strong>Hermannus</strong></span> <span class='ocrx_word' id='word_1_5' title='bbox 1263 753 1416 814; x_wconf 82' lang='lat' dir='ltr'><strong>Rost</strong></span> <span class='ocrx_word' id='word_1_6' title='bbox 1452 753 1553 828; x_wconf 89' lang='lat' dir='ltr'><strong>(de</strong></span> <span class='ocrx_word' id='word_1_7' title='bbox 1579 752 1758 828; x_wconf 78' lang='lat' dir='ltr'><strong>Rost)</strong></span> <span class='ocrx_word' id='word_1_8' title='bbox 1786 752 1861 812; x_wconf 80' lang='lat' dir='ltr'><strong>de</strong></span> <span class='ocrx_word' id='word_1_9' title='bbox 1889 751 2212 813; x_wconf 84' lang='lat' dir='ltr'><strong>Boeeheim</strong></span> 
     </span>
     <span class='ocr_line' id='line_1_3' title="bbox 846 860 2211 939; baseline -0.003 -15"><span class='ocrx_word' id='word_1_10' title='bbox 846 865 1014 925; x_wconf 83' lang='lat' dir='ltr'>baee.</span> <span class='ocrx_word' id='word_1_11' title='bbox 1056 864 1245 939; x_wconf 63' lang='lat' dir='ltr'><strong>deor„</strong></span> <span class='ocrx_word' id='word_1_12' title='bbox 1287 881 1418 923; x_wconf 84' lang='lat' dir='ltr'><strong>ean.</strong></span> <span class='ocrx_word' id='word_1_13' title='bbox 1462 867 1525 922; x_wconf 84' lang='lat' dir='ltr'><strong>et</strong></span> <span class='ocrx_word' id='word_1_14' title='bbox 1566 862 1692 922; x_wconf 85' lang='lat' dir='ltr'>dee.</span> <span class='ocrx_word' id='word_1_15' title='bbox 1723 860 1785 921; x_wconf 84' lang='lat' dir='ltr'>S.</span> <span class='ocrx_word' id='word_1_16' title='bbox 1816 860 1986 921; x_wconf 78' lang='lat' dir='ltr'><strong>Petri</strong></span> <span class='ocrx_word' id='word_1_17' title='bbox 2017 860 2211 938; x_wconf 84' lang='lat' dir='ltr'>Traj.,</span> 
     </span>
     <span class='ocr_line' id='line_1_4' title="bbox 845 967 2209 1048; baseline -0.002 -17"><span class='ocrx_word' id='word_1_18' title='bbox 845 972 1062 1032; x_wconf 82' lang='lat' dir='ltr'><strong>deinde</strong></span> <span class='ocrx_word' id='word_1_19' title='bbox 1114 990 1245 1033; x_wconf 82' lang='lat' dir='ltr'><strong>ean.</strong></span> <span class='ocrx_word' id='word_1_20' title='bbox 1296 973 1357 1032; x_wconf 92' lang='lat' dir='ltr'>b.</span> <span class='ocrx_word' id='word_1_21' title='bbox 1408 970 1637 1031; x_wconf 77' lang='lat' dir='ltr'><strong>Mariae</strong></span> <span class='ocrx_word' id='word_1_22' title='bbox 1676 967 1980 1048; x_wconf 75' lang='lat' dir='ltr'><strong>Aquensis</strong></span> <span class='ocrx_word' id='word_1_23' title='bbox 2026 970 2209 1046; x_wconf 83' lang='lat'>1888,</span> 
     </span>
     <span class='ocr_line' id='line_1_5' title="bbox 844 1081 1022 1141; baseline -0.006 -1"><span class='ocrx_word' id='word_1_24' title='bbox 844 1081 1022 1141; x_wconf 87' lang='grc'><strong>2156.</strong></span> 
     </span>
    </p>

    <p class='ocr_par' dir='ltr' id='par_1_3' title="bbox 766 1188 2212 1483">
     <span class='ocr_line' id='line_1_6' title="bbox 766 1188 2212 1265; baseline -0.001 -16"><span class='ocrx_word' id='word_1_25' title='bbox 766 1224 839 1235; x_wconf 94' lang='grc'>-</span> <span class='ocrx_word' id='word_1_26' title='bbox 898 1189 974 1249; x_wconf 80' lang='lat' dir='ltr'><strong>de</strong></span> <span class='ocrx_word' id='word_1_27' title='bbox 1028 1188 1230 1248; x_wconf 86' lang='lat' dir='ltr'>Welle</span> <span class='ocrx_word' id='word_1_28' title='bbox 1282 1189 1447 1248; x_wconf 83' lang='lat' dir='ltr'>baee.</span> <span class='ocrx_word' id='word_1_29' title='bbox 1503 1193 1650 1264; x_wconf 64' lang='lat' dir='ltr'><strong>art„</strong></span> <span class='ocrx_word' id='word_1_30' title='bbox 1704 1188 1929 1265; x_wconf 63' lang='lat' dir='ltr'>presb„</span> <span class='ocrx_word' id='word_1_31' title='bbox 1979 1205 2112 1247; x_wconf 84' lang='lat' dir='ltr'><strong>ean.</strong></span> <span class='ocrx_word' id='word_1_32' title='bbox 2151 1188 2212 1247; x_wconf 94' lang='lat' dir='ltr'>b.</span> 
     </span>
     <span class='ocr_line' id='line_1_7' title="bbox 847 1295 2211 1377; baseline -0.003 -19"><span class='ocrx_word' id='word_1_33' title='bbox 847 1298 1099 1377; x_wconf 80' lang='lat' dir='ltr'>Georgii</span> <span class='ocrx_word' id='word_1_34' title='bbox 1151 1295 1686 1373; x_wconf 78' lang='lat' dir='ltr'><strong>Amersfurtensis‚</strong></span> <span class='ocrx_word' id='word_1_35' title='bbox 1743 1295 1939 1356; x_wconf 82' lang='lat' dir='ltr'>benef.</span> <span class='ocrx_word' id='word_1_36' title='bbox 1994 1314 2031 1355; x_wconf 91' lang='lat' dir='ltr'><strong>a</strong></span> <span class='ocrx_word' id='word_1_37' title='bbox 2080 1313 2211 1373; x_wconf 84' lang='lat' dir='ltr'>eap.</span> 
     </span>
     <span class='ocr_line' id='line_1_8' title="bbox 846 1405 1545 1483; baseline -0.003 -17"><span class='ocrx_word' id='word_1_38' title='bbox 846 1407 906 1466; x_wconf 79' lang='lat' dir='ltr'>S.</span> <span class='ocrx_word' id='word_1_39' title='bbox 951 1406 1115 1466; x_wconf 79' lang='lat' dir='ltr'>Salv.</span> <span class='ocrx_word' id='word_1_40' title='bbox 1160 1405 1323 1483; x_wconf 84' lang='lat' dir='ltr'>Traj.</span> <span class='ocrx_word' id='word_1_41' title='bbox 1371 1406 1545 1465; x_wconf 82' lang='lat'>1959.</span> 
     </span>
    </p>

    <p class='ocr_par' dir='ltr' id='par_1_4' title="bbox 768 1513 2212 1588">
     <span class='ocr_line' id='line_1_9' title="bbox 768 1513 2212 1588; baseline -0.003 -13"><span class='ocrx_word' id='word_1_42' title='bbox 768 1548 841 1561; x_wconf 94' lang='lat'>—</span> <span class='ocrx_word' id='word_1_43' title='bbox 889 1516 1088 1575; x_wconf 76' lang='lat' dir='ltr'><strong>dietus</strong></span> <span class='ocrx_word' id='word_1_44' title='bbox 1126 1515 1446 1574; x_wconf 82' lang='lat' dir='ltr'><strong>Peterman</strong></span> <span class='ocrx_word' id='word_1_45' title='bbox 1474 1531 1603 1574; x_wconf 82' lang='lat' dir='ltr'><strong>ean.</strong></span> <span class='ocrx_word' id='word_1_46' title='bbox 1635 1513 1786 1573; x_wconf 82' lang='lat' dir='ltr'>Dav.</span> <span class='ocrx_word' id='word_1_47' title='bbox 1818 1514 2006 1588; x_wconf 96' lang='grc'>2004,</span> <span class='ocrx_word' id='word_1_48' title='bbox 2035 1513 2212 1572; x_wconf 92' lang='grc'>2007.</span> 
     </span>
    </p>

    <p class='ocr_par' dir='ltr' id='par_1_5' title="bbox 768 1620 2216 1915">
     <span class='ocr_line' id='line_1_10' title="bbox 768 1620 2215 1698; baseline 0.001 -16"><span class='ocrx_word' id='word_1_49' title='bbox 768 1657 843 1670; x_wconf 91' lang='grc'>-</span> <span class='ocrx_word' id='word_1_50' title='bbox 904 1623 1149 1684; x_wconf 81' lang='lat' dir='ltr'><strong>Ellineh</strong></span> <span class='ocrx_word' id='word_1_51' title='bbox 1212 1622 1506 1698; x_wconf 81' lang='lat' dir='ltr'><strong>(Ellinek)</strong></span> <span class='ocrx_word' id='word_1_52' title='bbox 1562 1621 1637 1680; x_wconf 87' lang='lat' dir='ltr'><strong>de</strong></span> <span class='ocrx_word' id='word_1_53' title='bbox 1692 1621 1935 1681; x_wconf 85' lang='lat' dir='ltr'><strong>Vreden</strong></span> <span class='ocrx_word' id='word_1_54' title='bbox 1966 1620 2010 1697; x_wconf 87' lang='grc'><strong>1)</strong></span> <span class='ocrx_word' id='word_1_55' title='bbox 2067 1621 2215 1684; x_wconf 77' lang='lat' dir='ltr'>eler-</span> 
     </span>
     <span class='ocr_line' id='line_1_11' title="bbox 848 1729 2216 1808; baseline -0.004 -15"><span class='ocrx_word' id='word_1_56' title='bbox 848 1734 1171 1793; x_wconf 78' lang='lat' dir='ltr'><strong>Monaster.</strong></span> <span class='ocrx_word' id='word_1_57' title='bbox 1201 1731 1419 1807; x_wconf 86' lang='lat' dir='ltr'>dioee.,</span> <span class='ocrx_word' id='word_1_58' title='bbox 1457 1749 1663 1808; x_wconf 89' lang='lat' dir='ltr'>praep.</span> <span class='ocrx_word' id='word_1_59' title='bbox 1693 1729 1752 1789; x_wconf 79' lang='lat'>8.</span> <span class='ocrx_word' id='word_1_60' title='bbox 1783 1729 1825 1789; x_wconf 83' lang='lat' dir='ltr'><strong>J</strong></span> <span class='ocrx_word' id='word_1_61' title='bbox 1828 1730 1922 1790; x_wconf 89' lang='lat' dir='ltr'>oh.</span> <span class='ocrx_word' id='word_1_62' title='bbox 1955 1729 2216 1806; x_wconf 80' lang='lat' dir='ltr'>Traj.(P)</span> 
     </span>
     <span class='ocr_line' id='line_1_12' title="bbox 848 1839 1835 1915; baseline -0.003 -15"><span class='ocrx_word' id='word_1_63' title='bbox 848 1841 975 1901; x_wconf 82' lang='lat' dir='ltr'>dee.</span> <span class='ocrx_word' id='word_1_64' title='bbox 1020 1840 1388 1900; x_wconf 73' lang='lat' dir='ltr'><strong>xanctensis</strong></span> <span class='ocrx_word' id='word_1_65' title='bbox 1428 1840 1615 1915; x_wconf 92' lang='grc'>2031,</span> <span class='ocrx_word' id='word_1_66' title='bbox 1657 1839 1835 1898; x_wconf 88' lang='grc'>2230.</span> 
     </span>
    </p>

    <p class='ocr_par' dir='ltr' id='par_1_6' title="bbox 772 1947 2217 2116">
     <span class='ocr_line' id='line_1_13' title="bbox 772 1947 2217 2009; baseline -0.002 0"><span class='ocrx_word' id='word_1_67' title='bbox 772 1982 846 1993; x_wconf 94' lang='lat'><strong>—-</strong></span> <span class='ocrx_word' id='word_1_68' title='bbox 905 1949 1131 2009; x_wconf 80' lang='lat' dir='ltr'>Gruter</span> <span class='ocrx_word' id='word_1_69' title='bbox 1191 1948 1267 2008; x_wconf 87' lang='lat' dir='ltr'><strong>de</strong></span> <span class='ocrx_word' id='word_1_70' title='bbox 1327 1947 1691 2007; x_wconf 79' lang='lat' dir='ltr'><strong>Dotinchem</strong></span> <span class='ocrx_word' id='word_1_71' title='bbox 1751 1966 1881 2009; x_wconf 83' lang='lat' dir='ltr'><strong>ean.</strong></span> <span class='ocrx_word' id='word_1_72' title='bbox 1938 1965 2096 2007; x_wconf 89' lang='lat' dir='ltr'><strong>mon.</strong></span> <span class='ocrx_word' id='word_1_73' title='bbox 2151 1947 2217 2006; x_wconf 91' lang='lat' dir='ltr'><strong>in</strong></span> 
     </span>
     <span class='ocr_line' id='line_1_14' title="bbox 850 2057 1425 2116; baseline 0 -1"><span class='ocrx_word' id='word_1_74' title='bbox 850 2057 1208 2116; x_wconf 79' lang='lat' dir='ltr'><strong>Bethlehem</strong></span> <span class='ocrx_word' id='word_1_75' title='bbox 1249 2057 1425 2115; x_wconf 85' lang='lat'>2142.</span> 
     </span>
    </p>

    <p class='ocr_par' dir='ltr' id='par_1_7' title="bbox 775 2162 2082 2241">
     <span class='ocr_line' id='line_1_15' title="bbox 775 2162 2082 2241; baseline -0.001 -15"><span class='ocrx_word' id='word_1_76' title='bbox 775 2199 848 2209; x_wconf 93' lang='lat'><strong>—</strong></span> <span class='ocrx_word' id='word_1_77' title='bbox 893 2166 1168 2226; x_wconf 85' lang='lat' dir='ltr'><strong>Cromme</strong></span> <span class='ocrx_word' id='word_1_78' title='bbox 1208 2183 1340 2225; x_wconf 85' lang='lat' dir='ltr'><strong>ean.</strong></span> <span class='ocrx_word' id='word_1_79' title='bbox 1385 2164 1444 2224; x_wconf 85' lang='lat' dir='ltr'>S.</span> <span class='ocrx_word' id='word_1_80' title='bbox 1488 2162 1655 2224; x_wconf 77' lang='lat' dir='ltr'><strong>Petri</strong></span> <span class='ocrx_word' id='word_1_81' title='bbox 1698 2164 1863 2241; x_wconf 85' lang='lat' dir='ltr'>Traj.</span> <span class='ocrx_word' id='word_1_82' title='bbox 1906 2165 2082 2225; x_wconf 82' lang='lat'>2126.</span> 
     </span>
    </p>

    <p class='ocr_par' dir='ltr' id='par_1_8' title="bbox 774 2273 2218 2676">
     <span class='ocr_line' id='line_1_16' title="bbox 774 2273 2218 2334; baseline -0.002 -1"><span class='ocrx_word' id='word_1_83' title='bbox 774 2308 848 2318; x_wconf 96' lang='lat'>—</span> <span class='ocrx_word' id='word_1_84' title='bbox 887 2274 962 2333; x_wconf 87' lang='lat' dir='ltr'><strong>de</strong></span> <span class='ocrx_word' id='word_1_85' title='bbox 982 2273 1451 2334; x_wconf 87' lang='lat' dir='ltr'><strong>Brandenboreh</strong></span> <span class='ocrx_word' id='word_1_86' title='bbox 1477 2279 1678 2333; x_wconf 79' lang='lat' dir='ltr'><strong>rector</strong></span> <span class='ocrx_word' id='word_1_87' title='bbox 1704 2273 1848 2333; x_wconf 81' lang='lat' dir='ltr'>ecel.</span> <span class='ocrx_word' id='word_1_88' title='bbox 1872 2273 1936 2332; x_wconf 93' lang='lat' dir='ltr'><strong>in</strong></span> <span class='ocrx_word' id='word_1_89' title='bbox 1965 2273 2218 2333; x_wconf 87' lang='lat' dir='ltr'><strong>s’Heer·</strong></span> 
     </span>
     <span class='ocr_line' id='line_1_17' title="bbox 853 2382 2215 2443; baseline 0.001 -1"><span class='ocrx_word' id='word_1_90' title='bbox 853 2382 1448 2442; x_wconf 85' lang='lat' dir='ltr'><strong>Hendrikskinderen</strong></span> <span class='ocrx_word' id='word_1_91' title='bbox 1497 2400 1729 2443; x_wconf 79' lang='lat' dir='ltr'><strong>necnon</strong></span> <span class='ocrx_word' id='word_1_92' title='bbox 1768 2382 1982 2442; x_wconf 81' lang='lat' dir='ltr'><strong>altaris</strong></span> <span class='ocrx_word' id='word_1_93' title='bbox 2023 2382 2093 2441; x_wconf 92' lang='lat' dir='ltr'>B.</span> <span class='ocrx_word' id='word_1_94' title='bbox 2136 2383 2215 2443; x_wconf 74' lang='lat' dir='ltr'>M.</span> 
     </span>
     <span class='ocr_line' id='line_1_18' title="bbox 852 2490 2217 2567; baseline 0 -17"><span class='ocrx_word' id='word_1_95' title='bbox 852 2492 928 2552; x_wconf 92' lang='lat' dir='ltr'>V.</span> <span class='ocrx_word' id='word_1_96' title='bbox 972 2492 1047 2551; x_wconf 87' lang='lat' dir='ltr'><strong>de</strong></span> <span class='ocrx_word' id='word_1_97' title='bbox 1087 2492 1471 2567; x_wconf 80' lang='lat' dir='ltr'><strong>Rotterdam,</strong></span> <span class='ocrx_word' id='word_1_98' title='bbox 1512 2491 1728 2551; x_wconf 88' lang='lat' dir='ltr'><strong>deinde</strong></span> <span class='ocrx_word' id='word_1_99' title='bbox 1767 2491 1981 2551; x_wconf 79' lang='lat' dir='ltr'><strong>altaris</strong></span> <span class='ocrx_word' id='word_1_100' title='bbox 2017 2490 2077 2550; x_wconf 79' lang='lat' dir='ltr'>S.</span> <span class='ocrx_word' id='word_1_101' title='bbox 2107 2491 2165 2550; x_wconf 84' lang='lat' dir='ltr'>N</span> <span class='ocrx_word' id='word_1_102' title='bbox 2169 2491 2217 2550; x_wconf 91' lang='lat' dir='ltr'><strong>i-</strong></span> 
     </span>
     <span class='ocr_line' id='line_1_19' title="bbox 852 2600 1726 2676; baseline -0.003 -15"><span class='ocrx_word' id='word_1_103' title='bbox 852 2601 1005 2661; x_wconf 82' lang='lat' dir='ltr'><strong>colai</strong></span> <span class='ocrx_word' id='word_1_104' title='bbox 1047 2600 1111 2658; x_wconf 92' lang='lat' dir='ltr'><strong>in</strong></span> <span class='ocrx_word' id='word_1_105' title='bbox 1153 2600 1298 2661; x_wconf 75' lang='lat' dir='ltr'>ecel.</span> <span class='ocrx_word' id='word_1_106' title='bbox 1343 2600 1506 2676; x_wconf 85' lang='lat' dir='ltr'>Traj.</span> <span class='ocrx_word' id='word_1_107' title='bbox 1550 2601 1726 2658; x_wconf 87' lang='grc'>2161.</span> 
     </span>
    </p>

    <p class='ocr_par' dir='ltr' id='par_1_9' title="bbox 772 2710 1448 2788">
     <span class='ocr_line' id='line_1_20' title="bbox 772 2710 1448 2788; baseline 0 -19"><span class='ocrx_word' id='word_1_108' title='bbox 772 2744 846 2754; x_wconf 90' lang='grc'>-</span> <span class='ocrx_word' id='word_1_109' title='bbox 891 2710 1231 2788; x_wconf 88' lang='lat' dir='ltr'><strong>Kempineh</strong></span> <span class='ocrx_word' id='word_1_110' title='bbox 1273 2712 1448 2770; x_wconf 92' lang='grc'>2170.</span> 
     </span>
    </p>

    <p class='ocr_par' dir='ltr' id='par_1_10' title="bbox 772 2817 2216 2987">
     <span class='ocr_line' id='line_1_21' title="bbox 772 2817 2216 2897; baseline -0.003 -18"><span class='ocrx_word' id='word_1_111' title='bbox 772 2852 847 2864; x_wconf 89' lang='grc'>-</span> <span class='ocrx_word' id='word_1_112' title='bbox 890 2819 964 2879; x_wconf 87' lang='lat' dir='ltr'><strong>de</strong></span> <span class='ocrx_word' id='word_1_113' title='bbox 984 2819 1230 2878; x_wconf 86' lang='lat' dir='ltr'><strong>Vreden</strong></span> <span class='ocrx_word' id='word_1_114' title='bbox 1255 2819 1299 2893; x_wconf 78' lang='grc' dir='ltr'><strong>ι)</strong></span> <span class='ocrx_word' id='word_1_115' title='bbox 1327 2837 1515 2897; x_wconf 63' lang='lat' dir='ltr'><strong>mag„</strong></span> <span class='ocrx_word' id='word_1_116' title='bbox 1544 2837 1706 2897; x_wconf 83' lang='lat' dir='ltr'>pree.</span> <span class='ocrx_word' id='word_1_117' title='bbox 1737 2819 1803 2878; x_wconf 91' lang='lat' dir='ltr'><strong>in</strong></span> <span class='ocrx_word' id='word_1_118' title='bbox 1830 2817 2000 2878; x_wconf 87' lang='lat' dir='ltr'><strong>euria</strong></span> <span class='ocrx_word' id='word_1_119' title='bbox 2027 2819 2216 2893; x_wconf 85' lang='lat'>2244,</span> 
     </span>
     <span class='ocr_line' id='line_1_22' title="bbox 850 2927 1308 2987; baseline 0 -1"><span class='ocrx_word' id='word_1_120' title='bbox 850 2928 971 2986; x_wconf 84' lang='lat' dir='ltr'>Int.</span> <span class='ocrx_word' id='word_1_121' title='bbox 1014 2927 1308 2987; x_wconf 84' lang='lat' dir='ltr'><strong>LXXVI.</strong></span> 
     </span>
    </p>

    <p class='ocr_par' dir='ltr' id='par_1_11' title="bbox 774 3036 2213 3220">
     <span class='ocr_line' id='line_1_23' title="bbox 774 3036 2213 3096; baseline -0.001 -1"><span class='ocrx_word' id='word_1_122' title='bbox 774 3070 844 3081; x_wconf 97' lang='lat'>—</span> <span class='ocrx_word' id='word_1_123' title='bbox 889 3037 1074 3096; x_wconf 89' lang='lat' dir='ltr'><strong>abbas</strong></span> <span class='ocrx_word' id='word_1_124' title='bbox 1104 3036 1165 3096; x_wconf 84' lang='lat' dir='ltr'>S.</span> <span class='ocrx_word' id='word_1_125' title='bbox 1187 3037 1502 3096; x_wconf 82' lang='lat' dir='ltr'><strong>Laurentii</strong></span> <span class='ocrx_word' id='word_1_126' title='bbox 1531 3036 1597 3096; x_wconf 91' lang='lat' dir='ltr'><strong>in</strong></span> <span class='ocrx_word' id='word_1_127' title='bbox 1618 3036 1956 3096; x_wconf 85' lang='lat' dir='ltr'><strong>Oestbroek</strong></span> <span class='ocrx_word' id='word_1_128' title='bbox 1978 3036 2213 3095; x_wconf 86' lang='grc'>2264-</span> 
     </span>
     <span class='ocr_line' id='line_1_24' title="bbox 850 3144 1987 3220; baseline 0.001 -18"><span class='ocrx_word' id='word_1_129' title='bbox 850 3145 1041 3220; x_wconf 90' lang='grc'>2266,</span> <span class='ocrx_word' id='word_1_130' title='bbox 1084 3144 1206 3203; x_wconf 80' lang='lat' dir='ltr'>Int.</span> <span class='ocrx_word' id='word_1_131' title='bbox 1251 3144 1567 3220; x_wconf 84' lang='lat' dir='ltr'>XXXVI,</span> <span class='ocrx_word' id='word_1_132' title='bbox 1613 3144 1987 3203; x_wconf 84' lang='lat' dir='ltr'>XXXVIII.</span> 
     </span>
    </p>

    <p class='ocr_par' dir='ltr' id='par_1_12' title="bbox 770 3253 1996 3331">
     <span class='ocr_line' id='line_1_25' title="bbox 770 3253 1996 3331; baseline 0 -20"><span class='ocrx_word' id='word_1_133' title='bbox 770 3285 843 3296; x_wconf 89' lang='lat'>—</span> <span class='ocrx_word' id='word_1_134' title='bbox 889 3253 963 3311; x_wconf 86' lang='lat' dir='ltr'><strong>de</strong></span> <span class='ocrx_word' id='word_1_135' title='bbox 1005 3253 1265 3312; x_wconf 79' lang='lat' dir='ltr'><strong>Herwen</strong></span> <span class='ocrx_word' id='word_1_136' title='bbox 1306 3253 1570 3330; x_wconf 76' lang='lat' dir='ltr'><strong>armiger</strong></span> <span class='ocrx_word' id='word_1_137' title='bbox 1610 3254 1770 3331; x_wconf 84' lang='lat' dir='ltr'>App.</span> <span class='ocrx_word' id='word_1_138' title='bbox 1815 3253 1996 3312; x_wconf 87' lang='lat' dir='ltr'>VIII.</span> 
     </span>
    </p>

    <p class='ocr_par' dir='ltr' id='par_1_13' title="bbox 765 3360 2213 3529">
     <span class='ocr_line' id='line_1_26' title="bbox 765 3360 2213 3439; baseline 0.002 -21"><span class='ocrx_word' id='word_1_139' title='bbox 765 3360 960 3421; x_wconf 89' lang='lat' dir='ltr'>Hero</span> <span class='ocrx_word' id='word_1_140' title='bbox 1006 3361 1241 3421; x_wconf 77' lang='lat' dir='ltr'><strong>Satoris</strong></span> <span class='ocrx_word' id='word_1_141' title='bbox 1283 3379 1607 3422; x_wconf 82' lang='lat' dir='ltr'><strong>conversus</strong></span> <span class='ocrx_word' id='word_1_142' title='bbox 1647 3380 1802 3422; x_wconf 91' lang='lat' dir='ltr'><strong>mon.</strong></span> <span class='ocrx_word' id='word_1_143' title='bbox 1846 3364 1905 3422; x_wconf 89' lang='lat' dir='ltr'>b.</span> <span class='ocrx_word' id='word_1_144' title='bbox 1943 3361 2213 3439; x_wconf 85' lang='lat' dir='ltr'>odulphi</span> 
     </span>
     <span class='ocr_line' id='line_1_27' title="bbox 848 3468 1420 3529; baseline 0 -1"><span class='ocrx_word' id='word_1_145' title='bbox 848 3472 913 3528; x_wconf 92' lang='lat' dir='ltr'><strong>in</strong></span> <span class='ocrx_word' id='word_1_146' title='bbox 956 3468 1200 3529; x_wconf 83' lang='lat' dir='ltr'><strong>Stauria</strong></span> <span class='ocrx_word' id='word_1_147' title='bbox 1245 3470 1420 3528; x_wconf 88' lang='grc'>1651.</span> 
     </span>
    </p>

    <p class='ocr_par' dir='ltr' id='par_1_14' title="bbox 767 3577 2210 3762">
     <span class='ocr_line' id='line_1_28' title="bbox 767 3577 2210 3656; baseline 0.001 -20"><span class='ocrx_word' id='word_1_148' title='bbox 767 3577 1124 3638; x_wconf 87' lang='lat' dir='ltr'><strong>Hesselus</strong></span> <span class='ocrx_word' id='word_1_149' title='bbox 1184 3577 1422 3655; x_wconf 82' lang='lat' dir='ltr'><strong>Heyine</strong></span> <span class='ocrx_word' id='word_1_150' title='bbox 1482 3577 1814 3654; x_wconf 78' lang='lat' dir='ltr'><strong>(Heyineh)</strong></span> <span class='ocrx_word' id='word_1_151' title='bbox 1857 3597 1988 3638; x_wconf 85' lang='lat' dir='ltr'><strong>ean.</strong></span> <span class='ocrx_word' id='word_1_152' title='bbox 2029 3579 2210 3656; x_wconf 57' lang='lat' dir='ltr'><strong>Dav„</strong></span> 
     </span>
     <span class='ocr_line' id='line_1_29' title="bbox 847 3685 2014 3762; baseline 0.002 -18"><span class='ocrx_word' id='word_1_153' title='bbox 847 3691 1047 3746; x_wconf 77' lang='lat' dir='ltr'>rector</span> <span class='ocrx_word' id='word_1_154' title='bbox 1087 3685 1233 3745; x_wconf 79' lang='lat' dir='ltr'>ecel.</span> <span class='ocrx_word' id='word_1_155' title='bbox 1276 3685 1350 3744; x_wconf 87' lang='lat' dir='ltr'><strong>de</strong></span> <span class='ocrx_word' id='word_1_156' title='bbox 1392 3685 1613 3745; x_wconf 81' lang='lat' dir='ltr'><strong>Swolla</strong></span> <span class='ocrx_word' id='word_1_157' title='bbox 1653 3687 1797 3762; x_wconf 93' lang='grc'>877,</span> <span class='ocrx_word' id='word_1_158' title='bbox 1837 3687 2014 3747; x_wconf 89' lang='grc'>2259.</span> 
     </span>
    </p>

    <p class='ocr_par' dir='ltr' id='par_1_15' title="bbox 764 3794 2210 4087">
     <span class='ocr_line' id='line_1_30' title="bbox 764 3794 2210 3874; baseline 0.004 -23"><span class='ocrx_word' id='word_1_159' title='bbox 764 3794 1276 3872; x_wconf 79' lang='lat' dir='ltr'><strong>Heydenrieus</strong></span> <span class='ocrx_word' id='word_1_160' title='bbox 1319 3812 1524 3871; x_wconf 80' lang='lat' dir='ltr'><strong>praep.</strong></span> <span class='ocrx_word' id='word_1_161' title='bbox 1570 3794 1630 3853; x_wconf 80' lang='lat' dir='ltr'>S.</span> <span class='ocrx_word' id='word_1_162' title='bbox 1669 3794 1944 3854; x_wconf 84' lang='lat' dir='ltr'><strong>Severini</strong></span> <span class='ocrx_word' id='word_1_163' title='bbox 1972 3796 2210 3874; x_wconf 64' lang='lat' dir='ltr'><strong>Gelon„</strong></span> 
     </span>
     <span class='ocr_line' id='line_1_31' title="bbox 842 3903 2208 3983; baseline 0.003 -21"><span class='ocrx_word' id='word_1_164' title='bbox 842 3903 979 3963; x_wconf 82' lang='lat' dir='ltr'>coll.</span> <span class='ocrx_word' id='word_1_165' title='bbox 1021 3904 1257 3980; x_wconf 88' lang='lat' dir='ltr'><strong>papalis</strong></span> <span class='ocrx_word' id='word_1_166' title='bbox 1300 3904 1649 3980; x_wconf 88' lang='grc'>827-834,</span> <span class='ocrx_word' id='word_1_167' title='bbox 1694 3905 1841 3981; x_wconf 90' lang='grc'>839,</span> <span class='ocrx_word' id='word_1_168' title='bbox 1885 3907 2029 3983; x_wconf 88' lang='grc'>842,</span> <span class='ocrx_word' id='word_1_169' title='bbox 2063 3909 2208 3982; x_wconf 93' lang='grc'>847,</span> 
     </span>
     <span class='ocr_line' id='line_1_32' title="bbox 842 4010 1498 4087; baseline 0 -18"><span class='ocrx_word' id='word_1_170' title='bbox 842 4013 987 4087; x_wconf 89' lang='grc'>848,</span> <span class='ocrx_word' id='word_1_171' title='bbox 1033 4012 1154 4070; x_wconf 80' lang='lat' dir='ltr'>Int.</span> <span class='ocrx_word' id='word_1_172' title='bbox 1198 4010 1498 4069; x_wconf 91' lang='lat' dir='ltr'>LXVIII.</span> 
     </span>
    </p>

    <p class='ocr_par' dir='ltr' id='par_1_16' title="bbox 765 4118 2041 4199">
     <span class='ocr_line' id='line_1_33' title="bbox 765 4118 2041 4199; baseline 0.003 -21"><span class='ocrx_word' id='word_1_173' title='bbox 765 4155 838 4164; x_wconf 90' lang='lat'>—</span> <span class='ocrx_word' id='word_1_174' title='bbox 882 4120 1113 4179; x_wconf 81' lang='lat' dir='ltr'><strong>electus</strong></span> <span class='ocrx_word' id='word_1_175' title='bbox 1155 4118 1648 4179; x_wconf 78' lang='lat' dir='ltr'><strong>Monasteriensis</strong></span> <span class='ocrx_word' id='word_1_176' title='bbox 1687 4121 1847 4199; x_wconf 85' lang='lat' dir='ltr'>App.</span> <span class='ocrx_word' id='word_1_177' title='bbox 1891 4122 2041 4182; x_wconf 91' lang='lat' dir='ltr'>XII.</span> 
     </span>
    </p>

    <p class='ocr_par' dir='ltr' id='par_1_17' title="bbox 760 4227 1607 4306">
     <span class='ocr_line' id='line_1_34' title="bbox 760 4227 1607 4306; baseline -0.001 -18"><span class='ocrx_word' id='word_1_178' title='bbox 760 4228 1116 4306; x_wconf 79' lang='lat' dir='ltr'><strong>Heywiga</strong></span> <span class='ocrx_word' id='word_1_179' title='bbox 1158 4247 1213 4286; x_wconf 78' lang='lat' dir='ltr'>v.</span> <span class='ocrx_word' id='word_1_180' title='bbox 1257 4227 1607 4305; x_wconf 82' lang='lat' dir='ltr'>Hedewiga.</span> 
     </span>
    </p>

    <p class='ocr_par' dir='ltr' id='par_1_18' title="bbox 763 4335 2211 4521">
     <span class='ocr_line' id='line_1_35' title="bbox 763 4335 2211 4413; baseline 0.001 -18"><span class='ocrx_word' id='word_1_181' title='bbox 763 4335 952 4396; x_wconf 87' lang='lat' dir='ltr'><strong>Hido</strong></span> <span class='ocrx_word' id='word_1_182' title='bbox 1013 4336 1403 4413; x_wconf 82' lang='lat' dir='ltr'><strong>provincialis</strong></span> <span class='ocrx_word' id='word_1_183' title='bbox 1467 4336 1540 4396; x_wconf 87' lang='lat' dir='ltr'>fr.</span> <span class='ocrx_word' id='word_1_184' title='bbox 1599 4336 2092 4398; x_wconf 75' lang='lat' dir='ltr'><strong>Praedicatorum</strong></span> <span class='ocrx_word' id='word_1_185' title='bbox 2147 4339 2211 4396; x_wconf 89' lang='lat' dir='ltr'><strong>in</strong></span> 
     </span>
     <span class='ocr_line' id='line_1_36' title="bbox 842 4445 1829 4521; baseline 0.003 -18"><span class='ocrx_word' id='word_1_186' title='bbox 842 4445 1203 4504; x_wconf 87' lang='lat' dir='ltr'><strong>Alemannia</strong></span> <span class='ocrx_word' id='word_1_187' title='bbox 1245 4446 1360 4503; x_wconf 89' lang='grc'><strong>207</strong></span> <span class='ocrx_word' id='word_1_188' title='bbox 1379 4488 1395 4521; x_wconf 95' lang='grc'>,</span> <span class='ocrx_word' id='word_1_189' title='bbox 1437 4446 1557 4504; x_wconf 82' lang='lat' dir='ltr'>Int.</span> <span class='ocrx_word' id='word_1_190' title='bbox 1599 4446 1829 4506; x_wconf 91' lang='lat' dir='ltr'>LXIV.</span> 
     </span>
    </p>

    <p class='ocr_par' dir='ltr' id='par_1_19' title="bbox 763 4551 2208 4739">
     <span class='ocr_line' id='line_1_37' title="bbox 763 4551 2208 4632; baseline 0.003 -21"><span class='ocrx_word' id='word_1_191' title='bbox 763 4551 1271 4630; x_wconf 80' lang='lat' dir='ltr'><strong>Hildegherus</strong></span> <span class='ocrx_word' id='word_1_192' title='bbox 1328 4553 1745 4632; x_wconf 77' lang='lat' dir='ltr'><strong>(Hildegerus)</strong></span> <span class='ocrx_word' id='word_1_193' title='bbox 1789 4574 1918 4615; x_wconf 83' lang='lat' dir='ltr'><strong>ean.</strong></span> <span class='ocrx_word' id='word_1_194' title='bbox 1963 4555 2023 4616; x_wconf 79' lang='lat' dir='ltr'>S.</span> <span class='ocrx_word' id='word_1_195' title='bbox 2068 4555 2208 4617; x_wconf 82' lang='lat' dir='ltr'>Joh.</span> 
     </span>
     <span class='ocr_line' id='line_1_38' title="bbox 845 4659 1558 4739; baseline 0.004 -21"><span class='ocrx_word' id='word_1_196' title='bbox 845 4659 1183 4739; x_wconf 79' lang='lat' dir='ltr'><strong>Osnabrug.</strong></span> <span class='ocrx_word' id='word_1_197' title='bbox 1229 4663 1374 4738; x_wconf 92' lang='grc'>273,</span> <span class='ocrx_word' id='word_1_198' title='bbox 1421 4663 1558 4722; x_wconf 87' lang='grc'>274.</span> 
     </span>
    </p>

    <p class='ocr_par' dir='ltr' id='par_1_20' title="bbox 766 4769 1895 4832">
     <span class='ocr_line' id='line_1_39' title="bbox 766 4769 1895 4832; baseline 0.005 -6"><span class='ocrx_word' id='word_1_199' title='bbox 766 4803 840 4816; x_wconf 85' lang='lat'><strong>--</strong></span> <span class='ocrx_word' id='word_1_200' title='bbox 885 4769 1212 4830; x_wconf 82' lang='lat' dir='ltr'><strong>Vamstave</strong></span> <span class='ocrx_word' id='word_1_201' title='bbox 1253 4771 1427 4830; x_wconf 87' lang='lat' dir='ltr'><strong>miles</strong></span> <span class='ocrx_word' id='word_1_202' title='bbox 1467 4771 1674 4832; x_wconf 84' lang='lat' dir='ltr'>Colon.</span> <span class='ocrx_word' id='word_1_203' title='bbox 1723 4774 1895 4832; x_wconf 90' lang='grc'>1847.</span> 
     </span>
    </p>

    <p class='ocr_par' dir='ltr' id='par_1_21' title="bbox 763 4878 2213 5046">
     <span class='ocr_line' id='line_1_40' title="bbox 763 4878 2213 4956; baseline 0.004 -19"><span class='ocrx_word' id='word_1_204' title='bbox 763 4878 1263 4956; x_wconf 79' lang='lat' dir='ltr'><strong>Hildegundis</strong></span> <span class='ocrx_word' id='word_1_205' title='bbox 1325 4898 1482 4939; x_wconf 86' lang='lat' dir='ltr'><strong>uxor</strong></span> <span class='ocrx_word' id='word_1_206' title='bbox 1544 4880 1799 4940; x_wconf 82' lang='lat' dir='ltr'><strong>Gerardi</strong></span> <span class='ocrx_word' id='word_1_207' title='bbox 1859 4882 1932 4941; x_wconf 86' lang='lat' dir='ltr'><strong>de</strong></span> <span class='ocrx_word' id='word_1_208' title='bbox 1987 4881 2213 4943; x_wconf 90' lang='lat' dir='ltr'><strong>Velsen</strong></span> 
     </span>
     <span class='ocr_line' id='line_1_41' title="bbox 846 4988 982 5046; baseline 0.007 -1"><span class='ocrx_word' id='word_1_209' title='bbox 846 4988 982 5046; x_wconf 87' lang='lat'>358.</span> 
     </span>
    </p>

    <p class='ocr_par' dir='ltr' id='par_1_22' title="bbox 762 5094 1973 5174">
     <span class='ocr_line' id='line_1_42' title="bbox 762 5094 1973 5174; baseline 0.005 -22"><span class='ocrx_word' id='word_1_210' title='bbox 762 5094 1105 5155; x_wconf 87' lang='lat' dir='ltr'><strong>Hillinus</strong></span> <span class='ocrx_word' id='word_1_211' title='bbox 1145 5096 1414 5174; x_wconf 78' lang='lat' dir='ltr'>archiep.</span> <span class='ocrx_word' id='word_1_212' title='bbox 1459 5097 1838 5157; x_wconf 81' lang='lat' dir='ltr'><strong>Trevirensis</strong></span> <span class='ocrx_word' id='word_1_213' title='bbox 1879 5101 1973 5158; x_wconf 90' lang='grc'><strong>27.</strong></span> 
     </span>
    </p>

    <p class='ocr_par' dir='ltr' id='par_1_23' title="bbox 772 5203 2218 5391">
     <span class='ocr_line' id='line_1_43' title="bbox 772 5203 2213 5284; baseline 0.005 -23"><span class='ocrx_word' id='word_1_214' title='bbox 772 5236 845 5247; x_wconf 93' lang='grc'>-</span> <span class='ocrx_word' id='word_1_215' title='bbox 912 5203 986 5262; x_wconf 88' lang='lat' dir='ltr'><strong>de</strong></span> <span class='ocrx_word' id='word_1_216' title='bbox 1048 5203 1319 5264; x_wconf 89' lang='lat' dir='ltr'><strong>Jamerlo</strong></span> <span class='ocrx_word' id='word_1_217' title='bbox 1375 5224 1504 5265; x_wconf 82' lang='lat' dir='ltr'><strong>ean.</strong></span> <span class='ocrx_word' id='word_1_218' title='bbox 1561 5206 1956 5284; x_wconf 82' lang='lat' dir='ltr'><strong>Xanetensis,</strong></span> <span class='ocrx_word' id='word_1_219' title='bbox 2018 5208 2213 5269; x_wconf 86' lang='lat' dir='ltr'>benef.</span> 
     </span>
     <span class='ocr_line' id='line_1_44' title="bbox 849 5312 2218 5391; baseline 0.004 -20"><span class='ocrx_word' id='word_1_220' title='bbox 849 5331 887 5371; x_wconf 89' lang='lat' dir='ltr'><strong>a</strong></span> <span class='ocrx_word' id='word_1_221' title='bbox 944 5330 1076 5389; x_wconf 82' lang='lat' dir='ltr'>cap.</span> <span class='ocrx_word' id='word_1_222' title='bbox 1134 5312 1195 5373; x_wconf 79' lang='lat' dir='ltr'>S.</span> <span class='ocrx_word' id='word_1_223' title='bbox 1255 5313 1415 5374; x_wconf 81' lang='lat' dir='ltr'>Salv.</span> <span class='ocrx_word' id='word_1_224' title='bbox 1476 5314 1669 5391; x_wconf 83' lang='lat' dir='ltr'>Traj.,</span> <span class='ocrx_word' id='word_1_225' title='bbox 1723 5322 1921 5377; x_wconf 79' lang='lat' dir='ltr'><strong>rector</strong></span> <span class='ocrx_word' id='word_1_226' title='bbox 1964 5316 2110 5377; x_wconf 81' lang='lat' dir='ltr'>ecel.</span> <span class='ocrx_word' id='word_1_227' title='bbox 2152 5317 2218 5376; x_wconf 91' lang='lat' dir='ltr'><strong>in</strong></span> 
     </span>
    </p>
   </div>
   <div class='ocr_carea' id='block_1_3' title="bbox 780 5507 1272 5517">
    <p class='ocr_par' dir='ltr' id='par_1_24' title="bbox 780 5507 1272 5517">
     <span class='ocr_line' id='line_1_45' title="bbox 780 5507 1272 5517; baseline 0 1167"><span class='ocrx_word' id='word_1_228' title='bbox 780 5507 1272 5517; x_wconf 95' lang='lat' dir='ltr'><strong> </strong></span> 
     </span>
    </p>
   </div>
   <div class='ocr_carea' id='block_1_4' title="bbox 870 5650 1149 5715">
    <p class='ocr_par' dir='ltr' id='par_1_25' title="bbox 870 5650 1149 5715">
     <span class='ocr_line' id='line_1_46' title="bbox 870 5650 1149 5715; baseline 0 -15"><span class='ocrx_word' id='word_1_229' title='bbox 870 5650 926 5715; x_wconf 87' lang='lat'><strong>1)</strong></span> <span class='ocrx_word' id='word_1_230' title='bbox 963 5651 1107 5701; x_wconf 85' lang='lat' dir='ltr'><strong>Idem</strong></span> <span class='ocrx_word' id='word_1_231' title='bbox 1123 5653 1149 5700; x_wconf 74' lang='lat' dir='ltr'><strong>‘l</strong></span> 
     </span>
    </p>
   </div>
   <div class='ocr_carea' id='block_1_5' title="bbox 2390 744 3872 5397">
    <p class='ocr_par' dir='ltr' id='par_1_26' title="bbox 2470 744 3872 933">
     <span class='ocr_line' id='line_1_47' title="bbox 2470 744 3872 827; baseline -0.004 -19"><span class='ocrx_word' id='word_1_232' title='bbox 2470 746 2724 827; x_wconf 82' lang='lat' dir='ltr'>Weesp,</span> <span class='ocrx_word' id='word_1_233' title='bbox 2767 745 2984 807; x_wconf 80' lang='lat' dir='ltr'><strong>deinde</strong></span> <span class='ocrx_word' id='word_1_234' title='bbox 3023 746 3089 805; x_wconf 91' lang='lat' dir='ltr'><strong>in</strong></span> <span class='ocrx_word' id='word_1_235' title='bbox 3129 744 3374 823; x_wconf 75' lang='lat' dir='ltr'><strong>Alphen</strong></span> <span class='ocrx_word' id='word_1_236' title='bbox 3409 744 3616 805; x_wconf 80' lang='lat' dir='ltr'>Gelon.</span> <span class='ocrx_word' id='word_1_237' title='bbox 3649 744 3834 805; x_wconf 86' lang='lat' dir='ltr'>dioee.</span> <span class='ocrx_word' id='word_1_238' title='bbox 3865 797 3872 803; x_wconf 83' lang='lat'>.</span> 
     </span>
     <span class='ocr_line' id='line_1_48' title="bbox 2473 856 2840 933; baseline -0.008 -16"><span class='ocrx_word' id='word_1_239' title='bbox 2473 858 2620 933; x_wconf 89' lang='grc'>769,</span> <span class='ocrx_word' id='word_1_240' title='bbox 2666 856 2840 917; x_wconf 89' lang='grc'>1259.</span> 
     </span>
    </p>

    <p class='ocr_par' dir='ltr' id='par_1_27' title="bbox 2390 940 3663 1042">
     <span class='ocr_line' id='line_1_49' title="bbox 2390 940 3663 1042; baseline -0.002 -16"><span class='ocrx_word' id='word_1_241' title='bbox 2390 967 2726 1027; x_wconf 71' lang='lat' dir='ltr'><strong>nimau·</strong></span> <span class='ocrx_word' id='word_1_242' title='bbox 2770 965 2845 1026; x_wconf 71' lang='grc' dir='ltr'><strong>«ιο</strong></span> <span class='ocrx_word' id='word_1_243' title='bbox 2887 963 3138 1024; x_wconf 76' lang='lat' dir='ltr'><strong>Steland</strong></span> <span class='ocrx_word' id='word_1_244' title='bbox 3177 963 3444 1042; x_wconf 76' lang='lat' dir='ltr'><strong>armiger</strong></span> <span class='ocrx_word' id='word_1_245' title='bbox 3488 940 3663 1023; x_wconf 65' lang='lat'>1223.</span> 
     </span>
    </p>

    <p class='ocr_par' dir='ltr' id='par_1_28' title="bbox 2392 1071 3835 1261">
     <span class='ocr_line' id='line_1_50' title="bbox 2392 1071 3835 1152; baseline -0.002 -17"><span class='ocrx_word' id='word_1_246' title='bbox 2392 1075 2618 1136; x_wconf 87' lang='lat' dir='ltr'><strong>Homo</strong></span> <span class='ocrx_word' id='word_1_247' title='bbox 2678 1075 2754 1135; x_wconf 86' lang='lat' dir='ltr'><strong>de</strong></span> <span class='ocrx_word' id='word_1_248' title='bbox 2809 1074 3095 1134; x_wconf 77' lang='lat' dir='ltr'><strong>Peretulo</strong></span> <span class='ocrx_word' id='word_1_249' title='bbox 3149 1091 3312 1152; x_wconf 86' lang='lat' dir='ltr'>pree.</span> <span class='ocrx_word' id='word_1_250' title='bbox 3367 1073 3433 1132; x_wconf 92' lang='lat' dir='ltr'><strong>in</strong></span> <span class='ocrx_word' id='word_1_251' title='bbox 3489 1071 3661 1132; x_wconf 83' lang='lat' dir='ltr'><strong>euria</strong></span> <span class='ocrx_word' id='word_1_252' title='bbox 3715 1072 3835 1132; x_wconf 83' lang='lat' dir='ltr'>Int.</span> 
     </span>
     <span class='ocr_line' id='line_1_51' title="bbox 2474 1182 3088 1261; baseline -0.002 -18"><span class='ocrx_word' id='word_1_253' title='bbox 2474 1184 2723 1243; x_wconf 92' lang='lat' dir='ltr'>LXXII</span> <span class='ocrx_word' id='word_1_254' title='bbox 2735 1228 2752 1261; x_wconf 90' lang='lat'>,</span> <span class='ocrx_word' id='word_1_255' title='bbox 2792 1182 3088 1244; x_wconf 89' lang='lat' dir='ltr'>LXXVI.</span> 
     </span>
    </p>

    <p class='ocr_par' dir='ltr' id='par_1_29' title="bbox 2393 1291 3839 1679">
     <span class='ocr_line' id='line_1_52' title="bbox 2393 1291 3835 1370; baseline -0.003 -18"><span class='ocrx_word' id='word_1_256' title='bbox 2393 1293 2765 1353; x_wconf 87' lang='lat' dir='ltr'><strong>Honorius</strong></span> <span class='ocrx_word' id='word_1_257' title='bbox 2822 1310 2979 1370; x_wconf 90' lang='lat' dir='ltr'><strong>papa</strong></span> <span class='ocrx_word' id='word_1_258' title='bbox 3034 1292 3138 1351; x_wconf 96' lang='lat' dir='ltr'><strong>III</strong></span> <span class='ocrx_word' id='word_1_259' title='bbox 3181 1292 3486 1367; x_wconf 90' lang='grc'>70-116,</span> <span class='ocrx_word' id='word_1_260' title='bbox 3534 1292 3677 1367; x_wconf 91' lang='grc'>162,</span> <span class='ocrx_word' id='word_1_261' title='bbox 3718 1291 3835 1349; x_wconf 84' lang='lat' dir='ltr'>Int.</span> 
     </span>
     <span class='ocr_line' id='line_1_53' title="bbox 2475 1399 3837 1479; baseline -0.003 -18"><span class='ocrx_word' id='word_1_262' title='bbox 2475 1402 2596 1461; x_wconf 95' lang='lat' dir='ltr'><strong>XV</strong></span> <span class='ocrx_word' id='word_1_263' title='bbox 2660 1420 2813 1479; x_wconf 66' lang='lat' dir='ltr'><strong>seq„</strong></span> <span class='ocrx_word' id='word_1_264' title='bbox 2874 1400 3188 1477; x_wconf 87' lang='lat' dir='ltr'>XXXVI,</span> <span class='ocrx_word' id='word_1_265' title='bbox 3243 1401 3360 1473; x_wconf 87' lang='lat' dir='ltr'>LI,</span> <span class='ocrx_word' id='word_1_266' title='bbox 3413 1399 3625 1459; x_wconf 90' lang='lat' dir='ltr'>LXIV</span> <span class='ocrx_word' id='word_1_267' title='bbox 3683 1417 3837 1477; x_wconf 86' lang='lat' dir='ltr'>seq.;</span> 
     </span>
     <span class='ocr_line' id='line_1_54' title="bbox 2475 1508 3839 1588; baseline -0.002 -18"><span class='ocrx_word' id='word_1_268' title='bbox 2475 1529 2634 1588; x_wconf 84' lang='lat' dir='ltr'><strong>papa</strong></span> <span class='ocrx_word' id='word_1_269' title='bbox 2700 1509 2794 1569; x_wconf 91' lang='lat' dir='ltr'>IV</span> <span class='ocrx_word' id='word_1_270' title='bbox 2863 1510 3213 1586; x_wconf 86' lang='grc'>358-371,</span> <span class='ocrx_word' id='word_1_271' title='bbox 3284 1509 3427 1576; x_wconf 89' lang='grc'>375,</span> <span class='ocrx_word' id='word_1_272' title='bbox 3499 1508 3645 1584; x_wconf 87' lang='grc'>409,</span> <span class='ocrx_word' id='word_1_273' title='bbox 3719 1508 3839 1567; x_wconf 83' lang='lat' dir='ltr'>Int.</span> 
     </span>
     <span class='ocr_line' id='line_1_55' title="bbox 2475 1618 2686 1679; baseline 0.005 -1"><span class='ocrx_word' id='word_1_274' title='bbox 2475 1618 2686 1679; x_wconf 91' lang='lat' dir='ltr'>XVII.</span> 
     </span>
    </p>

    <p class='ocr_par' dir='ltr' id='par_1_30' title="bbox 2395 1726 3839 1913">
     <span class='ocr_line' id='line_1_56' title="bbox 2395 1726 3839 1804; baseline -0.001 -17"><span class='ocrx_word' id='word_1_275' title='bbox 2395 1727 2773 1788; x_wconf 83' lang='lat' dir='ltr'><strong>Hubertus</strong></span> <span class='ocrx_word' id='word_1_276' title='bbox 2828 1727 2903 1787; x_wconf 87' lang='lat' dir='ltr'><strong>de</strong></span> <span class='ocrx_word' id='word_1_277' title='bbox 2952 1726 3270 1788; x_wconf 86' lang='lat' dir='ltr'><strong>Beusieom</strong></span> <span class='ocrx_word' id='word_1_278' title='bbox 3312 1745 3441 1787; x_wconf 82' lang='lat' dir='ltr'><strong>ean.</strong></span> <span class='ocrx_word' id='word_1_279' title='bbox 3488 1726 3652 1803; x_wconf 84' lang='lat' dir='ltr'>Traj.</span> <span class='ocrx_word' id='word_1_280' title='bbox 3696 1727 3839 1804; x_wconf 89' lang='grc'>660,</span> 
     </span>
     <span class='ocr_line' id='line_1_57' title="bbox 2480 1836 3187 1913; baseline -0.001 -17"><span class='ocrx_word' id='word_1_281' title='bbox 2480 1836 2625 1913; x_wconf 95' lang='grc'>769,</span> <span class='ocrx_word' id='word_1_282' title='bbox 2670 1837 2816 1912; x_wconf 91' lang='grc'>777,</span> <span class='ocrx_word' id='word_1_283' title='bbox 2862 1837 3006 1912; x_wconf 93' lang='grc'>780,</span> <span class='ocrx_word' id='word_1_284' title='bbox 3050 1837 3187 1895; x_wconf 91' lang='grc'>822.</span> 
     </span>
    </p>

    <p class='ocr_par' dir='ltr' id='par_1_31' title="bbox 2398 1944 3504 2021">
     <span class='ocr_line' id='line_1_58' title="bbox 2398 1944 3504 2021; baseline -0.001 -17"><span class='ocrx_word' id='word_1_285' title='bbox 2398 1979 2471 1990; x_wconf 94' lang='grc'>-</span> <span class='ocrx_word' id='word_1_286' title='bbox 2516 1945 2591 2004; x_wconf 87' lang='lat' dir='ltr'><strong>de</strong></span> <span class='ocrx_word' id='word_1_287' title='bbox 2631 1945 2938 2005; x_wconf 81' lang='lat' dir='ltr'><strong>Dordraeo</strong></span> <span class='ocrx_word' id='word_1_288' title='bbox 2980 1962 3112 2004; x_wconf 84' lang='lat' dir='ltr'><strong>ean.</strong></span> <span class='ocrx_word' id='word_1_289' title='bbox 3157 1944 3322 2021; x_wconf 82' lang='lat' dir='ltr'>Traj.</span> <span class='ocrx_word' id='word_1_290' title='bbox 3369 1945 3504 2003; x_wconf 87' lang='grc'>749.</span> 
     </span>
    </p>

    <p class='ocr_par' dir='ltr' id='par_1_32' title="bbox 2397 2053 3335 2113">
     <span class='ocr_line' id='line_1_59' title="bbox 2397 2053 3335 2113; baseline -0.001 0"><span class='ocrx_word' id='word_1_291' title='bbox 2397 2087 2472 2099; x_wconf 94' lang='grc'><strong>-</strong></span> <span class='ocrx_word' id='word_1_292' title='bbox 2516 2053 2591 2113; x_wconf 85' lang='lat' dir='ltr'><strong>de</strong></span> <span class='ocrx_word' id='word_1_293' title='bbox 2633 2053 2789 2112; x_wconf 90' lang='lat' dir='ltr'><strong>Lare</strong></span> <span class='ocrx_word' id='word_1_294' title='bbox 2827 2070 2958 2113; x_wconf 84' lang='lat' dir='ltr'><strong>ean.</strong></span> <span class='ocrx_word' id='word_1_295' title='bbox 3000 2053 3154 2113; x_wconf 82' lang='lat' dir='ltr'>Dav.</span> <span class='ocrx_word' id='word_1_296' title='bbox 3198 2053 3335 2112; x_wconf 91' lang='grc'>854.</span> 
     </span>
    </p>

    <p class='ocr_par' dir='ltr' id='par_1_33' title="bbox 2399 2161 3842 2331">
     <span class='ocr_line' id='line_1_60' title="bbox 2399 2161 3842 2239; baseline -0.001 -18"><span class='ocrx_word' id='word_1_297' title='bbox 2399 2195 2474 2208; x_wconf 95' lang='grc'>-</span> <span class='ocrx_word' id='word_1_298' title='bbox 2518 2163 2593 2221; x_wconf 87' lang='lat' dir='ltr'><strong>de</strong></span> <span class='ocrx_word' id='word_1_299' title='bbox 2630 2161 2957 2222; x_wconf 77' lang='lat' dir='ltr'><strong>Herwinen</strong></span> <span class='ocrx_word' id='word_1_300' title='bbox 2997 2167 3113 2221; x_wconf 77' lang='lat' dir='ltr'>art.</span> <span class='ocrx_word' id='word_1_301' title='bbox 3157 2180 3316 2239; x_wconf 79' lang='lat' dir='ltr'><strong>mag.</strong></span> <span class='ocrx_word' id='word_1_302' title='bbox 3360 2166 3423 2221; x_wconf 78' lang='lat' dir='ltr'><strong>et</strong></span> <span class='ocrx_word' id='word_1_303' title='bbox 3462 2162 3615 2221; x_wconf 79' lang='lat' dir='ltr'>med.</span> <span class='ocrx_word' id='word_1_304' title='bbox 3645 2163 3842 2235; x_wconf 60' lang='lat' dir='ltr'>baec„</span> 
     </span>
     <span class='ocr_line' id='line_1_61' title="bbox 2477 2270 3632 2331; baseline 0 -1"><span class='ocrx_word' id='word_1_305' title='bbox 2477 2276 2676 2331; x_wconf 75' lang='lat' dir='ltr'><strong>rector</strong></span> <span class='ocrx_word' id='word_1_306' title='bbox 2718 2270 2865 2331; x_wconf 74' lang='lat' dir='ltr'>ecel.</span> <span class='ocrx_word' id='word_1_307' title='bbox 2907 2271 2973 2330; x_wconf 90' lang='lat' dir='ltr'><strong>in</strong></span> <span class='ocrx_word' id='word_1_308' title='bbox 3013 2271 3415 2331; x_wconf 79' lang='lat' dir='ltr'><strong>Heemsteden</strong></span> <span class='ocrx_word' id='word_1_309' title='bbox 3460 2272 3632 2330; x_wconf 89' lang='grc'>1768.</span> 
     </span>
    </p>

    <p class='ocr_par' dir='ltr' id='par_1_34' title="bbox 2400 2379 3847 2676">
     <span class='ocr_line' id='line_1_62' title="bbox 2400 2379 3840 2459; baseline -0.003 -17"><span class='ocrx_word' id='word_1_310' title='bbox 2400 2414 2475 2427; x_wconf 95' lang='grc'>-</span> <span class='ocrx_word' id='word_1_311' title='bbox 2516 2381 2828 2442; x_wconf 79' lang='lat' dir='ltr'><strong>Lamberti</strong></span> <span class='ocrx_word' id='word_1_312' title='bbox 2858 2381 2932 2441; x_wconf 80' lang='lat' dir='ltr'><strong>de</strong></span> <span class='ocrx_word' id='word_1_313' title='bbox 2958 2380 3253 2459; x_wconf 78' lang='lat' dir='ltr'><strong>Eynspist</strong></span> <span class='ocrx_word' id='word_1_314' title='bbox 3282 2380 3562 2455; x_wconf 72' lang='lat' dir='ltr'><strong>(reetinsx</strong></span> <span class='ocrx_word' id='word_1_315' title='bbox 3591 2379 3840 2457; x_wconf 82' lang='lat' dir='ltr'><strong>Enspie)</strong></span> 
     </span>
     <span class='ocr_line' id='line_1_63' title="bbox 2480 2487 3800 2567; baseline -0.002 -18"><span class='ocrx_word' id='word_1_316' title='bbox 2480 2490 2662 2567; x_wconf 61' lang='lat' dir='ltr'><strong>diae„</strong></span> <span class='ocrx_word' id='word_1_317' title='bbox 2705 2508 2835 2551; x_wconf 83' lang='lat' dir='ltr'><strong>ean.</strong></span> <span class='ocrx_word' id='word_1_318' title='bbox 2881 2489 2942 2550; x_wconf 80' lang='lat' dir='ltr'>S.</span> <span class='ocrx_word' id='word_1_319' title='bbox 2984 2487 3153 2549; x_wconf 77' lang='lat' dir='ltr'><strong>Petri</strong></span> <span class='ocrx_word' id='word_1_320' title='bbox 3194 2488 3359 2565; x_wconf 80' lang='lat' dir='ltr'>Traj.</span> <span class='ocrx_word' id='word_1_321' title='bbox 3401 2490 3582 2565; x_wconf 89' lang='grc'>1908,</span> <span class='ocrx_word' id='word_1_322' title='bbox 3626 2489 3800 2547; x_wconf 90' lang='grc'>2126.</span> 
     </span>
     <span class='ocr_line' id='line_1_64' title="bbox 2401 2596 3847 2676; baseline -0.001 -19"><span class='ocrx_word' id='word_1_323' title='bbox 2401 2632 2475 2643; x_wconf 90' lang='grc'>-</span> <span class='ocrx_word' id='word_1_324' title='bbox 2532 2599 2808 2676; x_wconf 77' lang='lat' dir='ltr'><strong>Molghin</strong></span> <span class='ocrx_word' id='word_1_325' title='bbox 2863 2598 2938 2657; x_wconf 87' lang='lat' dir='ltr'><strong>de</strong></span> <span class='ocrx_word' id='word_1_326' title='bbox 2989 2597 3211 2658; x_wconf 84' lang='lat' dir='ltr'><strong>Broieh</strong></span> <span class='ocrx_word' id='word_1_327' title='bbox 3254 2598 3354 2657; x_wconf 88' lang='lat' dir='ltr'>lie.</span> <span class='ocrx_word' id='word_1_328' title='bbox 3401 2598 3464 2655; x_wconf 91' lang='lat' dir='ltr'><strong>in</strong></span> <span class='ocrx_word' id='word_1_329' title='bbox 3507 2596 3744 2675; x_wconf 79' lang='lat' dir='ltr'><strong>legibus</strong></span> <span class='ocrx_word' id='word_1_330' title='bbox 3784 2603 3847 2655; x_wconf 82' lang='lat' dir='ltr'><strong>et</strong></span> 
     </span>
    </p>

    <p class='ocr_par' dir='ltr' id='par_1_35' title="bbox 2479 2705 3485 2783">
     <span class='ocr_line' id='line_1_65' title="bbox 2479 2705 3485 2783; baseline -0.001 -17"><span class='ocrx_word' id='word_1_331' title='bbox 2479 2709 2646 2767; x_wconf 83' lang='lat' dir='ltr'>baee.</span> <span class='ocrx_word' id='word_1_332' title='bbox 2688 2707 2877 2783; x_wconf 63' lang='lat' dir='ltr'><strong>deor„</strong></span> <span class='ocrx_word' id='word_1_333' title='bbox 2919 2724 3048 2767; x_wconf 86' lang='lat' dir='ltr'><strong>ean.</strong></span> <span class='ocrx_word' id='word_1_334' title='bbox 3096 2706 3265 2782; x_wconf 85' lang='lat' dir='ltr'>Traj.</span> <span class='ocrx_word' id='word_1_335' title='bbox 3312 2705 3485 2765; x_wconf 89' lang='grc'>1948.</span> 
     </span>
    </p>

    <p class='ocr_par' dir='ltr' id='par_1_36' title="bbox 2399 2815 3298 2894">
     <span class='ocr_line' id='line_1_66' title="bbox 2399 2815 3298 2894; baseline 0 -19"><span class='ocrx_word' id='word_1_336' title='bbox 2399 2850 2473 2860; x_wconf 93' lang='grc'>-</span> <span class='ocrx_word' id='word_1_337' title='bbox 2519 2817 2593 2875; x_wconf 87' lang='lat' dir='ltr'><strong>de</strong></span> <span class='ocrx_word' id='word_1_338' title='bbox 2634 2816 2873 2876; x_wconf 89' lang='lat' dir='ltr'><strong>Vianen</strong></span> <span class='ocrx_word' id='word_1_339' title='bbox 2913 2817 3071 2894; x_wconf 84' lang='lat' dir='ltr'>App.</span> <span class='ocrx_word' id='word_1_340' title='bbox 3114 2815 3298 2875; x_wconf 90' lang='lat' dir='ltr'>VIII.</span> 
     </span>
    </p>

    <p class='ocr_par' dir='ltr' id='par_1_37' title="bbox 2399 2923 3847 3093">
     <span class='ocr_line' id='line_1_67' title="bbox 2399 2923 3847 3002; baseline -0.002 -18"><span class='ocrx_word' id='word_1_341' title='bbox 2399 2925 2973 3002; x_wconf 79' lang='lat' dir='ltr'><strong>Hughemannus</strong></span> <span class='ocrx_word' id='word_1_342' title='bbox 3027 2924 3513 3002; x_wconf 80' lang='lat' dir='ltr'><strong>(Hugemannus)</strong></span> <span class='ocrx_word' id='word_1_343' title='bbox 3556 2923 3630 2984; x_wconf 80' lang='lat' dir='ltr'><strong>de</strong></span> <span class='ocrx_word' id='word_1_344' title='bbox 3669 2923 3847 2984; x_wconf 88' lang='lat' dir='ltr'>Polre</span> 
     </span>
     <span class='ocr_line' id='line_1_68' title="bbox 2480 3035 2616 3093; baseline 0 0"><span class='ocrx_word' id='word_1_345' title='bbox 2480 3035 2616 3093; x_wconf 88' lang='grc'>515.</span> 
     </span>
    </p>

    <p class='ocr_par' dir='ltr' id='par_1_38' title="bbox 2401 3144 3528 3221">
     <span class='ocr_line' id='line_1_69' title="bbox 2401 3144 3528 3221; baseline -0.001 -18"><span class='ocrx_word' id='word_1_346' title='bbox 2401 3176 2474 3188; x_wconf 90' lang='lat'>-</span> <span class='ocrx_word' id='word_1_347' title='bbox 2520 3144 2674 3203; x_wconf 87' lang='lat' dir='ltr'>dom.</span> <span class='ocrx_word' id='word_1_348' title='bbox 2718 3144 2793 3203; x_wconf 85' lang='lat' dir='ltr'><strong>de</strong></span> <span class='ocrx_word' id='word_1_349' title='bbox 2834 3144 3311 3221; x_wconf 80' lang='lat' dir='ltr'><strong>Zevenberghen</strong></span> <span class='ocrx_word' id='word_1_350' title='bbox 3357 3145 3528 3203; x_wconf 93' lang='grc'>1270.</span> 
     </span>
    </p>

    <p class='ocr_par' dir='ltr' id='par_1_39' title="bbox 2397 3253 3659 3332">
     <span class='ocr_line' id='line_1_70' title="bbox 2397 3253 3659 3332; baseline -0.002 -18"><span class='ocrx_word' id='word_1_351' title='bbox 2397 3253 2608 3332; x_wconf 80' lang='lat' dir='ltr'><strong>Hugo</strong></span> <span class='ocrx_word' id='word_1_352' title='bbox 2649 3254 3008 3331; x_wconf 81' lang='lat' dir='ltr'><strong>Pierrepont</strong></span> <span class='ocrx_word' id='word_1_353' title='bbox 3049 3273 3144 3331; x_wconf 88' lang='lat' dir='ltr'>ep.</span> <span class='ocrx_word' id='word_1_354' title='bbox 3184 3254 3367 3314; x_wconf 87' lang='lat' dir='ltr'>Leod.</span> <span class='ocrx_word' id='word_1_355' title='bbox 3412 3255 3517 3332; x_wconf 85' lang='lat'><strong>45,</strong></span> <span class='ocrx_word' id='word_1_356' title='bbox 3560 3255 3659 3312; x_wconf 89' lang='grc'><strong>69.</strong></span> 
     </span>
    </p>

    <p class='ocr_par' dir='ltr' id='par_1_40' title="bbox 2399 3361 3481 3440">
     <span class='ocr_line' id='line_1_71' title="bbox 2399 3361 3481 3440; baseline 0 -19"><span class='ocrx_word' id='word_1_357' title='bbox 2399 3396 2473 3407; x_wconf 90' lang='grc'>-</span> <span class='ocrx_word' id='word_1_358' title='bbox 2517 3381 2609 3440; x_wconf 94' lang='lat' dir='ltr'>ep.</span> <span class='ocrx_word' id='word_1_359' title='bbox 2655 3361 2955 3422; x_wconf 76' lang='lat' dir='ltr'><strong>Ostiensis</strong></span> <span class='ocrx_word' id='word_1_360' title='bbox 2997 3363 3106 3439; x_wconf 90' lang='lat'><strong>48,</strong></span> <span class='ocrx_word' id='word_1_361' title='bbox 3147 3363 3269 3421; x_wconf 79' lang='lat' dir='ltr'>Int.</span> <span class='ocrx_word' id='word_1_362' title='bbox 3312 3363 3481 3422; x_wconf 90' lang='lat' dir='ltr'>LXI.</span> 
     </span>
    </p>

    <p class='ocr_par' dir='ltr' id='par_1_41' title="bbox 2399 3471 3844 3657">
     <span class='ocr_line' id='line_1_72' title="bbox 2399 3471 3844 3549; baseline -0.001 -19"><span class='ocrx_word' id='word_1_363' title='bbox 2399 3505 2473 3516; x_wconf 94' lang='lat'><strong>—-</strong></span> <span class='ocrx_word' id='word_1_364' title='bbox 2534 3471 2592 3530; x_wconf 88' lang='lat' dir='ltr'>S.</span> <span class='ocrx_word' id='word_1_365' title='bbox 2652 3471 2910 3531; x_wconf 83' lang='lat' dir='ltr'><strong>Sabinae</strong></span> <span class='ocrx_word' id='word_1_366' title='bbox 2966 3472 3164 3549; x_wconf 89' lang='lat' dir='ltr'><strong>presb.</strong></span> <span class='ocrx_word' id='word_1_367' title='bbox 3221 3471 3429 3548; x_wconf 63' lang='lat' dir='ltr'><strong>card„</strong></span> <span class='ocrx_word' id='word_1_368' title='bbox 3471 3472 3711 3549; x_wconf 83' lang='lat' dir='ltr'><strong>legatus</strong></span> <span class='ocrx_word' id='word_1_369' title='bbox 3750 3489 3844 3548; x_wconf 89' lang='lat' dir='ltr'><strong>ap.</strong></span> 
     </span>
     <span class='ocr_line' id='line_1_73' title="bbox 2475 3579 3460 3657; baseline 0.001 -19"><span class='ocrx_word' id='word_1_370' title='bbox 2475 3582 2623 3656; x_wconf 92' lang='grc'>241,</span> <span class='ocrx_word' id='word_1_371' title='bbox 2667 3582 2813 3656; x_wconf 92' lang='grc'>277,</span> <span class='ocrx_word' id='word_1_372' title='bbox 2858 3580 2978 3640; x_wconf 84' lang='lat' dir='ltr'>Int.</span> <span class='ocrx_word' id='word_1_373' title='bbox 3025 3580 3213 3657; x_wconf 92' lang='lat' dir='ltr'>XIX,</span> <span class='ocrx_word' id='word_1_374' title='bbox 3255 3579 3460 3639; x_wconf 94' lang='lat' dir='ltr'>LXII.</span> 
     </span>
    </p>

    <p class='ocr_par' dir='ltr' id='par_1_42' title="bbox 2397 3688 3842 3857">
     <span class='ocr_line' id='line_1_74' title="bbox 2397 3688 3842 3766; baseline -0.001 -18"><span class='ocrx_word' id='word_1_375' title='bbox 2397 3722 2472 3734; x_wconf 97' lang='lat'>—</span> <span class='ocrx_word' id='word_1_376' title='bbox 2529 3689 2603 3748; x_wconf 87' lang='lat' dir='ltr'><strong>de</strong></span> <span class='ocrx_word' id='word_1_377' title='bbox 2667 3688 2907 3748; x_wconf 74' lang='lat' dir='ltr'><strong>Scaldis</strong></span> <span class='ocrx_word' id='word_1_378' title='bbox 2971 3690 3169 3766; x_wconf 85' lang='lat' dir='ltr'>presb.</span> <span class='ocrx_word' id='word_1_379' title='bbox 3234 3695 3484 3748; x_wconf 78' lang='lat' dir='ltr'><strong>curatus</strong></span> <span class='ocrx_word' id='word_1_380' title='bbox 3545 3688 3608 3746; x_wconf 92' lang='lat' dir='ltr'><strong>in</strong></span> <span class='ocrx_word' id='word_1_381' title='bbox 3668 3688 3842 3765; x_wconf 83' lang='lat' dir='ltr'><strong>Haga</strong></span> 
     </span>
     <span class='ocr_line' id='line_1_75' title="bbox 2477 3800 2614 3857; baseline 0.007 -2"><span class='ocrx_word' id='word_1_382' title='bbox 2477 3800 2614 3857; x_wconf 92' lang='grc'>267.</span> 
     </span>
    </p>

    <p class='ocr_par' dir='ltr' id='par_1_43' title="bbox 2397 3905 3841 4075">
     <span class='ocr_line' id='line_1_76' title="bbox 2397 3905 3841 3984; baseline -0.001 -19"><span class='ocrx_word' id='word_1_383' title='bbox 2397 3941 2468 3951; x_wconf 94' lang='grc'><strong>-</strong></span> <span class='ocrx_word' id='word_1_384' title='bbox 2528 3906 2603 3965; x_wconf 87' lang='lat' dir='ltr'><strong>de</strong></span> <span class='ocrx_word' id='word_1_385' title='bbox 2668 3905 2869 3966; x_wconf 83' lang='lat' dir='ltr'><strong>Sireze</strong></span> <span class='ocrx_word' id='word_1_386' title='bbox 2932 3925 3094 3984; x_wconf 85' lang='lat' dir='ltr'>pree.</span> <span class='ocrx_word' id='word_1_387' title='bbox 3158 3906 3222 3964; x_wconf 92' lang='lat' dir='ltr'><strong>in</strong></span> <span class='ocrx_word' id='word_1_388' title='bbox 3287 3907 3458 3966; x_wconf 83' lang='lat' dir='ltr'><strong>ouria</strong></span> <span class='ocrx_word' id='word_1_389' title='bbox 3515 3908 3662 3982; x_wconf 91' lang='grc'>373,</span> <span class='ocrx_word' id='word_1_390' title='bbox 3726 3905 3841 3964; x_wconf 88' lang='lat' dir='ltr'>Int.</span> 
     </span>
     <span class='ocr_line' id='line_1_77' title="bbox 2473 4015 2732 4075; baseline -0.008 0"><span class='ocrx_word' id='word_1_391' title='bbox 2473 4015 2732 4075; x_wconf 91' lang='lat' dir='ltr'>LXXV.</span> 
     </span>
    </p>

    <p class='ocr_par' dir='ltr' id='par_1_44' title="bbox 2395 4123 3838 4290">
     <span class='ocr_line' id='line_1_78' title="bbox 2395 4123 3838 4201; baseline -0.002 -18"><span class='ocrx_word' id='word_1_392' title='bbox 2395 4158 2466 4167; x_wconf 95' lang='lat'>—</span> <span class='ocrx_word' id='word_1_393' title='bbox 2513 4143 2606 4201; x_wconf 93' lang='lat' dir='ltr'>ep.</span> <span class='ocrx_word' id='word_1_394' title='bbox 2651 4123 2951 4183; x_wconf 84' lang='lat' dir='ltr'><strong>Ostiensis</strong></span> <span class='ocrx_word' id='word_1_395' title='bbox 2993 4128 3056 4183; x_wconf 85' lang='lat' dir='ltr'><strong>et</strong></span> <span class='ocrx_word' id='word_1_396' title='bbox 3085 4123 3492 4183; x_wconf 78' lang='lat' dir='ltr'><strong>Velletrensis</strong></span> <span class='ocrx_word' id='word_1_397' title='bbox 3522 4124 3667 4199; x_wconf 88' lang='lat'>416,</span> <span class='ocrx_word' id='word_1_398' title='bbox 3697 4123 3838 4196; x_wconf 90' lang='grc'>420,</span> 
     </span>
     <span class='ocr_line' id='line_1_79' title="bbox 2472 4232 2607 4290; baseline 0.007 -1"><span class='ocrx_word' id='word_1_399' title='bbox 2472 4232 2607 4290; x_wconf 88' lang='grc'>440.</span> 
     </span>
    </p>

    <p class='ocr_par' dir='ltr' id='par_1_45' title="bbox 2393 4342 2889 4419">
     <span class='ocr_line' id='line_1_80' title="bbox 2393 4342 2889 4419; baseline 0 -20"><span class='ocrx_word' id='word_1_400' title='bbox 2393 4373 2468 4385; x_wconf 94' lang='grc'>-</span> <span class='ocrx_word' id='word_1_401' title='bbox 2512 4342 2708 4419; x_wconf 84' lang='lat' dir='ltr'>presb.</span> <span class='ocrx_word' id='word_1_402' title='bbox 2752 4342 2889 4400; x_wconf 88' lang='grc'>526.</span> 
     </span>
    </p>

    <p class='ocr_par' dir='ltr' id='par_1_46' title="bbox 2395 4448 3834 4527">
     <span class='ocr_line' id='line_1_81' title="bbox 2395 4448 3834 4527; baseline -0.002 -18"><span class='ocrx_word' id='word_1_403' title='bbox 2395 4484 2469 4494; x_wconf 93' lang='grc'>-</span> <span class='ocrx_word' id='word_1_404' title='bbox 2525 4451 2599 4509; x_wconf 88' lang='lat' dir='ltr'><strong>de</strong></span> <span class='ocrx_word' id='word_1_405' title='bbox 2641 4449 2981 4527; x_wconf 62' lang='lat' dir='ltr'><strong>Leydenff)</strong></span> <span class='ocrx_word' id='word_1_406' title='bbox 3022 4467 3152 4509; x_wconf 84' lang='lat' dir='ltr'><strong>ean.</strong></span> <span class='ocrx_word' id='word_1_407' title='bbox 3197 4448 3256 4509; x_wconf 77' lang='lat' dir='ltr'>S.</span> <span class='ocrx_word' id='word_1_408' title='bbox 3308 4449 3450 4509; x_wconf 83' lang='lat' dir='ltr'>Joh.</span> <span class='ocrx_word' id='word_1_409' title='bbox 3495 4449 3659 4526; x_wconf 86' lang='lat' dir='ltr'>Traj.</span> <span class='ocrx_word' id='word_1_410' title='bbox 3703 4450 3834 4508; x_wconf 89' lang='grc'>532.</span> 
     </span>
    </p>

    <p class='ocr_par' dir='ltr' id='par_1_47' title="bbox 2394 4558 3835 4728">
     <span class='ocr_line' id='line_1_82' title="bbox 2394 4558 3835 4634; baseline -0.001 -17"><span class='ocrx_word' id='word_1_411' title='bbox 2394 4593 2468 4603; x_wconf 93' lang='grc'>-</span> <span class='ocrx_word' id='word_1_412' title='bbox 2526 4564 2706 4619; x_wconf 85' lang='lat' dir='ltr'><strong>natus</strong></span> <span class='ocrx_word' id='word_1_413' title='bbox 2762 4558 3022 4619; x_wconf 84' lang='lat' dir='ltr'><strong>Rolandi</strong></span> <span class='ocrx_word' id='word_1_414' title='bbox 3077 4559 3151 4617; x_wconf 86' lang='lat' dir='ltr'><strong>de</strong></span> <span class='ocrx_word' id='word_1_415' title='bbox 3209 4558 3460 4618; x_wconf 82' lang='lat' dir='ltr'><strong>Bastida</strong></span> <span class='ocrx_word' id='word_1_416' title='bbox 3499 4577 3629 4619; x_wconf 85' lang='lat' dir='ltr'><strong>ean.</strong></span> <span class='ocrx_word' id='word_1_417' title='bbox 3675 4558 3835 4634; x_wconf 85' lang='lat' dir='ltr'>Traj.</span> 
     </span>
     <span class='ocr_line' id='line_1_83' title="bbox 2475 4668 2611 4728; baseline -0.007 0"><span class='ocrx_word' id='word_1_418' title='bbox 2475 4668 2611 4728; x_wconf 89' lang='grc'>580.</span> 
     </span>
    </p>

    <p class='ocr_par' dir='ltr' id='par_1_48' title="bbox 2398 4775 3838 4962">
     <span class='ocr_line' id='line_1_84' title="bbox 2398 4775 3838 4854; baseline 0 -20"><span class='ocrx_word' id='word_1_419' title='bbox 2398 4810 2470 4820; x_wconf 87' lang='grc'>-</span> <span class='ocrx_word' id='word_1_420' title='bbox 2536 4776 2946 4836; x_wconf 79' lang='lat' dir='ltr'><strong>Tricastrinus</strong></span> <span class='ocrx_word' id='word_1_421' title='bbox 3013 4794 3136 4853; x_wconf 92' lang='lat' dir='ltr'>ep.,</span> <span class='ocrx_word' id='word_1_422' title='bbox 3206 4775 3467 4835; x_wconf 77' lang='lat' dir='ltr'><strong>nuncius</strong></span> <span class='ocrx_word' id='word_1_423' title='bbox 3534 4794 3634 4854; x_wconf 89' lang='lat' dir='ltr'><strong>ap.</strong></span> <span class='ocrx_word' id='word_1_424' title='bbox 3695 4777 3838 4850; x_wconf 87' lang='lat'>899,</span> 
     </span>
     <span class='ocr_line' id='line_1_85' title="bbox 2475 4884 3118 4962; baseline 0 -19"><span class='ocrx_word' id='word_1_425' title='bbox 2475 4885 2672 4962; x_wconf 89' lang='grc'>(899),</span> <span class='ocrx_word' id='word_1_426' title='bbox 2715 4886 2836 4944; x_wconf 82' lang='lat' dir='ltr'>Int.</span> <span class='ocrx_word' id='word_1_427' title='bbox 2878 4884 3118 4944; x_wconf 86' lang='lat' dir='ltr'>LXIII.</span> 
     </span>
    </p>

    <p class='ocr_par' dir='ltr' id='par_1_49' title="bbox 2399 4991 3843 5286">
     <span class='ocr_line' id='line_1_86' title="bbox 2399 4991 3843 5053; baseline -0.001 -1"><span class='ocrx_word' id='word_1_428' title='bbox 2399 5028 2470 5038; x_wconf 92' lang='grc'>-</span> <span class='ocrx_word' id='word_1_429' title='bbox 2529 4994 2748 5053; x_wconf 91' lang='lat' dir='ltr'><strong>Braem</strong></span> <span class='ocrx_word' id='word_1_430' title='bbox 2803 5011 2931 5053; x_wconf 89' lang='lat' dir='ltr'><strong>ean.</strong></span> <span class='ocrx_word' id='word_1_431' title='bbox 2982 4999 3044 5053; x_wconf 85' lang='lat' dir='ltr'><strong>et</strong></span> <span class='ocrx_word' id='word_1_432' title='bbox 3086 4993 3302 5052; x_wconf 87' lang='lat' dir='ltr'><strong>deinde</strong></span> <span class='ocrx_word' id='word_1_433' title='bbox 3349 4993 3477 5052; x_wconf 84' lang='lat' dir='ltr'>dee.</span> <span class='ocrx_word' id='word_1_434' title='bbox 3519 4994 3576 5052; x_wconf 92' lang='lat' dir='ltr'>b.</span> <span class='ocrx_word' id='word_1_435' title='bbox 3619 4991 3843 5052; x_wconf 82' lang='lat' dir='ltr'><strong>Mariae</strong></span> 
     </span>
     <span class='ocr_line' id='line_1_87' title="bbox 2480 5101 3838 5180; baseline -0.002 -19"><span class='ocrx_word' id='word_1_436' title='bbox 2480 5103 2675 5179; x_wconf 88' lang='lat' dir='ltr'>Traj.,</span> <span class='ocrx_word' id='word_1_437' title='bbox 2711 5101 2846 5162; x_wconf 82' lang='lat' dir='ltr'>coll.</span> <span class='ocrx_word' id='word_1_438' title='bbox 2878 5106 2940 5162; x_wconf 74' lang='lat' dir='ltr'><strong>et</strong></span> <span class='ocrx_word' id='word_1_439' title='bbox 2967 5102 3181 5180; x_wconf 83' lang='lat' dir='ltr'>eapell.</span> <span class='ocrx_word' id='word_1_440' title='bbox 3212 5102 3451 5180; x_wconf 89' lang='lat' dir='ltr'><strong>papalis</strong></span> <span class='ocrx_word' id='word_1_441' title='bbox 3480 5102 3624 5177; x_wconf 89' lang='grc'>905,</span> <span class='ocrx_word' id='word_1_442' title='bbox 3659 5101 3838 5175; x_wconf 86' lang='grc'>1512,</span> 
     </span>
     <span class='ocr_line' id='line_1_88' title="bbox 2483 5208 3749 5286; baseline 0.001 -18"><span class='ocrx_word' id='word_1_443' title='bbox 2483 5212 2664 5286; x_wconf 93' lang='grc'>1802,</span> <span class='ocrx_word' id='word_1_444' title='bbox 2710 5211 2893 5286; x_wconf 90' lang='grc'>1824,</span> <span class='ocrx_word' id='word_1_445' title='bbox 2938 5211 3058 5269; x_wconf 83' lang='lat' dir='ltr'>Int.</span> <span class='ocrx_word' id='word_1_446' title='bbox 3096 5209 3341 5286; x_wconf 90' lang='lat' dir='ltr'>LXIX,</span> <span class='ocrx_word' id='word_1_447' title='bbox 3385 5208 3749 5269; x_wconf 90' lang='lat' dir='ltr'>LXXVIII.</span> 
     </span>
    </p>

    <p class='ocr_par' dir='ltr' id='par_1_50' title="bbox 2402 5318 3842 5397">
     <span class='ocr_line' id='line_1_89' title="bbox 2402 5318 3842 5397; baseline -0.002 -19"><span class='ocrx_word' id='word_1_448' title='bbox 2402 5350 2476 5361; x_wconf 92' lang='lat'>—</span> <span class='ocrx_word' id='word_1_449' title='bbox 2533 5318 2790 5378; x_wconf 81' lang='lat' dir='ltr'><strong>Uustine</strong></span> <span class='ocrx_word' id='word_1_450' title='bbox 2844 5318 3161 5397; x_wconf 72' lang='lat' dir='ltr'><strong>sUusting)</strong></span> <span class='ocrx_word' id='word_1_451' title='bbox 3219 5336 3408 5397; x_wconf 62' lang='lat' dir='ltr'><strong>mag„</strong></span> <span class='ocrx_word' id='word_1_452' title='bbox 3462 5323 3662 5379; x_wconf 79' lang='lat' dir='ltr'>rector</span> <span class='ocrx_word' id='word_1_453' title='bbox 3714 5336 3842 5395; x_wconf 88' lang='lat' dir='ltr'>par.</span> 
     </span>
    </p>
   </div>
   <div class='ocr_carea' id='block_1_6' title="bbox 4349 0 4358 6000">
    <p class='ocr_par' dir='ltr' id='par_1_51' title="bbox 4349 0 4358 6000">
     <span class='ocr_line' id='line_1_90' title="bbox 4349 0 4358 6000; baseline 0 0"><span class='ocrx_word' id='word_1_454' title='bbox 4349 0 4358 6000; x_wconf 95' lang='lat' dir='ltr'><strong> </strong></span> 
     </span>
    </p>
   </div>
  </div>
 </body>
</html>
