4450 6684
788 521 873 585 68
2010 516 2469 581 Innoommus
2515 514 2635 580 VI.

1004 737 1515 805 Venerabilibus
1576 737 1891 803 fratribus
1940 784 1958 802 .
1985 782 2002 799 .
2063 736 2552 823 archiepiscopo
2602 734 2979 800 Coloniensi
3030 740 3100 800 et
3148 781 3164 797 .
3197 781 3213 798 .
3262 732 3617 800 Leodiensi
3666 754 3742 799 ac
3792 781 3807 798 .
3837 782 3852 798 .

782 845 1241 912 cameracensi
1287 846 1612 933 episcopis
1659 846 1939 910 salutem
1984 852 2093 909 etc.

1005 950 1114 1018 Ad
1162 952 1286 1017 hoo
1331 972 1452 1017 nos
1498 952 1700 1017 Deus.
1730 999 1746 1016 .
1777 1000 1793 1016 .
1823 999 1839 1016 .
1888 951 2041 1016 Dat.
2089 950 2451 1029 Avinione,
2501 947 2776 1014 XVIIII
2806 949 2915 1012 Kl.
2950 948 2994 1014 J
2998 948 3282 1031 aunarii,
3332 968 3504 1013 anno
3541 948 3847 1015 secundo.

1207 1070 1330 1131 Ray.
1363 1069 1462 1117 Aa.
1507 1069 1560 1117 T.
1595 1067 1652 1127 8,
1686 1069 1744 1132 s.
1778 1065 1918 1117 560⁶.

785 1489 972 1558 1521.
1739 1496 1952 1573 1355,
1999 1494 2321 1557 Januarii
2366 1494 2448 1556 21
2474 1541 2491 1575 ,
2539 1493 2905 1556 Avenionis.

1105 1645 1244 1709 Pro
1324 1645 1661 1711 Wilhelmo
1725 1646 1801 1711 de
1863 1646 2085 1710 Zande
2147 1654 2383 1710 rectore
2433 1645 2834 1730 parochialis
2888 1647 3174 1708 eeclesiae
3238 1646 3305 1708 in
3355 1643 3671 1729 Campen,
3744 1645 3859 1728 qui

1015 1770 1220 1835 nuper
1283 1758 1653 1836 conquestus
1715 1752 1883 1833 fuit,
1956 1752 2076 1816 sibi
2137 1759 2362 1815 contra
2424 1751 2830 1814 decretalem:
2894 1750 3141 1834 Super
3202 1748 3644 1813 cathedram
3669 1749 3757 1831 1),
3821 1770 3863 1811 a

1015 1856 1335 1937 fratribus
1399 1857 1964 1942 Praedicatorum,
2023 1859 2388 1940 Minorum,
2438 1856 2867 1920 Eremitarum
2917 1864 2976 1920 et
3025 1857 3519 1921 Carmelitarum
3564 1855 3861 1920 ordinum

1013 1964 1218 2028 multa
1287 1964 1523 2045 inferri
1576 1968 1993 2049 qravamina‚
2059 1966 2335 2046 injurias
2383 1972 2441 2028 et
2485 1965 2826 2046 jacturas,
2877 1962 2964 2027 ad
3010 1964 3212 2047 ipsius
3242 1965 3412 2043 jura
3458 1970 3683 2027 contra
3728 1983 3857 2027 mo-

1017 2069 1336 2133 lestatores
1387 2070 1749 2153 hujusmodi
1797 2072 2030 2135 tuenda
2075 2071 2487 2154 infrascripti
2530 2068 2923 2155 deputantur
2969 2076 3450 2134 conservatores.

1022 2251 1299 2319 Dilectie
1346 2253 1496 2320 filiis
1545 2303 1561 2320 .
1594 2303 1609 2319 .
1659 2257 1994 2343 preposito
2043 2257 2252 2321 sancti
2298 2255 2624 2321 «Iohannis
2671 2260 2740 2320 et
2789 2300 2805 2316 .
2832 2303 2848 2319 .
2898 2253 3163 2339 majoris
3203 2253 3643 2339 Trajeotensis
3684 2257 3752 2318 et
3801 2301 3817 2318 .
3845 2301 3862 2318 .

798 2364 1025 2424 sancte
1075 2359 1300 2425 Crucis
1347 2361 1737 2428 Leodiensie
1788 2363 2053 2428 decanis
2101 2363 2522 2428 ecclesiarum
2572 2362 2850 2426 salutem
2897 2367 3005 2425 etc.

1021 2465 1432 2553 Frequentes
1477 2467 1818 2533 hactenus.
1847 2517 1862 2533 .
1894 2517 1909 2533 .
1939 2517 1955 2534 .
2003 2470 2156 2533 Dat.
2206 2468 2574 2550 Avinione,
2624 2467 2763 2532 XII
2809 2467 2919 2532 Kl.
2970 2466 3350 2549 Februarii,
3399 2486 3573 2532 anno
3624 2467 3849 2532 tercio.

1217 2584 1342 2646 Περ.
1379 2586 1476 2635 Ao.
1520 2587 1575 2635 T.
1608 2584 1699 2648 10,
1726 2587 1786 2649 s.
1824 2584 1939 2636 403.

950 2709 1006 2773 1)
1042 2708 1148 2760 cfr.
1182 2723 1344 2772 supra
1380 2724 1530 2759 num.
1564 2708 1680 2760 940.

798 3080 991 3148 1522.
1687 3112 1694 3120 ·
1753 3085 1974 3168 1355,
2020 3084 2339 3149 Januarii
2383 3086 2464 3149 31
2491 3135 2507 3168 ,
2557 3087 2920 3151 Avenionis.

1116 3236 1411 3300 Johanni
1471 3235 1548 3301 de
1608 3237 1870 3302 Erkelis
1930 3238 2132 3303 nobili
2175 3240 2371 3303 militi
2425 3239 2604 3323 Traj.
2654 3239 2841 3303 dioec.
2891 3239 3251 3304 conceditur
3284 3240 3696 3326 privile9ium
3731 3241 3875 3325 ple-

1033 3343 1258 3406 nariae
1303 3343 1578 3406 omnium
1616 3352 2022 3428 peccatorum
2070 3347 2453 3409 remissionis
2500 3348 2568 3409 in
2613 3347 2888 3409 articulo
2933 3346 3175 3409 mortis.

1032 3526 1350 3592 Provenit
1396 3547 1504 3592 ex.
1532 3574 1547 3590 .
1575 3575 1591 3591 .
1620 3574 1636 3590 .
1686 3528 1841 3593 Dat.
1891 3528 2259 3614 Avinione,
2309 3531 2380 3595 II
2427 3531 2536 3596 Kl.
2586 3530 2958 3612 Februarii,
3007 3551 3179 3595 anno
3229 3531 3455 3596 tercie.
3545 3567 3548 3571 .

1225 3643 1351 3706 Ray.
1386 3645 1485 3694 Ao.
1529 3646 1584 3694 T.
1618 3643 1707 3707 11,
1736 3645 1797 3708 s.
1832 3644 1971 3695 5422.

804 4062 997 4131 1523.
1831 4069 2043 4149 1355,
2092 4067 2327 4132 Martii
2372 4071 2445 4151 4,
2492 4070 2856 4134 Avenionis.

1132 4220 1330 4286 Petro
1378 4222 1653 4287 Moliart
1700 4222 2028 4287 Gherardi
2056 4221 2396 4309 Maelqhys
2439 4224 2769 4305 confertur
2788 4231 3103 4308 perpetua
3137 4214 3501 4308 capellania
3532 4226 3598 4288 in
3631 4225 3883 4289 ecclesia

1039 4327 1160 4409 „de
1226 4327 1496 4392 OerseP'
1529 4329 1578 4411 ¹)
1651 4328 1833 4413 Traj.
1899 4330 2119 4412 dioec,
2171 4351 2302 4415 pro
2349 4350 2481 4416 qua
2527 4351 2665 4394 cum
2717 4330 3052 4395 Gherardo
3099 4330 3174 4394 de
3220 4317 3517 4395 Hoesden
3563 4331 3875 4416 capellam

1033 4432 1370 4519 hospitalis
1428 4455 1793 4519 pauperum
1872 4434 2562 4516 „Zantboemeleneis”
2622 4440 2885 4521 putavit
2934 4436 3454 4521 permutandam.
3523 4474 3605 4484 —
3668 4436 3886 4522 Depu-

1033 4547 1258 4604 tantur
1302 4548 1671 4606 executores.

1037 4720 1422 4807 Apostolice
1470 4721 1663 4787 sedis.
1691 4771 1707 4786 .
1741 4769 1757 4786 .
1785 4771 1801 4787 .
1851 4722 2006 4789 Dat.
2055 4724 2423 4810 Avinione,
2471 4726 2614 4792 IIII
2662 4727 2832 4791 Non.
2882 4727 3145 4811 Marcii,
3195 4747 3367 4792 anno
3418 4725 3641 4791 tercio.

1233 4836 1357 4899 περ.
1393 4839 1492 4886 An.
1535 4840 1589 4887 r.
1622 4837 1713 4902 10,
1740 4841 1801 4904 s.
1838 4839 1953 4890 124.

961 4970 1017 5034 1)
1051 4969 1428 5022 Probabiliter:
1469 4970 1662 5024 Oensel
1681 5013 1695 5038 ,
1731 4989 1892 5039 prope
1926 4975 2325 5028 Zalt-Bommel.

812 5395 1004 5464 1524.
1816 5403 2025 5485 1355,
2074 5403 2312 5467 Martii
2354 5406 2474 5487 11,
2522 5404 2887 5469 Avenionis.

1132 5551 1271 5616 Pro
1318 5553 1538 5619 abbate
1583 5562 1643 5619 et
1688 5563 1990 5620 conventu
2035 5560 2404 5622 monasterii
2448 5557 2714 5623 Insulae
2753 5559 2810 5623 b.
2859 5558 3114 5623 Mariae
3146 5558 3593 5622 Praemonstr.
3637 5553 3883 5620 ordinis

1044 5655 1224 5741 Traj.
1274 5660 1466 5724 dioec.
1513 5661 1929 5746 infrascripti
1972 5663 2059 5726 ad
2108 5665 2447 5729 triennium
2494 5665 2887 5750 deputantur
2933 5670 3418 5731 conservatores.
