4450 6684
855 567 943 631 40
2159 567 2477 633 ont-:unns
2519 566 2641 633 VI.

851 784 1049 853 1402.
1880 788 2055 853 1351
2075 836 2094 872 ,
2141 787 2336 853 Junii
2378 790 2499 872 10,
2545 789 2906 854 Avenionis.

1184 938 1491 1005 Wernero
1557 940 1893 1006 Ghelmari
1952 940 2030 1006 de
2094 941 2456 1007 Daventria
2520 950 2845 1028 tamquam
2891 946 3123 1009 rectori
3167 945 3497 1027 confertur
3527 946 3930 1030 parochialis

1079 1047 1335 1112 ecclesia
1376 1049 1448 1111 in
1494 1046 1937 1130 Warensfelde
1961 1047 2015 1132 1)
2071 1047 2254 1131 Traj.
2303 1048 2525 1131 dioec.,
2563 1069 2693 1134 pro
2741 1071 2871 1134 qua
2916 1051 3232 1116 ecclesiam
3272 1051 3681 1117 Novaevillae
3720 1051 3915 1118 Leod.

1077 1154 1266 1218 dioec.
1330 1174 1468 1218 cum
1514 1153 1852 1218 Bernardo
1899 1154 2067 1219 dicto
2112 1154 2475 1219 Alverdoen
2508 1158 2771 1241 putavit
2808 1157 3327 1240 permutandam.
3380 1195 3462 1206 —
3513 1158 3927 1243 Deputantur

1075 1266 1445 1324 executores.

1072 1440 1455 1527 Apostolioe
1518 1440 1712 1506 sedis.
1743 1488 1761 1506 .
1789 1489 1804 1505 .
1831 1488 1848 1506 .
1916 1440 2069 1507 Non
2127 1442 2545 1508 obstantibus
2595 1490 2611 1506 .
2642 1490 2657 1506 .
2688 1487 2704 1506 .
2753 1440 2929 1529 quod
2975 1442 3439 1509 canonicatum
3486 1447 3555 1508 et
3599 1444 3918 1530 praeben·

850 1544 1002 1612 dam
1048 1546 1119 1611 in
1167 1545 1445 1611 ecclesia
1490 1545 1957 1613 Deventriensi
2006 1548 2157 1633 (sic)
2203 1549 2503 1635 predicta
2545 1549 2834 1614 nosceris
2866 1548 3187 1615 obtinere.
3217 1595 3235 1614 .
3265 1597 3281 1613 .
3310 1595 3327 1613 .
3373 1549 3529 1614 Dat.
3560 1548 3922 1633 Aviniono,

845 1652 989 1718 1111
1032 1652 1134 1718 Id.
1182 1652 1398 1736 Junii,
1446 1672 1619 1718 anno
1669 1651 1945 1719 docimo.

1269 1786 1393 1849 Rea.
1429 1786 1527 1835 Ao.
1570 1783 1629 1835 T.
1665 1783 1761 1850 62,
1793 1787 1847 1848 f.
1883 1784 1968 1838 20.

995 1925 1054 1992 1)
1089 1925 1425 1977 Warnsveld.

727 2326 734 2331 ·
840 2299 1312 2368 uos-1404.
1867 2300 2084 2382 1351,
2131 2300 2326 2365 Junii
2369 2302 2489 2387 10,
2535 2304 2902 2370 Avenionis.

1153 2454 1237 2518 A.
1319 2451 1698 2517 Theoderico
1762 2452 2019 2517 Alberti
2076 2450 2153 2515 de
2198 2452 2448 2517 Altinis
2496 2462 2822 2540 tamquam
2868 2458 3100 2521 rectori
3145 2457 3477 2539 confertur
3516 2454 3916 2542 parochialis

1073 2559 1327 2622 ecclesia
1374 2558 1449 2621 de
1494 2557 1710 2621 Reden
1765 2555 1948 2640 Traj.
1996 2557 2218 2640 dioec„
2254 2578 2385 2641 pro
2419 2578 2550 2643 qua
2566 2568 2950 2647 perpetuam
2978 2563 3285 2626 vicariam
3316 2562 3549 2626 altaris
3579 2562 3650 2625 in
3679 2559 3913 2624 minori

1069 2667 1280 2749 cripta
1325 2665 1435 2728 siti
1479 2665 1550 2727 in
1596 2664 1852 2727 ecclesia
1900 2662 1968 2726 S.
2017 2662 2378 2728 Salvatoris
2434 2663 2615 2748 Traj.
2663 2687 2805 2730 cum
2851 2666 3134 2733 Henrico
3182 2674 3332 2733 nato
3378 2666 3649 2732 Henrici
3689 2665 3917 2750 Ruphi

1052 2773 1316 2856 putavit
1350 2769 1871 2856 permutandam.
1925 2805 2007 2817 —-
2055 2769 2475 2854 Deputantur
2518 2779 2892 2837 executores.

1151 2876 1229 2940 Β.
1300 2875 1581 2940 Henrico
1649 2883 1801 2941 nato
1870 2874 2144 2940 Henrici
2212 2875 2438 2961 Ruphi
2503 2878 2834 2960 confertur
2901 2879 3073 2944 dicta
3123 2886 3440 2965 perpetua
3500 2879 3766 2942 vicaria.
3818 2912 3901 2925 —

1064 2981 1481 3067 Deputantur
1526 2989 1900 3048 executores.

1058 3165 1439 3254 Apostolioe
1486 3164 1681 3230 sodis.
1708 3211 1724 3230 .
1753 3211 1771 3230 .
1798 3212 1816 3229 .
1863 3164 2018 3230 Dat.
2064 3163 2433 3249 Aviniono,
2481 3163 2622 3229 IIII
2668 3162 2769 3229 Id.
2816 3162 2861 3230 J
2864 3163 3003 3229 unii
3024 3213 3042 3249 ,
3092 3184 3265 3230 anno
3313 3163 3588 3229 decimo.

1254 3300 1380 3365 περ.
1414 3302 1511 3350 An.
1555 3303 1608 3351 r.
1645 3299 1738 3364 61,
1763 3301 1823 3365 s.
1861 3298 2101 3351 ἰι-πυ.

832 3768 1030 3837 1405.
1860 3769 2034 3833 1351
2057 3817 2074 3852 ,
2119 3768 2315 3833 Junii
2358 3769 2478 3852 19,
2525 3769 2890 3860 AvenioniS.

1151 3920 1442 3986 Jokanni
1500 3921 1577 3985 de
1635 3919 2003 3986 Westrenen
2049 3921 2273 3986 clerico
2322 3940 2452 3987 non
2497 3921 2831 4006 conjuqato
2875 3940 2985 3984 nec
3030 3921 3099 3984 in
3142 3920 3344 3985 sacris
3392 3920 3722 3985 ordinibus
3769 3940 3911 3985 con-

1060 4029 1283 4091 stituto
1341 4026 1521 4110 Traj.
1569 4027 1758 4093 dioec.
1808 4027 2167 4094 conceditur
2214 4027 2660 4092 tabellionatus
2704 4024 3012 4108 officium.

1059 4208 1162 4275 Ne
1209 4213 1686 4275 contractuum.
1712 4256 1729 4273 .
1760 4257 1776 4273 .
1805 4256 1820 4273 .
1870 4209 2023 4275 Dat.
2073 4209 2442 4291 Avinione‚
2491 4206 2666 4274 XIII
2711 4205 2825 4273 Kl.
2871 4205 2916 4273 J
2919 4207 3071 4291 ulii,
3120 4227 3293 4272 anno
3342 4205 3616 4272 docimo.

1255 4343 1382 4406 περ.
1417 4343 1516 4394 Αυ.
1558 4345 1611 4393 T.
1647 4342 1740 4408 64,
1765 4345 1827 4407 f.
1860 4341 1977 4394 189.

835 4813 1037 4880 1406.
1888 4812 2104 4896 1351,
2148 4811 2326 4878 Julii
2370 4814 2442 4896 5,
2489 4814 2855 4879 Avenionis.

1158 4965 1448 5030 Gerardo
1509 4964 1848 5050 Mumekey
1912 4964 1990 5029 de
2051 4965 2462 5031 Ruremunde
2514 4966 2888 5053 presbytero
2949 4966 3144 5032 Leod.
3209 4966 3398 5032 dioec.
3463 4966 3909 5050 conferendum

1062 5079 1426 5137 reservatur
1471 5070 1833 5153 beneficium
1878 5078 2167 5155 spectans
2212 5072 2301 5136 ad
2346 5071 2815 5158 dispositionem
2860 5072 3104 5137 abbatis
3150 5080 3210 5138 et
3256 5080 3588 5139 conventus
3633 5072 3907 5159 Eymon-

1061 5177 1347 5243 densium
1415 5184 1476 5242 et
1541 5198 1683 5242 cum
1752 5198 1910 5242 cura
1976 5179 2066 5241 25
2084 5227 2101 5262 ,
2164 5179 2300 5242 sine
2360 5198 2519 5243 cura
2583 5199 2726 5244 vero
2789 5181 2879 5244 18
2926 5198 3291 5244 marcarum
3337 5181 3590 5266 arqenti
3631 5179 3909 5244 valorem

1062 5305 1348 5349 annuum
1392 5304 1520 5349 non
1565 5283 1880 5351 eoecedens.
1932 5320 2016 5332 —
2066 5284 2484 5369 Deputantur
2529 5293 2903 5353 executores.

1061 5418 1499 5553 Exigoutibus
1545 5470 1679 5531 tue.
1706 5511 1724 5530 .
1752 5511 1770 5530 .
1798 5513 1813 5530 .
1862 5464 2015 5531 Dat.
2063 5464 2436 5552 Avinione‚
2480 5466 2589 5532 III
2632 5466 2804 5534 Non.
2853 5465 3052 5550 Julii,
3100 5486 3274 5533 anno
3322 5465 3597 5533 docimo.

1258 5603 1382 5667 Ray.
1416 5600 1511 5652 Ao.
1558 5604 1613 5652 T.
1646 5600 1734 5667 62,
1762 5603 1824 5667 s.
1858 5600 2000 5654 359v.
2438 5620 2445 5625 ·
