4450 6684
1479 1678 1881 1747 CLEMENS
1928 1678 2027 1748 VI
2076 1681 2281 1764 (1342
2319 1678 2601 1759 -1352‚)

490 1903 691 1972 1220.
1518 1908 1727 1988 1347,
1777 1905 1971 1971 Junii
2016 1908 2133 1987 21,
2180 1906 2547 1968 AvenioniS.

818 2060 975 2126 Cum
1021 2060 1366 2145 Raynaldo
1412 2058 1600 2143 (III)
1646 2062 1863 2124 comite
1911 2060 2170 2125 Gelriae
2214 2069 2273 2123 et
2323 2060 2543 2123 Maria
2591 2067 2747 2123 nata
2793 2058 3116 2123 Johannis
3163 2057 3350 2141 (III)
3384 2058 3564 2122 ducis

729 2168 1118 2234 Brabantiae
1164 2169 1252 2231 ad
1288 2170 1654 2251 petitionem
1701 2167 2006 2252 Philippi
2049 2171 2214 2252 reyis
2263 2168 2582 2231 Francz'ae
2628 2168 3057 2252 dispensatur,
3101 2166 3272 2251 quod
3301 2165 3561 2249 impedi-

726 2278 946 2339 mentis
1009 2277 1613 2360 consanyuinitatiS,
1662 2274 2046 2357 affinitatis,
2089 2275 2384 2359 publicae
2433 2275 2774 2338 honestatis
2821 2295 2946 2338 non
2994 2272 3384 2337 obstantibus
3429 2293 3563 2335 ma-

727 2384 1089 2447 trimonium
1138 2386 1303 2446 inire
1346 2384 1619 2447 valeant.

725 2565 982 2630 Dilecto
1031 2564 1165 2629 filio
1214 2565 1419 2629 nobili
1469 2565 1609 2629 viro
1657 2564 2006 2649 Raynaldo
2056 2566 2282 2630 comiti
2331 2565 2598 2631 Ghelrie
2647 2572 2714 2629 et
2754 2565 2994 2630 dilecte
3030 2566 3100 2628 in
3132 2563 3393 2629 Christo
3426 2562 3562 2628 filie

494 2673 707 2737 nobili
754 2673 1011 2736 mulieri
1059 2672 1265 2736 Marie
1314 2677 1468 2736 nate
1517 2671 1742 2735 dilecti
1791 2671 1909 2736 filii
1958 2673 2198 2737 nobilis
2247 2673 2370 2737 viri
2418 2673 2456 2738 J
2466 2672 2743 2737 ohannis
2792 2672 2976 2736 ducis
3025 2670 3415 2736 Brabancie.

726 2779 915 2845 Sedis
962 2779 1322 2865 apostolice
1370 2780 1842 2863 circumspecta
1889 2778 2266 2864 benignitas
2315 2785 2527 2843 status
2574 2786 2641 2844 et
2682 2778 3100 2843 condiciones
3131 2799 3564 2864 personarum

496 2886 855 2971 diligenter
900 2884 1280 2967 attendens,
1332 2885 1659 2971 aliquibus
1697 2888 2043 2970 presertim
2078 2887 2339 2971 generis
2373 2886 2669 2950 claritate
2704 2885 3125 2959 sublimibuS,
3158 2885 3302 2949 Deo
3336 2890 3405 2949 et
3437 2885 3562 2949 sibi

494 2992 754 3057 devotis
815 2992 1167 3074 nonnulla,
1231 2991 1513 3076 rigorem
1575 3012 1901 3055 canonum
1958 2991 2465 3057 mansuetudine
2517 2991 2979 3077 temperandO,
3031 2990 3427 3078 quandoque
3477 2992 3559 3056 de

492 3099 710 3183 gratia
755 3098 1057 3184 speciali,
1105 3103 1301 3184 prout
1348 3097 1707 3162 secundum
1756 3098 1971 3162 Deum
2020 3105 2279 3163 attenta
2326 3098 2613 3162 utilitate
2661 3099 2925 3184 publica
2970 3099 3306 3183 cognoscit
3354 3120 3556 3185 expe-

492 3203 675 3285 dire,
741 3201 1043 3267 concedit
1096 3180 1223 3288 que
1271 3202 1416 3267 aliis
1463 3204 1698 3267 merito
1749 3202 2185 3289 denegantur.
2278 3203 2506 3289 Nuper
2554 3204 2878 3290 siquidem
2924 3204 3158 3289 petitio
3208 3225 3325 3289 pro
3372 3209 3561 3290 parte

494 3309 814 3374 carissimi
862 3310 930 3372 in
978 3308 1239 3373 Christo
1288 3308 1402 3371 filii
1454 3309 1659 3372 nostri
1706 3309 2000 3396 Philippi
2032 3310 2204 3396 regis
2239 3309 2515 3374 Francis
2547 3310 2819 3373 illustris
2853 3310 3043 3373 nobis
3076 3309 3376 3374 exhibita
3406 3331 3560 3375 con-

492 3416 782 3498 tinebat,
833 3414 1007 3501 quod
1056 3437 1203 3479 cum
1252 3422 1425 3480 terre
1473 3416 1751 3480 ducatus
1791 3417 2158 3482 Brabancie
2207 3439 2282 3481 ac
2330 3418 2681 3481 comitatus
2722 3416 2803 3482 de
2839 3417 3105 3482 Ghelrie
3140 3419 3290 3501 (sic)
3323 3419 3455 3482 sint
3487 3420 3557 3483 in

490 3522 771 3587 diversis
817 3523 1115 3608 partibus
1163 3525 1472 3609 contigue
1521 3546 1597 3588 ac
1646 3524 1884 3606 vicine,
1938 3524 1993 3587 si
2039 3526 2220 3610 pacis
2270 3530 2337 3588 et
2384 3525 2658 3587 unitatis
2708 3524 3058 3588 concordia
3103 3526 3278 3589 inter
3325 3546 3443 3589 vos
3492 3531 3562 3591 et

489 3630 796 3695 dominos
844 3636 1165 3695 terrarum
1210 3632 1500 3717 ipsarum
1549 3632 1770 3715 vigeat
1817 3633 1939 3715 (et)
1988 3633 2302 3696 continue
2350 3632 2671 3713 foveatur,
2714 3637 2849 3695 tam
2881 3632 3069 3695 vobis
3101 3653 3296 3718 quam
3327 3632 3559 3697 incolis

488 3738 789 3825 parcium
835 3737 1093 3801 illarum
1134 3743 1201 3801 et
1237 3738 1719 3802 habitatoribus
1753 3741 1936 3802 varia
1968 3738 2209 3802 exinde
2243 3739 2635 3823 provenient
2668 3737 3009 3802 commoda
3041 3739 3558 3825 vitabunturque

489 3844 917 3930 dispendiosa
963 3844 1365 3924 discrimina,
1415 3867 1543 3931 que
1593 3844 2034 3909 dissensiones
2084 3850 2151 3909 et
2198 3866 2434 3930 guerre
2484 3845 2898 3909 dominorum
2932 3844 3376 3930 predictorum
3408 3867 3558 3931 pro·

489 3952 850 4032 ducerent,
897 3950 1068 4015 sicut
1115 3952 1277 4016 alias
1322 3951 1513 4017 hoste
1560 3958 1955 4040 procurante
2003 3952 2274 4016 humani
2324 3954 2585 4037 generis
2628 3972 2763 4047 npn
2796 3951 2936 4016 sine
2970 3952 3193 4015 multis
3227 3953 3555 4036 stragibus
3624 3980 3626 3983 ·

489 4065 565 4122 et
613 4058 758 4122 aliis
791 4059 987 4122 variis
1019 4080 1236 4123 rerum
1270 4058 1630 4144 dispendiis
1664 4081 1737 4123 ac
1770 4061 2135 4124 animarum
2169 4065 2238 4123 et
2270 4080 2697 4144 personarum
2730 4059 3037 4145 periculis
3068 4058 3562 4144 produxerant,

488 4170 850 4229 tractatum
897 4166 1070 4229 inter
1116 4164 1359 4229 amicos
1407 4172 1661 4230 vestros
1709 4166 1792 4230 de
1842 4166 2183 4230 voluntate
2226 4167 2401 4251 regis
2436 4165 2760 4250 ejusdem,
2813 4165 2926 4252 qui
2959 4171 3202 4229 statum
3236 4164 3560 4230 dictarum

485 4273 788 4359 parcium
833 4272 1176 4357 pacificum
1223 4271 1555 4337 desiderat
1603 4279 1670 4337 et
1719 4273 2176 4359 tranquillum,
2228 4273 2487 4353 extitit,
2522 4273 2692 4337 sicut
2724 4272 3001 4354 dudum,
3038 4272 3194 4336 dum
3227 4271 3558 4357 quondam

485 4379 883 4463 Raynaldus
944 4399 1163 4443 comes
1229 4379 1497 4444 Ghelrie
1559 4379 1821 4465 genitor
1883 4385 2072 4462 tuus,
2119 4380 2213 4443 fili
2262 4400 2516 4461 comes,
2566 4379 2780 4443 adhuc
2824 4380 2895 4443 in
2942 4379 3246 4443 humanis
3294 4385 3561 4464 ageret,

482 4488 747 4567 fuerat,
795 4485 970 4571 quod
1018 4486 1193 4550 inter
1238 4507 1354 4550 vos
1402 4485 1486 4551 ad
1532 4487 1918 4551 firmandam
1968 4493 2035 4552 et
2082 4487 2491 4552 solidandam
2540 4486 2917 4571 hujusmodi
2964 4488 3143 4572 pacis
3177 4493 3245 4550 et
3276 4486 3552 4551 unitatis

484 4592 911 4659 concordiam
958 4594 1355 4681 vitandaque
1403 4615 1786 4679 guerrarum
1835 4594 2212 4660 discrimina
2258 4596 2539 4661 invicem
2590 4595 3076 4659 matrimonium
3116 4594 3561 4659 contrahatur.

484 4697 630 4766 Sed
694 4701 846 4785 quia
905 4699 971 4763 id
1018 4722 1137 4786 pro
1185 4721 1264 4766 eo
1311 4701 1454 4766 fieri
1502 4723 1635 4767 non
1681 4702 1861 4767 valet
1908 4703 2156 4788 absque
2206 4702 2699 4788 dispensatione
2748 4700 2923 4765 dicte
2972 4700 3183 4782 sedis,
3245 4702 3400 4786 quia
3445 4722 3565 4765 vos

480 4806 563 4869 in
628 4806 830 4869 tercio
893 4810 963 4870 et
1024 4813 1257 4891 quarto
1321 4814 1389 4872 et
1451 4807 1871 4873 inferioribus
1934 4829 2052 4872 seu
2099 4808 2562 4873 remotioribus
2610 4807 3202 4890 consanguinitatis
3249 4804 3566 4891 gradibus

480 4932 585 4977 ex
632 4916 911 4998 utroque
955 4912 1163 4977 latere
1211 4913 1492 4978 invicem
1542 4915 1873 4996 attinetis,
1921 4935 2039 4978 seu
2086 4934 2173 4978 ex
2222 4914 2542 4978 affinitate
2589 4912 2760 4978 infra
2806 4912 3046 4997 gradus
3079 4912 3409 4998 predictos
3443 4918 3561 4976 aut

479 5018 759 5105 publice
819 5019 1186 5084 honestatis
1238 5021 1511 5105 justicia
1570 5021 1950 5106 hujusmodi
2013 5021 2502 5085 matrimonium
2551 5020 2940 5105 impeditur,
2991 5020 3179 5085 nobis
3225 5018 3561 5083 humiliter

482 5123 851 5209 supplicari
897 5125 1054 5191 fecit
1099 5147 1218 5191 rex
1265 5127 1637 5212 predictus,
1687 5133 1763 5191 ut
1807 5127 2152 5213 providere
2184 5148 2382 5214 super
2414 5127 2538 5191 hoc
2572 5127 2656 5192 de
2690 5132 3011 5213 oportune
3046 5126 3554 5211 dispensationis

481 5229 714 5314 gratia
773 5230 1210 5317 dignaremur.
1304 5234 1443 5299 Nos
1501 5236 1706 5320 igitur
1768 5236 1943 5299 bona
1988 5235 2369 5318 innumera,
2426 5255 2554 5320 que
2600 5234 2897 5320 predicta
2943 5233 3290 5298 concordia
3338 5253 3558 5298 secum

480 5335 705 5399 trahit
750 5344 817 5402 et
863 5339 1034 5403 mala
1078 5340 1572 5425 inenarrabilia,
1622 5362 1750 5429 que
1798 5342 1972 5408 dicte
2020 5343 2495 5424 dissensiones,
2545 5343 2598 5406 si
2641 5347 2889 5424 essent,
2943 5341 3117 5429 quod
3159 5341 3362 5422 absit,
3410 5361 3563 5427 pro·

480 5440 852 5527 ducerent,
914 5452 989 5508 ut
1051 5447 1211 5510 alias
1259 5447 1551 5512 ostendit
1596 5450 1690 5514 rei
1738 5449 2109 5531 evidentia,
2160 5451 2332 5515 sicut
2380 5451 2680 5536 superius
2727 5454 2830 5514 est
2876 5469 3297 5535 expressum,
3347 5447 3564 5512 consi·

480 5546 808 5615 derantes
854 5557 1109 5617 attente
1157 5554 1630 5641 cupientesque
1679 5556 1854 5621 bona
1900 5558 2235 5642 procurari
2282 5554 2661 5641 hujusmodi
2708 5556 3033 5641 dictisque
3082 5555 3439 5640 dispendiis
3487 5560 3557 5618 et

476 5654 807 5743 periculis
868 5658 1219 5723 salubriter
1281 5659 1568 5747 obviari,
1618 5663 2078 5748 supplicationi
2129 5663 2506 5747 hujusmodi
2555 5662 2906 5747 benignius
2954 5662 3290 5743 inclinati,
3341 5660 3561 5724 vobis-

720 5792 806 5853 ΙΙ.
3303 5799 3332 5854 1
