4450 6684
1489 1337 1991 1420 INDEX
2095 1336 2853 1424 LOCORUM

870 1571 1347 1621 cOHPanTmffs
1391 1573 1659 1622 nolimu
1710 1573 2196 1624 GBOGRAPHIOA
2243 1576 2326 1624 ΒΤ
2374 1574 2859 1634 GUJUSOUMQUE
2906 1575 3064 1624 L001
3117 1576 3471 1627 INSTITUTA

1203 1675 1418 1725 ΒᾸΟΒΔ
1466 1678 1599 1726 vm.
1646 1678 1796 1745 PIA,
1846 1678 2133 1736 QUORUM
2177 1679 2252 1727 m
2298 1678 2642 1728 BULLARIO
2690 1678 2799 1727 Fn·
2845 1679 3121 1730 mmm.

1885 2014 2379 2023 ————-.—

632 2292 681 2355 Α
734 2312 791 2352 v·
847 2294 1140 2355 Albertus
1192 2296 1302 2373 de,
1362 2296 1653 2356 Alfardus
1707 2294 1908 2355 dietus
1962 2295 2072 2372 de,

712 2400 1044 2463 Serivelius
1087 2404 1286 2465 dictus
1327 2405 1420 2465 de.

626 2512 1106 2591 Aardenburg
1147 2534 1204 2574 v.
1246 2514 1430 2593 Hugo
1471 2514 1776 2575 willermi
1818 2515 1910 2576 de.

623 2621 1340 2700 Aalbreehteberghe
1380 2625 1615 2702 capella
1660 2625 1835 2685 1556.

622 2729 982 2791 Aarschot
1021 2736 1287 2792 castrum
1328 2734 1478 2810 436,
1520 2734 1642 2794 Int.
1684 2734 1900 2795 XXII.

622 2839 1096 2901 Abbenbroek
1137 2841 1500 2919 paroehialis
1542 2843 1799 2903 eeclesia
1840 2845 2019 2904 2187.

625 2947 963 3010 Abooude
991 2949 1349 3028 paroehialis
1377 2946 1845 3030 eoeleda'l296,
1879 2953 2066 3030 13973

700 3077 758 3117 v.
817 3057 1130 3119 Swederue
1186 3060 1292 3137 de,
1350 3061 1392 3120 J
1393 3062 1662 3121 ohannes
1702 3061 1810 3139 de,
1867 3060 2065 3122 Gisel·

697 3167 907 3227 bertus
947 3168 1039 3228 de.

619 3275 985 3336 Absteden
1027 3298 1082 3338 v.
1127 3279 1436 3340 Johannes
1478 3280 1569 3340 de.

621 3384 916 3464 Aehaya
970 3389 1119 3465 298,
1179 3391 1326 3467 2993
1382 3390 1664 3468 princeps
1708 3392 1856 3467 6273
1896 3391 2064 3470 prin·

695 3493 919 3574 cipisaa
961 3499 1108 3575 602,
1151 3500 1299 3577 627,
1343 3500 1463 3559 Int.
1509 3500 1715 3560 XXV.

619 3605 1193 3667 Acherontensis
1233 3607 1722 3687 archiepiscopus
1764 3611 1941 3670 2193.

618 3715 844 3774 Adria
884 3735 942 3775 v.
986 3716 1352 3777 wilhelmus
1393 3718 1487 3778 de.

618 3823 911 3884 Aduard
938 3826 1368 3886 monasterium
1399 3826 1457 3887 S.
1482 3816 1784 3887 ¹Bernardi
1806 3827 2061 3889 cistere.

699 3935 824 3995 ord.
867 3935 1192 3996 Monaster.
1236 3936 1424 3997 dioec.
1467 3937 1615 4015 275,
1660 3938 1810 4014 302,
1853 3937 1990 3997 954.

610 4045 947 4124 Agathou
960 4045 1059 4105 sie
1099 4044 1415 4123 episcopus
1455 4047 1632 4106 2030.

614 4155 1072 4232 Agennensis
1114 4155 1369 4215 ecelesia
1411 4156 1560 4233 292,
1604 4157 1754 4233 296,
1797 4157 1934 4216 300.

613 4265 927 4342 Aggerie
971 4262 1030 4324 8.
1071 4264 1369 4324 Martini
1412 4265 1777 4343 parochialia
1807 4266 2064 4326 ecelesia

698 4374 885 4450 1555,
927 4373 1118 4449 2165,
1161 4373 1336 4433 2218.

612 4484 906 4543 Ahusen
947 4504 1004 4544 v.
1047 4484 1432 4545 Hermannus
1474 4485 1567 4545 de.

611 4592 994 4672 Affligeim
1034 4595 1222 4655 abbae
1259 4595 1335 4654 de
1375 4596 1474 4653 46.

607 4703 998 4781 Aiohepalt
1039 4723 1098 4764 v.
1142 4704 1362 4763 Petrus
1404 4702 1495 4763 de.

607 4812 1025 4890 Aigrefeuil
1067 4833 1123 4872 v.
1167 4811 1532 4872 wilhelmus
1573 4811 1666 4871 de.

606 4921 909 4982 Airiane
951 4942 1006 4982 v.
1050 4923 1305 4982 Aniane.

609 5032 1001 5093 Akersloot
1042 5032 1408 5111 paroehialis
1449 5031 1708 5093 eeclesia
1749 5029 1940 5105 21493
1994 5047 2052 5088 v.

685 5141 958 5201 Vivenufl
997 5141 1090 5201 de.
1262 5130 1269 5139 ’

604 5250 1033 5310 Alamannia
1063 5251 1206 5328 172,
1241 5252 1375 5329 197,
1403 5252 1542 5327 207,
1569 5249 1715 5326 209,
1737 5249 1884 5324 211,
1906 5245 2051 5322 253,

682 5359 833 5436 425,
876 5359 1027 5437 582,
1064 5359 1213 5438 599,
1242 5362 1392 5438 600,
1427 5361 1611 5437 1184,
1648 5357 1833 5433 1766,
1864 5355 2050 5431 1834,

694 5469 880 5546 1875,
925 5469 1116 5546 2052,
1160 5470 1352 5548 2180,
1393 5471 1583 5546 2241,
1624 5468 1817 5542 2267,
1859 5464 2050 5539 2270,

680 5577 871 5653 2272,
913 5576 1110 5653 (211),
1156 5577 1348 5655 2288,
1388 5577 1508 5637 Int.
1536 5573 1788 5651 LXIII,
1816 5569 2048 5631 LXVI.

603 5685 882 5746 Albana
922 5702 980 5746 V.
1023 5685 1246 5746 Petrus
1286 5687 1381 5746 de.

2254 2290 2691 2355 Albaneneis
2733 2296 3052 2375 episeopus
3084 2298 3192 2374 78,
3224 2297 3371 2376 110,
3405 2296 3551 2373 162,
3581 2297 3703 2356 Int.

2334 2404 2486 2464 LXI
2529 2423 2651 2482 seq.

2251 2514 2626 2574 Albiensia
2668 2514 2988 2593 episeopus
3033 2516 3208 2576 1263.

2251 2622 2528 2683 Albona
2554 2622 2883 2684 deeanatus
2910 2625 3133 2685 ruralis
3163 2625 3265 2704 de,
3288 2623 3706 2687 Gebennenaia

2333 2733 2521 2793 dioec.
2566 2732 2742 2793 2254.

2250 2843 2534 2920 Alburg
2578 2843 2684 2919 12,
2726 2845 2835 2919 31,
2879 2845 2985 2922 34,
3031 2845 3141 2921 38,
3184 2845 3282 2905 39.

2247 2951 2589 3011 Alemade
2630 2970 2686 3011 v.
2729 2952 3083 3013 Alkemade.

2246 3060 2619 3121 Alcmaria
2660 3079 2717 3121 v.
2758 3061 3093 3121 Alkmaria.

2245 3169 2706 3247 Aldendorpe
2747 3188 2807 3230 v.
2849 3167 3216 3250 Oldendorp.

2243 3281 2714 3343 Aldenwerve
2755 3280 2933 3340 2277.

2243 3389 2641 3450 Aldenzale
2679 3408 2737 3448 v.
2782 3385 3129 3451 Oldenzaal.

2243 3500 2558 3559 Alethen
2599 3497 3057 3559 archidiaconus
3093 3497 3422 3559 Mindensis
3453 3501 3529 3560 de
3557 3502 3697 3561 323.

2245 3608 2500 3669 Alexii
2557 3607 2616 3667 8.
2673 3607 2749 3667 de
2803 3607 2971 3668 Urbe
3028 3609 3457 3669 monasterium
3514 3610 3700 3671 Prae·

2281 3764 2288 3769 .
2326 3722 2574 3778 monstr.
2618 3717 2745 3777 ord.
2795 3718 2939 3793 129,
2982 3718 3120 3778 270.

2246 3828 2498 3907 Aleym
2540 3828 2638 3886 31.

2244 3935 2460 3996 Alfen
2515 3935 2882 4013 paroehialis
2936 3936 3195 3996 ecelesia
3255 3938 3444 4015 19283
3486 3957 3544 3999 v.
3588 3938 3702 4000 Jo-

2324 4045 2554 4103 hannea
2595 4044 2687 4103 de.

2242 4153 2732 4233 Algodeldorp
2775 4154 2952 4214 2276.

2244 4263 2659 4341 Aliquonde
2696 4282 2754 4323 v.
2798 4263 3078 4343 Pernybe
3120 4263 3212 4324 de.

2240 4371 2634 4433 Alkemade
2676 4391 2732 4431 v.
2774 4371 3124 4432 Florentius
3165 4373 3260 4435 de.

2240 4479 2616 4542 Alkmaria
2636 4478 2891 4541 eeclesia
2911 4482 3280 4559 paroehialis
3305 4484 3480 4562 1698,
3507 4484 3692 4563 1946,

2320 4609 2380 4649 v.
2422 4589 2698 4649 Alendus
2726 4590 2832 4667 de,
2863 4588 3173 4652 Gerardus
3201 4597 3383 4653 natus
3409 4594 3697 4673 Eugenia

2319 4698 2424 4775 de,
2461 4696 2736 4758 Grebber
2763 4699 2869 4777 de,
2899 4700 3166 4761 Jaoobus
3196 4700 3299 4778 (le,
3329 4701 3696 4764 Lambertua

2318 4813 2500 4868 natus
2542 4807 2856 4886 Vopponis
2897 4809 3004 4887 de,
3046 4808 3318 4871 Matildis
3350 4816 3497 4872 nata
3524 4811 3691 4891 Vop-

2319 4918 2493 4995 ponis
2563 4918 2669 4996 (le,
2734 4918 3144 4981 Theodoriana
3208 4920 3521 5001 Vopponis
3581 4923 3692 5001 de,

2317 5026 2534 5106 Voppo
2576 5027 2667 5088 de.

2234 5134 2668 5196 Almekerke
2709 5156 2765 5197 v.
2807 5138 3120 5199 Almkork.

2232 5243 2486 5317 Almen
2528 5246 2896 5324 paroehialis
2936 5247 3193 5309 ecelesia
3238 5252 3412 5312 1687.

2232 5353 2514 5414 Almelo
2555 5375 2613 5415 v.
2655 5356 2965 5417 Arnoldua
3006 5356 3114 5434 de,
3159 5358 3482 5438 Philippus
3521 5360 3615 5421 de.

2232 5461 2578 5521 Almkerk
2638 5465 3005 5542 paroehialis
3062 5467 3324 5527 ecelesia
3378 5468 3566 5544 15473
3621 5488 3686 5530 v.

2310 5570 2650 5650 Margarita
2688 5578 2833 5634 nata
2872 5574 3171 5636 Ludoviei
3212 5575 3287 5636 de
3299 5616 3317 5654 ,
3376 5577 3687 5639 Robertus

2311 5681 2486 5742 Eliae
2527 5683 2621 5744 de.

3357 5811 3439 5869 45
