4450 6684
1787 522 2010 587 Innsx
2065 523 2555 590 Paasonsnmu.
3582 526 3715 589 405

715 741 861 817 668,
918 741 1065 817 669,
1122 741 1269 817 692,
1329 741 1675 817 714-716,
1733 741 1878 818 720,
1938 742 2084 818 721,

717 851 861 925 741,
908 851 1054 925 781,
1097 851 1244 925 963,
1290 851 1437 927 965,
1481 851 1624 927 986,
1674 851 1855 927 1095,
1897 852 2083 927 1150,

720 960 1118 1036 1151,1158,
1152 960 1334 1036 1163,
1370 961 1551 1036 1396,
1582 961 1702 1020 Int.
1734 962 1896 1020 XXI
1926 981 2083 1041 seq.,

714 1068 1016 1128 LXVIII.

636 1178 1056 1239 Ludovieus
1096 1182 1278 1238 natus
1321 1177 1589 1259 Philippi
1626 1181 1863 1241 comitis
1896 1181 2082 1240 Vian·

716 1289 946 1365 nensis,
989 1307 1118 1350 ean.
1165 1289 1332 1365 Traj.
1377 1290 1513 1351 649.
1990 1272 1998 1278 ’

639 1432 714 1443 -
759 1398 833 1458 de
860 1398 1146 1477 Nendorp
1177 1398 1260 1473 (N
1263 1398 1491 1476 endorp
1503 1400 1557 1475 Ρ)
1587 1418 1716 1461 ean.
1745 1400 2083 1460 Mersebnr·

719 1508 923 1586 gensis
965 1509 1101 1567 661.

640 1652 713 1662 -
754 1635 950 1677 eomes
973 1617 1296 1678 Flandriae
1317 1619 1662 1696 897-899,
1693 1621 1875 1697 1816,
1896 1622 2082 1695 (899).

641 1761 714 1771 -
773 1726 848 1786 de
902 1727 1225 1806 Huemphe
1274 1728 1464 1788 frater
1503 1728 1716 1789 domus
1759 1729 1818 1790 S.
1861 1729 2085 1791 Catha-

721 1835 887 1896 rinae
929 1836 1093 1914 Traj.
1140 1830 1307 1896 928.‘

641 1979 716 1990 —
768 1946 968 2006 dietus
1009 1945 1287 2007 Serawen
1332 1945 1597 2022 (Serawe
1610 1948 1664 2023 P)
1706 1948 1848 2008 cler.
1893 1946 2085 2008 Osna·

720 2056 893 2133 brug.
938 2055 1158 2133 dioee.,
1201 2056 1394 2116 benef.
1424 2074 1462 2116 a
1490 2076 1619 2136 cap.
1651 2063 1714 2117 et
1740 2077 1871 2118 ean.
1902 2059 2084 2135 Dav„

722 2164 934 2224 deinde
972 2164 1463 2225 Monasteriensis
1505 2167 1649 2243 994,
1697 2168 1869 2228 1529.

643 2308 715 2319 -
755 2274 830 2334 de
849 2275 1365 2353 Renghersnlieee
1392 2276 1545 2336 alias
1576 2276 1651 2336 de
1672 2277 1921 2355 Poulre,
1952 2297 2086 2339 sue·

722 2373 952 2445 e'essive
992 2403 1198 2464 praep.
1247 2384 1304 2446 S.
1351 2386 1518 2445 Petri
1550 2386 1990 2449 Rothnacensis
2025 2394 2088 2449 et

724 2495 935 2572 capell.
965 2495 1025 2554 b.
1053 2495 1419 2555 catharinae
1451 2494 1527 2555 de
1552 2496 1754 2556 Malda
1780 2496 2088 2558 Gamerae.

722 2602 905 2664 dioec.
922 2649 937 2680 ,
995 2604 1211 2663 deinde
1264 2623 1395 2665 ean.
1453 2609 1515 2664 et
1569 2606 1835 2684 ehoriep.
1892 2607 2088 2687 Traj.,

723 2731 854 2773 ean.
884 2713 946 2773 S.
975 2713 1301 2773 Donatiani
1331 2715 1665 2792 Brugensis
1698 2717 1880 2793 1258,
1914 2718 2087 2777 1350.

644 2856 718 2867 —
762 2840 960 2882 eomes
1001 2823 1307 2882 Blesensis
1355 2826 1529 2884 1818.

646 2965 718 2975 -
763 2931 839 2992 de
878 2932 1183 2993 Namureo
1224 2933 1408 2993 Leod.
1452 2933 1640 2995 dioec.
1689 2936 1862 2996 1847.

644 3076 717 3086 -
762 3060 854 3121 ep.
899 3041 1230 3103 Mindensis
1271 3043 1393 3102 Int.
1441 3043 1682 3104 XXVI.

649 3152 1100 3229 Lnidburgis
1159 3151 1375 3212 Jacobi
1419 3151 1753 3231 Campinge
1793 3153 1944 3231 filia,
1991 3156 2091 3215 be-

722 3262 911 3339 ghina
950 3262 1088 3321 435.

648 3371 986 3431 analus
1027 3371 1197 3430 Boex
1239 3375 1440 3431 rector
1481 3372 1628 3432 eeel.
1657 3372 1722 3431 in
1748 3372 2092 3450 Avenzaat,

724 3480 937 3540 deinde
978 3498 1110 3540 ean.
1153 3479 1562 3540 Embrieensis
1607 3482 1789 3559 1205,
1837 3484 2008 3543 1206.

649 3592 926 3668 Lntgar
939 3589 1050 3649 dis
1092 3589 1167 3650 de
1204 3590 1477 3668 Angerlo
1504 3610 1662 3651 uxor
1690 3592 1986 3652 Everardi
2016 3594 2091 3654 de

724 3701 1026 3760 Averlake
1068 3700 1205 3761 944.

653 3918 731 3982 Μ.
773 3918 1085 3979 Paschalis
1131 3920 1303 3978 1294.

651 4029 957 4089 Mabilia
1009 4033 1156 4088 nata
1195 4027 1567 4089 Ghiselberti
1609 4030 1684 4090 de
1718 4030 1910 4091 Kaets
1938 4031 2090 4091 dom.

731 4137 806 4197 de
847 4137 1206 4197 Besinehem
1249 4139 1385 4197 938.

653 4280 726 4290 -
769 4246 844 4306 de
885 4248 1125 4307 Bueren
1166 4247 1483 4308 domicella
1529 4250 1703 4309 1647.

649 4388 732 4400 -
771 4374 929 4416 uxor
970 4355 1008 4415 J
1014 4356 1267 4416 ohannis
1308 4358 1506 4435 Breye
1547 4357 1762 4419 domic.
1805 4361 1984 4421 2037.

655 4464 1065 4526 Macharius
1091 4466 1448 4543 (Makarius)
1477 4467 1552 4527 de
1573 4467 1938 4530 Bosoodueis
1965 4487 2098 4529 ean.

735 4575 920 4635 Leod.
961 4576 1111 4652 444,
1154 4576 1291 4635 449.

656 4717 729 4728 -
788 4683 1071 4744 Nileman
1130 4684 1213 4762 (N
1216 4685 1481 4764 yelman)
1543 4685 1616 4745 de
1678 4686 1907 4747 Arnem
1966 4704 2099 4747 ean.

740 4793 934 4872 Traj.,
989 4798 1186 4855 reetor
1241 4795 1391 4855 eeel.
1442 4794 1517 4854 de
1558 4795 1744 4856 Barbi
1786 4796 2102 4858 Remensis

736 4903 951 4979 dioec„
993 4902 1209 4964 deinde
1250 4904 1325 4964 de
1370 4904 1672 4965 Woerden
1714 4904 1880 4983 Traj.
1925 4908 2104 4967 1782.

654 5045 738 5057 -
777 5013 852 5074 de
892 5014 1190 5076 Benthem
1230 5014 1374 5075 eler.
1416 5015 1612 5075 benef.
1653 5016 1900 5093 Maj0ris
1935 5016 2103 5094 Traj.

743 5123 925 5200 1841,
974 5124 1157 5202 1878,
1199 5125 1386 5201 2023,
1430 5124 1617 5202 2024,
1659 5126 1836 5185 2043.

664 5231 1107 5293 Maehteldis
1166 5233 1511 5310 (Maehtild)
1573 5234 1881 5295 eomitissa
1938 5235 2102 5296 Holl.

741 5343 878 5402 227.

665 5483 735 5495 -
782 5450 858 5512 de
898 5450 1124 5531 Bylant
1164 5451 1476 5513 abbatissa
1513 5452 1588 5513 de
1629 5452 1816 5514 Horat
1859 5454 1997 5514 271.

664 5592 737 5604 -
781 5560 1022 5622 domina
1063 5560 1138 5622 de
1170 5561 1632 5641 Beverewerde,
1659 5580 1815 5624 uxor
1843 5561 2109 5624 Swederi

746 5669 821 5729 de
861 5669 1100 5730 Vianen
1145 5671 1316 5732 1525.

2264 741 2699 802 Maehteldis
2740 760 2899 802 uxor
2927 742 3208 802 Alemani
3244 741 3514 802 bastardi
3546 741 3716 801 Han·

2343 851 2562 911 neniae
2603 852 2780 911 2208.

2265 958 2600 1020 Madiltis
2640 960 3002 1038 (Magtildis)
3046 981 3104 1020 v.
3145 961 3432 1020 Matildis.

2265 1069 2672 1131 Maineetus
2714 1069 2955 1129 Alberti
2989 1075 3287 1131 mereator
3314 1069 3707 1130 Florentinus

2350 1180 2485 1240 173.

2264 1289 2631 1349 Manasses
2674 1289 2939 1366 archiep.
2981 1289 3292 1349 Remensis
3334 1291 3392 1348 8.

2264 1397 2551 1459 Manuel
2614 1403 2794 1457 natus
2855 1398 3138 1458 Andreae
3197 1398 3274 1459 de
3325 1398 3530 1459 Fliseo
3579 1415 3715 1458 ean.

2349 1508 2513 1584 Traj.
2557 1513 2620 1568 et
2661 1508 3094 1568 Arnhemensis
3135 1527 3340 1587 praep.
3385 1508 3532 1585 742,
3576 1508 3715 1568 896.

2265 1617 2782 1678 Marehualdus
2817 1617 3048 1677 archid.
3069 1617 3281 1695 Leod.,
3310 1618 3448 1678 coll.
3477 1617 3714 1696 papalis

2349 1729 2495 1803 306,
2539 1729 2685 1803 307,
2730 1728 2851 1786 Int.
2894 1727 3091 1787 LXV.

2265 1837 2672 1914 Margarita
2726 1836 3121 1914 (Margareta)
3174 1837 3482 1898 eomitissa
3529 1836 3716 1896 Flan-

2346 1945 2516 2005 driae
2556 1949 2619 2005 et
2645 1945 3004 2005 Hannoniae
3032 1946 3178 2023 220,
3207 1947 3355 2023 221,
3387 1947 3532 2024 254,
3563 1948 3680 2006 364
3699 1989 3716 2024 ,

2350 2057 2496 2134 371,
2539 2056 2681 2125 375,
2724 2055 2847 2115 Int.
2887 2055 3109 2133 XVII,
3150 2056 3355 2116 LXII.

2271 2200 2343 2211 —
2387 2171 2534 2226 nata
2575 2164 2870 2226 Gnidonis
2898 2166 3136 2227 comitis
3163 2166 3513 2243 Flandriae,
3555 2185 3713 2227 uxor

2349 2275 2630 2336 Reinaldi
2684 2275 2718 2333 I
2773 2274 3009 2336 comitis
3067 2274 3308 2335 Gelriae
3363 2277 3510 2352 361,
3566 2277 3717 2354 409,

2351 2386 2495 2461 454,
2555 2385 2699 2461 470,
2763 2385 2909 2461 732,
2968 2386 3110 2461 760,
3169 2385 3313 2460 766,
3372 2387 3517 2463 767,
3572 2387 3721 2463 775,

2351 2496 2473 2554 Int.
2515 2493 2713 2553 XXII
2757 2512 2911 2572 seq.,
2954 2494 3154 2553 LVII.

2273 2638 2348 2649 —
2392 2604 2467 2663 de
2507 2603 2908 2682 Wateringhe
2947 2605 3255 2665 abbatissa
3295 2604 3361 2663 in
3386 2605 3714 2665 Leeuwen-

2353 2716 2523 2775 horst
2565 2714 2701 2773 526.

2275 2860 2346 2871 -—-
2405 2824 2480 2884 de
2532 2824 2854 2884 Hannonia
2908 2823 3125 2884 relicta
3179 2823 3430 2884 Roberti
3479 2823 3719 2885 comitis

2351 2933 2770 2995 Atrebatensis
2812 2935 2948 2994 546.

2269 3079 2351 3090 -
2405 3043 2533 3104 fllia
2573 3043 2856 3103 Reinaldi
2895 3043 2962 3102 11
3004 3041 3241 3103 comitis
3283 3042 3525 3103 Gelriae
3572 3046 3719 3122 759,

2353 3155 2473 3214 Int.
2516 3153 2776 3231 XXIII,
2818 3153 2999 3232 XLI,
3040 3153 3340 3213 XLVIII.

2271 3297 2354 3310 —
2406 3269 2551 3323 nata
2612 3262 2906 3324 Ludoviei
2968 3262 3043 3323 de
3102 3262 3500 3340 Almekerke,
3562 3281 3720 3324 uxor

2354 3373 2617 3434 Walteri
2658 3372 2809 3434 dieti
2850 3371 3171 3433 Bokellaer
3213 3374 3349 3433 863.

2272 3517 2355 3530 -
2386 3482 2664 3561 Sinsvijfs
2685 3501 2842 3542 uxor
2864 3481 2906 3542 J
2907 3482 3080 3543 aoobi
3103 3483 3254 3543 dieti
3275 3482 3317 3543 J
3318 3483 3559 3544 ansonis
3585 3484 3723 3542 941.

2276 3614 2370 3639 -·
2393 3592 2688 3654 Paridans
2734 3593 2907 3652 1311.

2276 3738 2349 3749 -
2391 3721 2551 3763 uxor
2593 3701 2809 3762 Jaeobi
2852 3701 2927 3761 de
2968 3702 3293 3762 Binehorst
3337 3703 3510 3763 1355.

2274 3849 2347 3859 -
2393 3831 2550 3873 uxor
2592 3811 2886 3890 Stephani
2928 3811 3002 3870 de
3043 3810 3317 3870 Bumnen
3363 3810 3542 3870 1380.

2276 3955 2350 3967 -
2394 3940 2552 3982 uxor
2592 3920 2896 3980 Willermi
2938 3919 3191 3997 Langhe
3237 3920 3410 3979 1382.

2278 4065 2352 4076 -
2392 4030 2523 4091 filia
2561 4030 2878 4089 wilhelmi
2920 4029 3023 4088 III
3063 4027 3299 4090 comitis
3340 4027 3726 4107 Harmoniae,

2356 4158 2516 4200 uxor
2570 4139 2866 4200 Ludoviei
2921 4138 2997 4199 de
3037 4138 3301 4198 Bavaria
3341 4138 3490 4217 589,
3538 4140 3725 4217 1396,

2364 4251 2547 4326 1437,
2612 4250 2796 4326 1481,
2864 4248 3290 4325 1494-1497,
3345 4248 3469 4308 Int.
3529 4248 3727 4308 XXII

2360 4377 2506 4436 seq.,
2532 4357 2754 4417 XXVI
2780 4376 2926 4435 seq.,
2954 4356 3264 4434 XXXIX,
3293 4356 3464 4436 XLI,
3492 4357 3730 4436 XLIV,

2360 4467 2605 4526 XLVII
2646 4485 2771 4544 seq.

2282 4610 2357 4622 —
2400 4594 2559 4637 uxor
2598 4575 2866 4636 Kervine
2907 4575 2983 4635 de
3022 4574 3427 4635 Remerswale
3474 4575 3647 4635 1428.

2284 4720 2358 4731 -
2403 4703 2560 4746 uxor
2601 4685 2875 4764 Philippi
2915 4684 2992 4744 de
3031 4685 3228 4764 Ayele
3275 4685 3448 4744 1443.

2286 4829 2359 4840 -
2402 4813 2560 4856 uxor
2601 4793 2888 4855 Bassonis
2930 4794 3265 4855 Baldewini
3304 4793 3378 4853 de
3403 4792 3733 4854 Maelstede

2373 4906 2546 4966 1591.

2288 5048 2360 5061 -
2407 5014 2645 5076 domina
2685 5014 2802 5076 1οοί
2845 5014 2921 5075 de
2960 5014 3112 5075 Enna
3154 5016 3331 5076 1791.

2289 5159 2363 5170 -
2421 5124 2497 5185 de
2552 5124 2789 5184 Binken
2837 5142 2996 5184 uxor
3039 5124 3292 5184 Roberti
3333 5123 3409 5185 de
3449 5121 3735 5201 Donghe·

2368 5233 2638 5313 werighe
2680 5233 2865 5294 Leod.
2905 5233 3096 5294 dioee.
3142 5233 3316 5291 1826.

2290 5377 2364 5388 -
2422 5343 2499 5403 de
2540 5342 2978 5421 Valkenborgh
3018 5347 3081 5402 et
3123 5341 3198 5402 de
3238 5340 3505 5417 Voerne,
3553 5341 3738 5418 borg-

2370 5454 2587 5531 gravia
2626 5452 2951 5513 Zelandiae
2994 5453 3180 5529 1831,
3220 5450 3343 5510 Int.
3386 5448 3616 5509 XLIV.

2293 5595 2366 5607 —
2432 5581 2590 5623 uxor
2648 5560 2891 5622 Alberti
2959 5560 3132 5621 dueis
3191 5558 3488 5619 Bavariae
3554 5556 3739 5634 1987,

2376 5674 2492 5732 217
2498 5672 2793 5733 4-2176.
