4450 6684
329 2744 519 2792 Summi
561 2744 728 2793 Ponti-

341 2812 454 2860 ficae
478 2813 615 2927 ben¹11
600 2812 674 2860 fici

375 2880 531 2941 magis

366 2947 532 3010 gisque
565 2896 664 2995 {nihi

369 3030 587 3063 reservari
558 3022 662 3063 nest

732 549 831 599 1211
2017 534 2508 598 Imaonccrio.

735 751 1144 837 Trajectensi
1215 750 1527 816 Eiconem
1598 770 1948 838 pauperem
2023 750 2330 815 clericum
2401 749 2916 833 commendavit,
2980 754 3056 814 ut
3123 754 3456 835 tamquam
3515 748 3794 814 collator

736 854 1103 921 ordinarius
1177 855 1422 920 dictum
1492 854 1805 920 Eiconem
1876 853 2159 942 quodam
2221 855 2292 920 in
2356 876 2476 919 sua
2538 852 2820 920 dioecesi
2885 853 3202 920 beneficio
3254 851 3530 918 donaret
3576 854 3783 936 (num.

742 961 918 1043 122).
1014 959 1272 1024 Similes
1318 957 1400 1024 ad
1449 957 1771 1024 decanum
1820 966 1887 1025 et
1934 959 2292 1044 capitulum
2342 958 2657 1023 ecclesiae
2706 958 3117 1024 Sucaciensis
3165 955 3522 1022 destinavit
3563 957 3788 1022 literas

735 1083 853 1150 pro
899 1063 1211 1149 magistro
1259 1063 1523 1148 Rogero
1571 1062 1971 1128 subdiacono
2017 1064 2225 1146 (num.
2266 1063 2440 1144 135).
2513 1062 2745 1148 Neque
2793 1062 2992 1127 etiam
3023 1061 3452 1126 Innocentius
3483 1081 3654 1147 papa
3684 1060 3786 1125 IV

736 1187 1041 1253 suprema
1103 1187 1221 1231 sua
1283 1166 1674 1231 auctoritate
1738 1166 1821 1232 de
1882 1166 2219 1231 beneficiis
2275 1166 2734 1231 ecclesiasticis
2780 1165 3218 1253 peremptorie
3267 1162 3439 1251 apud
3487 1185 3608 1228 nos
3656 1163 3787 1228 dis-

733 1270 1029 1358 posuisse
1075 1269 1370 1354 videtur‚
1428 1270 1544 1335 sed
1592 1271 1790 1356 vulgo
1838 1271 2144 1335 maluisse
2194 1271 2412 1356 potius
2461 1271 2829 1356 superiores
2877 1269 2981 1334 vel
3030 1269 3376 1333 collatores
3421 1265 3785 1332 ordinarios

739 1376 915 1462 ipsos
961 1375 1381 1441 intervenire.
1453 1375 1651 1441 Hunc
1698 1376 1766 1439 in
1812 1373 2080 1439 modum
2128 1375 2437 1462 epistolas
2485 1375 2661 1439 misit
2708 1375 2790 1440 ad
2824 1373 3197 1439 Conradum
3239 1371 3321 1437 de
3355 1371 3784 1437 Hochstaden

736 1479 1296 1566 archiepiscopum
1343 1478 1836 1562 Coloniensem,
1886 1479 1998 1565 qui
2045 1483 2376 1564 tamquam
2424 1480 2842 1565 metropolita
2886 1480 2955 1543 in
3002 1478 3413 1562 suffraganea
3453 1497 3571 1541 sua
3608 1474 3792 1540 dioe-

739 1583 870 1649 cesi
935 1583 1016 1648 de
1065 1583 1459 1649 conferendo
1509 1583 1791 1669 quodam
1839 1581 2158 1648 beneficio
2207 1581 2584 1667 disponeret
2632 1585 2906 1667 (numm.
2961 1584 3125 1664 169,
3181 1582 3348 1662 lSI,
3404 1581 3569 1664 182,
3624 1580 3788 1662 183,

738 1688 933 1771 219);
1004 1688 1109 1751 vel
1172 1688 1370 1753 etiam
1434 1687 1515 1753 ad
1574 1693 1996 1769 executores,
2060 1686 2172 1773 qui
2225 1688 2710 1772 „praesentium
2756 1688 3122 1752 litterarum
3167 1685 3404 1751 latori’'
3454 1683 3537 1750 de
3584 1684 3788 1749 bene·

736 1790 885 1855 ficio
941 1791 1012 1855 in
1071 1791 1338 1856 civitate
1385 1792 1491 1856 vel
1539 1791 1822 1856 dioecesi
1871 1792 2281 1876 Trajectensi
2328 1792 2671 1879 providere
2718 1798 3022 1856 curarent
3070 1792 3347 1874 (numm.
3397 1790 3565 1868 214,
3615 1790 3786 1870 218,

740 1896 907 1976 222,
958 1897 1126 1978 231,
1177 1898 1344 1979 248,
1392 1897 1561 1979 249,
1612 1898 1801 1979 257);
1848 1896 1953 1961 vel
2001 1896 2285 1982 denique
2334 1895 2417 1959 ad
2482 1897 2849 1981 superiores
2897 1896 3100 1983 ipsius
3147 1895 3491 1976 ecclesiae,
3538 1894 3609 1958 in
3659 1915 3790 1980 qua

736 1999 938 2064 cliens
1001 2001 1250 2086 papalis
1314 2001 1770 2065 canonicatum
1834 2005 1903 2065 et
1964 1999 2405 2086 praebendam
2470 2000 2798 2066 obtineret
2853 2002 3126 2083 (numm.
3183 2001 3347 2082 190,
3397 1999 3576 2081 247).
3671 1997 3787 2062 Bis

738 2108 993 2168 tantum
1060 2104 1373 2168 accidisse
1419 2105 1755 2187 novimus,
1804 2110 1879 2168 ut
1927 2104 2299 2190 praedictus
2349 2104 2655 2169 Summus
2702 2104 3017 2168 Pontifex
3060 2104 3131 2168 in
3180 2101 3462 2190 quadam
3510 2102 3787 2168 ecclesia

735 2213 999 2272 nostrae
1064 2206 1436 2272 dioeceseos
1500 2208 1582 2272 de
1648 2210 2038 2272 canonicatu
2099 2214 2166 2272 et
2227 2208 2607 2294 praebenda
2670 2209 2862 2272 alicui
2925 2228 3243 2295 personae
3310 2208 3786 2293 quamprimum

734 2311 1146 2375 conferendis
1193 2314 1632 2399 peremptorie
1681 2311 2077 2398 disposuerit
2122 2313 2396 2395 (numm.
2453 2315 2577 2377 184
2627 2320 2695 2378 et
2743 2315 2922 2396 259).

960 2415 1328 2479 Alexandri
1398 2437 1607 2502 papae
1676 2415 1775 2480 IV
1846 2417 2066 2481 nullae
2136 2419 2403 2483 omnino
2476 2424 2828 2504 supersunt
2894 2417 3126 2481 literae
3197 2415 3647 2498 beneficiales,
3717 2415 3787 2478 in

737 2521 1085 2587 dioecesim
1134 2521 1626 2604 Trajectensem
1675 2528 2052 2604 emanatae,
2102 2524 2375 2608 ejusque
2424 2523 2812 2587 successoris
2860 2522 3112 2587 Urbani
3158 2520 3258 2585 IV
3308 2520 3597 2606 quinque
3646 2523 3789 2583 tan·

737 2628 875 2688 tum
924 2625 1195 2708 (numm.
1247 2626 1414 2708 292,
1465 2626 1631 2706 296,
1684 2626 1849 2707 300,
1902 2627 2071 2707 301,
2124 2628 2304 2708 302).

969 2727 1375 2792 Moderatam
1424 2728 1592 2792 hanc
1640 2728 2022 2815 disciplinae
2068 2731 2389 2796 rationem
2438 2730 2507 2795 in
2553 2728 2964 2794 conferendis
3011 2734 3079 2794 et
3127 2726 3536 2792 reservandis
3582 2726 3783 2791 bene·

680 2829 880 2895 ³ficis
929 2832 1385 2896 ecclesiasticis
1433 2833 1681 2919 primus
1728 2834 2008 2898 mutavit
2054 2834 2357 2899 Clemens
2405 2856 2575 2920 papa
2610 2833 2727 2897 IV.
2787 2833 3051 2897 Etenim
3098 2830 3586 2896 Constitutione
3632 2851 3776 2894 sua:

747 2934 963 3014 „Licet
1023 2935 1465 2999 ecclesiarum’'
1527 2935 1658 3000 d.d.
1727 2939 1810 3000 25
1875 2936 2161 3023 Augusti
2228 2960 2332 3002 an.
2389 2940 2591 3019 1265,
2655 2934 3006 3002 attendens
3054 2936 3229 3023 quod
3284 2934 3788 3016 „beneficiorum

668 3039 1326 3104 ecclesiasticorum
1372 3041 1665 3128 plenaria
1711 3041 2050 3128 dispositio
2099 3043 2180 3106 ad
2231 3044 2603 3106 Romanum
2652 3046 2958 3105 noscatur
2989 3039 3380 3105 Pontificem
3420 3039 3788 3125 pertinere,

734 3145 830 3207 ita
891 3143 1062 3228 quod
1130 3164 1262 3209 non
1327 3145 1537 3209 solum
1598 3146 1775 3231 ipsa,
1825 3166 1972 3209 cum
2020 3151 2286 3227 vacant,
2339 3151 2560 3232 potest
2607 3144 2688 3208 de
2730 3146 2884 3229 jure
2934 3144 3267 3227 conferre,
3314 3163 3544 3208 verum
3591 3142 3790 3206 etiam

727 3248 838 3332 jus
900 3247 967 3311 in
1031 3248 1189 3333 ipsis
1254 3248 1542 3314 tribuere
1607 3249 1996 3332 vacaturis”,
2060 3249 2435 3336 praedictus
2499 3249 2681 3335 Papa
2740 3250 2960 3313 omnia
3014 3256 3082 3312 et
3130 3246 3388 3333 singula
3433 3245 3787 3326 beneficia,

742 3371 950 3437 „quae
1015 3350 1190 3437 apud
1254 3352 1477 3417 sedem
1542 3353 1751 3438 ipsam
1811 3353 2309 3439 [Apostolicam]
2358 3354 2666 3439 deinceps
2715 3374 2944 3417 vacare
2994 3351 3407 3437 contigerit”,
3459 3370 3614 3413 suae
3661 3349 3790 3412 col·

733 3454 966 3518 lationi
1013 3457 1376 3539 generatim
1425 3458 1802 3521 reservavit.
1834 3457 1906 3539 1).
1972 3457 2267 3522 Eandem
2315 3457 2869 3522 Constitutionem
2915 3457 3194 3542 amplius
3233 3455 3552 3541 explicuit
3591 3454 3788 3517 Boni·

733 3557 941 3622 facius
1005 3579 1177 3644 papa
1239 3559 1447 3642 VIII,
1508 3560 1619 3646 qui
1669 3561 1898 3625 statuit
1944 3561 2334 3626 beneficium
2390 3560 2602 3648 „apud
2652 3560 2896 3623 curiam
2945 3558 3219 3625 vacare’'
3269 3559 3468 3623 etiam
3516 3559 3581 3620 in
3629 3557 3788 3620 locis

734 3662 1002 3745 vicinis,
1067 3663 1110 3726 i.
1161 3684 1216 3727 e.
1290 3685 1496 3750 „quae
1556 3669 1808 3728 remota
1854 3665 2027 3729 ultra
2073 3665 2235 3730 duas
2285 3666 2493 3730 dietas
2541 3665 2785 3749 legales
2835 3686 2874 3727 a
2921 3664 3102 3746 loco,
3152 3664 3265 3728 ubi
3314 3668 3603 3727 moratur
3649 3664 3791 3748 ipsa

737 3765 952 3847 curia,
1014 3787 1147 3830 non
1196 3767 1533 3832 existunt!
1541 3767 1638 3852 ’2)
1728 3768 1912 3834 Idem
1962 3770 2117 3834 fecit
2165 3770 2468 3835 Clemens
2516 3790 2686 3856 papa
2731 3768 2824 3850 V,
2873 3769 2985 3855 qui
3034 3768 3545 3832 reservationem
3595 3787 3791 3854 supra

716 3868 1068 3934 daudatam
1142 3870 1225 3934 ad
1291 3871 1698 3938 cathedrales
1762 3895 2021 3960 quoque
2087 3874 2391 3939 ecclesias
2455 3893 2763 3959 expresse
2826 3872 3152 3936 extendlt.
3177 3872 3232 3955 3)
3327 3871 3472 3935 Hac
3535 3870 3787 3934 ratione

736 3973 1013 4037 ulterius
1077 3975 1394 4059 processit
1455 3974 1794 4042 Johannes
1858 3977 2098 4060 XXII,
2162 3979 2273 4064 qui
2329 3977 2854 4042 Constitutione:
2936 3975 3078 4056 „Ex
3123 3974 3367 4039 debito’'
3416 3974 3784 4062 praecepit,

736 4081 812 4140 ut
881 4077 988 4158 „in
1050 4079 1229 4143 curia
1284 4079 1562 4144 vacare”
1620 4087 2046 4146 censerentur
2092 4081 2426 4166 quaelibet
2471 4081 2793 4145 beneficia
2840 4080 3281 4145 Cardinalium
3331 4086 3398 4143 et
3447 4078 3787 4143 curialium

735 4180 1131 4267 ubicumque
1197 4182 1693 4267 decedentium3
1753 4185 1949 4248 immo
2000 4191 2323 4271 quotquot
2371 4186 2439 4249 in
2488 4192 2858 4270 posterum,
2909 4185 3064 4249 licet
3112 4189 3300 4248 extra
3346 4183 3628 4264 curiam,
3676 4183 3788 4247 be-

733 4284 969 4349 neficia
1034 4292 1256 4350 essent
1304 4291 1613 4351 vacatura
1657 4309 1777 4374 per
1824 4288 2337 4375 depositionem,
2401 4289 2873 4374 privationem,
2939 4289 3451 4374 promotionem,
3515 4286 3788 4351 transla-

733 4389 1019 4471 tionem,
1092 4392 1647 4455 consecrationem
1724 4397 1839 4455 aut
1908 4392 2472 4474 benedictionem,
2545 4392 2936 4456 auctoritate
3007 4391 3344 4477 pontificia
3411 4389 3787 4456 immediate

731 4491 1093 4574 insecutas,
1163 4495 1463 4580 propriae
1529 4516 1684 4560 suae
1750 4496 2162 4582 dispositioni
2221 4496 2596 4560 reservavit.
2622 4497 2678 4579 4)
2772 4495 3087 4560 Similiter
3135 4495 3455 4581 disposuit
3499 4496 3570 4560 in
3616 4494 3787 4561 Con-

736 4595 1081 4660 stitutione
1144 4616 1296 4660 sua:
1369 4597 1845 4677 „Execrabilis”
1911 4599 2085 4686 quod
2148 4599 2230 4663 ad
2297 4599 2648 4681 beneficia,
2714 4599 2950 4686 quibus
3016 4604 3248 4686 utpote
3296 4620 3442 4663 cum
3491 4599 3618 4663 alio
3668 4619 3784 4663 suo

735 4697 1056 4763 beneficio
1121 4699 1718 4787 incompatibilibus
1765 4705 2149 4769 renunciare
2197 4702 2516 4767 deberent
2563 4724 2990 4789 possessores.
3086 4703 3263 4778 Quas
3310 4703 3786 4768 reservationes

733 4820 961 4866 omnes
1028 4809 1097 4867 et
1154 4803 1443 4887 singulas
1495 4806 1876 4892 complexus
1925 4813 2025 4872 est
2073 4814 2272 4893 atque
2322 4807 2710 4894 approbavit
2765 4807 3169 4872 Benedictus
3216 4828 3387 4893 papa
3431 4805 3571 4871 XII
3615 4804 3787 4874 Con-

736 4904 1083 4970 stitutione
1133 4905 1203 4971 a0
1257 4908 1425 4970 1335
1474 4907 1686 4973 edita:
1754 4910 1904 4991 „Ad
1946 4913 2219 4995 reyimen
2265 4911 2722 4995 Ecclesiae.”⁵)

958 5008 1110 5074 Jam
1159 5009 1396 5074 sufficit
1445 5011 1525 5077 de
1574 5013 1864 5097 generali
1905 5014 2237 5079 Ecclesiae
2281 5014 2655 5101 disciplina,
2696 5036 2890 5101 quam
2931 5021 3088 5079 tunc
3127 5013 3302 5102 quod
3344 5013 3425 5079 ad
3465 5013 3787 5079 beneficia

737 5112 1134 5178 conferenda
1196 5120 1263 5179 et
1328 5116 1722 5181 reservanda
1787 5117 2035 5183 Summi
2099 5117 2493 5200 Pontifices,
2559 5121 2905 5206 praecipue
2968 5119 3500 5200 Avenionenses,
3564 5115 3798 5182 condi-

897 5491 953 5555 1)
991 5491 1138 5543 Seni
1171 5492 1377 5546 Decret.
1414 5494 1526 5546 Lib.
1565 5496 1662 5547 111.
1695 5495 1796 5547 Tit.
1834 5495 1921 5548 IV.
1957 5511 2070 5562 cap.
2107 5495 2155 5547 2.
2491 5498 2546 5563 2)
2584 5499 2785 5550 Ibidem
2819 5515 2929 5565 cap.
2965 5500 3048 5553 34.

897 5570 955 5635 3)
992 5573 1202 5624 Exti-av.
1240 5590 1429 5626 comm.
1467 5575 1580 5627 Lib.
1623 5576 1714 5628 111.
1751 5576 1852 5628 Tit.
1891 5577 1956 5629 II.
1994 5592 2141 5642 capp.
2175 5576 2327 5628 3—4.

896 5651 952 5717 4)
989 5652 1189 5704 Ibidem
1228 5655 1340 5707 Lib.
1379 5656 1420 5707 I.
1454 5655 1555 5708 Tit.
1594 5657 1690 5708 III.
1725 5672 1838 5722 cap.
1871 5657 1922 5710 ⁴.
2254 5657 2311 5724 5)
2348 5658 2550 5711 Ibidem
2584 5661 2695 5714 Lib.
2733 5662 2826 5714 III.
2862 5661 2963 5714 Tit.
2999 5661 3065 5714 11.
3102 5677 3213 5728 cap.
3248 5660 3330 5714 13.
