4450 6684
1776 468 2179 535 Ganaomus
2221 461 2348 527 XI.
3462 455 3595 519 259

518 695 714 766 2194.
1242 695 1459 778 1374,
1508 690 1887 778 Septembris
1932 690 2060 771 12,
2107 709 2215 773 ap.
2266 686 2536 751 Pontem
2583 683 2866 767 Soryiae.

837 851 975 917 Pro
1025 850 1292 936 Symone
1339 851 1622 933 episcopo
1668 844 2087 909 Praenestino
2114 842 2169 926 1)
2214 840 2303 905 ad
2350 838 2583 904 tuenda
2628 835 2789 901 bona
2815 836 3136 918 juraque,
3184 832 3314 917 ipsi
3347 831 3595 894 ratione

740 959 1234 1045 praepositurae
1297 961 1356 1019 et
1416 952 1972 1017 archidiaconatus
2022 949 2306 1014 ecclesiae
2355 944 2832 1010 Daventriensis
2876 942 3318 1025 competentia,
3381 937 3596 1020 infra·

750 1067 976 1150 scripti
1020 1063 1108 1127 ad
1153 1062 1657 1148 quinquennium
1702 1058 2095 1142 deputantur
2140 1059 2623 1120 conservatores.

748 1246 1025 1312 Dilectis
1088 1244 1239 1308 filiis
1287 1240 1731 1327 TraJeotensis
1781 1245 1848 1305 et
1895 1238 2282 1305 Leodiensis
2331 1236 2597 1303 decanis
2645 1256 2719 1300 ae
2767 1232 3099 1320 preposito
3149 1231 3343 1295 beate
3389 1228 3600 1294 Mario

532 1352 891 1439 Brugensis
938 1348 1376 1415 Tornaoeneis
1426 1346 1703 1412 diocesis
1755 1346 2237 1429 (eeclesiarum)
2286 1344 2566 1409 salutem
2613 1349 2721 1406 etc.

751 1456 859 1523 Ad
893 1455 1254 1541 regendum
1286 1453 1694 1519 universalis.
1717 1504 1731 1518 .
1753 1499 1769 1515 .
1795 1500 1809 1514 .
1856 1451 2008 1516 Dat.
2047 1449 2221 1538 apud
2256 1447 2756 1533 Pontemsorgie
2786 1442 3256 1511 Avinionensis
3289 1439 3597 1523 diocesis,

533 1563 603 1628 H
648 1561 747 1627 Id.
798 1561 1240 1649 Septembris,
1290 1580 1462 1625 anno
1512 1562 1767 1645 quarto,

950 1696 1075 1758 1209.
1117 1696 1209 1744 Aa.
1252 1690 1313 1744 T.
1347 1693 1434 1755 22,
1463 1694 1527 1756 f.
1561 1691 1670 1741 520.

688 1839 747 1902 1)
782 1838 953 1890 Codex
991 1838 1176 1888 habet:
1214 1837 1520 1888 PenetrinO.

538 2334 734 2403 2195.
1392 2335 1601 2416 1374,
1656 2332 1938 2398 Octobris
1984 2335 2057 2414 1,
2107 2353 2211 2416 ap.
2278 2331 2763 2395 Villamnovam.

872 2492 1238 2556 Wenemaro
1294 2490 1582 2574 Tenyoye
1626 2495 1697 2552 in
1743 2487 1991 2551 artibus
2035 2488 2340 2571 mayistro
2380 2484 2725 2567 confirman
2735 2491 2842 2548 tur
2880 2487 3285 2548 canonicatus
3325 2490 3385 2547 et
3417 2502 3614 2567 prae-

772 2599 970 2663 benda
1031 2600 1316 2662 ecclesiae
1381 2596 1448 2660 S.
1513 2595 1837 2660 Johannis
1909 2594 2131 2676 Traj.,
2196 2614 2358 2678 quas
2411 2614 2533 2677 per
2594 2592 2826 2657 obitum
2888 2592 3154 2677 Riquini
3210 2590 3612 2676 Oppenoerde

779 2713 1067 2770 vacantes
1113 2707 1455 2789 acceptavit
1498 2707 1708 2788 viqore
1749 2705 2001 2787 qratiae
2034 2703 2485 2785 eoespectativae
2516 2721 2555 2764 a
2588 2700 2727 2764 sede
2758 2702 3105 2784 apostolica
3135 2702 3527 2784 impetratae.
3559 2700 3615 2785 1)

771 2884 1173 2950 Litterarum
1219 2883 1513 2949 seientia.
1545 2934 1557 2948 .
1589 2930 1604 2946 .
1634 2930 1649 2947 .
1720 2882 1875 2947 Dat.
1924 2880 2100 2968 apud
2148 2880 2634 2947 Villamnovam
2684 2888 2792 2944 etc.
2815 2930 2832 2962 ,
2890 2880 3000 2944 Kl.
3050 2879 3389 2963 Octobris,
3440 2900 3617 2948 anno

550 2994 800 3076 quarto·

962 3092 1088 3155 Bag.
1124 3093 1220 3141 Av.
1262 3088 1322 3142 T.
1359 3091 1449 3157 20,
1476 3093 1536 3157 s.
1573 3090 1713 3141 182³.

712 3238 765 3303 1)
803 3237 907 3291 Cir.
942 3251 1104 3302 supra
1140 3252 1288 3289 num.
1322 3236 1470 3289 1970.

550 3734 744 3802 2196.
1472 3736 1682 3817 1374,
1732 3733 2101 3799 Novembris
2147 3735 2271 3818 14,
2319 3735 2685 3799 Avenionis.

864 3887 1003 3952 Pro
1073 3887 1304 3952 decano
1374 3894 1432 3951 et
1503 3889 1781 3972 capitulo
1851 3889 2132 3972 capellae
2202 3887 2259 3953 b.
2332 3888 2590 3952 Mariae
2649 3890 2719 3951 in
2787 3885 3108 3972 „Hagha”
3181 3885 3361 3969 Traj.
3427 3888 3615 3952 dioec.

778 3994 1186 4079 infrascripti
1230 3993 1317 4057 ad
1365 3995 1707 4058 triennium
1751 3994 2144 4078 deputantur
2189 4002 2669 4059 conservatores.

778 4179 1054 4244 Dilectis
1100 4178 1251 4243 filiis
1299 4226 1315 4243 .
1343 4225 1359 4241 .
1409 4177 1887 4264 Egmondensis
1937 4185 2005 4244 et
2053 4227 2068 4243 .
2097 4227 2114 4243 .
2162 4180 2373 4244 sancti
2404 4179 2693 4245 Bavonis
2724 4179 2795 4243 in
2826 4177 3143 4244 Gandavo
3176 4179 3620 4264 Trajectensis

551 4289 620 4349 et
663 4284 1096 4349 Tornaoensis
1144 4283 1505 4349 diocesium
1553 4285 2096 4349 monasteriorum
2142 4285 2496 4350 abbatibus
2547 4305 2622 4348 ao
2671 4332 2731 4348 ..
2784 4283 3033 4349 decano
3073 4285 3350 4351 ecclesie
3388 4285 3624 4352 Game-

552 4391 835 4455 raeensis
883 4391 1163 4494 salutem
1208 4397 1318 4454 etc.

772 4497 1086 4562 Militanti
1149 4497 1442 4562 ecclesie.
1472 4544 1489 4561 .
1518 4544 1533 4561 .
1564 4545 1578 4560 .
1652 4496 1804 4561 Dat.
1856 4497 2221 4579 Avinione,
2280 4496 2524 4562 XVIII
2567 4496 2679 4562 ΚΙ.
2726 4496 3143 4581 Decembris,
3192 4498 3618 4584 pontificatus

549 4604 757 4668 nostri
801 4624 971 4668 anno
1017 4610 1271 4690 quarto.

979 4738 1392 4802 Aedoyraplmm,
1438 4738 1570 4800 quod
1602 4737 1661 4785 ob
1684 4736 1938 4801 pallorem
1973 4735 2250 4786 atramenti
2275 4736 2477 4800 partim
2513 4736 2611 4799 legi
2643 4736 2837 4799 nequit,
2881 4736 2936 4785 in
2969 4737 3171 4786 archivo
3207 4738 3385 4786 Status
3419 4738 3630 4801 Παραθ-

908 4819 1192 4880 Comitum,
1229 4837 1336 4871 cum
1368 4821 1539 4885 sigillo
1564 4820 1793 4885 plumbeo
1825 4820 2082 4869 chordulis
2114 4819 2414 4869 cannabinis
2448 4835 2696 4884 apponam
2733 4819 2893 4869 latere
2925 4820 3133 4870 sinistro
3166 4821 3499 4885 subscriptum
3530 4826 3632 4872 est.-

1064 4916 1120 4971 Χ

1064 4980 1121 5096 ξ(
1277 5020 1291 5068 ;
1336 5005 1393 5053 in
1425 5003 1573 5067 plica
1604 5000 1853 5068 inferiori
1884 5004 2061 5049 κειται
2097 5000 2174 5051 Jo.
2211 4999 2481 5063 Barilleti3
2519 5017 2555 5049 a
2587 5004 2752 5063 tergo:
2792 4999 3161 5052 Ghiselbertus
3198 5000 3343 5065 Boc,·
3365 5006 3414 5051 et
3442 5002 3630 5066 paullo

903 5100 961 5152 B.
1006 5100 1280 5166 Haynardi

901 5182 1085 5248 infra:
1121 5184 1185 5233 R.

972 5267 1096 5330 Ray.
1133 5267 1226 5317 Ao.
1274 5267 1328 5317 Τ.
1363 5265 1454 5329 22,
1477 5267 1531 5331 s.
1569 5266 1673 5316 55¹2.
