4450 6684
910 495 1043 562 122
2214 489 2549 557 Ulmanus
2592 489 2679 556 V.

1134 715 1428 803 Dignum
1476 715 1889 781 arbitramur.
1916 762 1931 778 .
1961 762 1977 778 .
2005 761 2022 777 .
2070 712 2227 778 Dat.
2275 711 2647 795 munione,
2695 710 2872 778 XIII
2910 711 3022 777 Kl.
3065 711 3486 796 Decembris,
3536 732 3712 778 anno
3745 712 3996 800 primo.

1331 850 1456 914 Ray.
1495 851 1594 899 40.
1636 846 1698 899 T.
1730 847 1787 912 5,
1810 850 1871 913 s.
1907 846 2045 899 seon

1064 981 1120 1046 1)
1153 980 1300 1047 Norg
1334 980 1391 1031 in
1425 979 1664 1033 Drentia.

906 1337 1101 1408 1708.
1843 1341 2053 1422 1362,
2102 1339 2474 1404 Novembris
2518 1341 2638 1423 22,
2684 1340 3050 1405 Avenionis.

1230 1493 1556 1558 Richardo
1620 1491 1715 1557 de‘
1761 1491 1889 1579 Oye
1948 1495 2243 1557 canonico
2292 1492 2725 1578 praebendato
2782 1493 3070 1557 ecclesiae
3116 1491 3184 1557 S.
3233 1493 3591 1558 Salvatoris
3644 1493 3865 1577 Traj.,
3919 1494 4000 1557 in

1151 1600 1420 1664 decretis
1471 1600 1815 1681 licentiato,
1863 1599 2362 1684 supplementum
2407 1603 2478 1663 in
2514 1598 2725 1663 eadem
2755 1600 3009 1664 ecclesia
3037 1605 3417 1663 reservatur.
3455 1636 3537 1647 —
3569 1598 4034 1686 Deputantur·

1135 1714 1503 1773 executores.

1140 1891 1544 1957 Litterarum
1590 1890 1886 1956 seientia.
1914 1937 1930 1953 .
1958 1935 1975 1953 .
2005 1938 2021 1953 .
2070 1888 2225 1954 Dat.
2273 1888 2643 1972 Aviuione,
2691 1889 2758 1954 X
2805 1888 2916 1955 m.
2963 1888 3384 1973 Decembris,
3434 1909 3607 1955 anno
3654 1889 3890 1977 primo.

1334 2027 1460 2090 Ray.
1493 2027 1595 2077 Ao.
1637 2027 1692 2075 T.
1727 2024 1785 2086 4,
1810 2026 1873 2089 s.
1907 2023 2047 2074 ⁴14¹.

918 2478 1112 2549 1709.
1766 2465 1771 2470 ’
1844 2477 2060 2560 1362,
2109 2476 2481 2542 Novembris
2527 2479 2651 2559 26,
2698 2478 3063 2542 Avenionis.

1244 2631 1521 2696 Trasoni
1574 2630 1923 2695 Ternorten
1969 2630 2192 2695 clerico
2233 2628 2414 2712 Traj.
2455 2629 2676 2713 dioec.,
2723 2632 2792 2696 in
2824 2631 3131 2695 medicina
3161 2630 3570 2697 baccalaurco
3601 2633 3760 2696 etin
3788 2630 3990 2696 medi-

1145 2741 1322 2804 cinae
1380 2738 1693 2820 facultate
1754 2744 1901 2802 actu
1968 2737 2228 2822 leyenti,
2293 2743 2652 2800 reservatur
2716 2737 3074 2820 beneficium
3118 2738 3565 2820 conferendum
3610 2759 3655 2803 a
3698 2739 3997 2824 capitulo

1151 2845 1207 2910 b.
1276 2844 1534 2909 Mariae
1610 2843 1793 2928 Traj.
1863 2851 1922 2908 et
1992 2864 2131 2907 cum
2191 2862 2349 2906 cura
2408 2844 2531 2925 25,
2591 2846 2726 2908 sine
2785 2865 2944 2909 cura
3003 2866 3146 2910 vero
3192 2846 3281 2910 18
3327 2865 3691 2910 marcarum
3735 2845 4000 2930 arqenti

1147 2952 1425 3017 valorem
1470 2971 1757 3015 annuum
1799 2971 1927 3015 non
1974 2949 2285 3014 excedens.
2337 2986 2420 2997 —
2469 2947 2885 3035 Deputantur
2930 2958 3300 3016 executores.

1150 3137 1558 3203 Litterarum
1605 3136 1903 3203 seientia.
1933 3184 1948 3199 .
1977 3184 1992 3200 .
2023 3184 2038 3199 .
2086 3135 2243 3200 Dat.
2292 3133 2657 3216 Avinioue‚
2705 3132 2805 3197 VI
2849 3131 2962 3197 Kl.
3009 3130 3393 3198 Decembris
3413 3180 3431 3216 ‚
3478 3151 3654 3198 anno
3702 3130 3941 3219 prime.

1346 3274 1607 3338 1209.,10.
1651 3273 1704 3322 r.
1739 3270 1795 3336 4,
1821 3273 1884 3336 s.
1917 3269 2056 3321 πων.

924 3714 1352 3784 1710—1711.
1859 3719 2074 3800 1362,
2123 3715 2506 3789 Novembris,
2538 3719 2657 3800 26,
2705 3716 3071 3782 Avenionis.

1241 3870 1327 3937 A.
1399 3871 1695 3936 Arnoldo
1759 3870 1835 3935 de
1902 3871 2157 3936 Colario
2219 3872 2440 3936 clerico
2510 3868 2692 3952 Traj.
2755 3870 2981 3952 dioec.,
3046 3872 3116 3934 in
3177 3868 3425 3934 artibus
3470 3871 3778 3954 maqistro
3823 3875 3883 3932 et
3935 3871 4006 3933 in

1147 3977 1488 4061 medicina,
1545 3978 1652 4059 „in
1701 3998 1833 4065 qua
1876 3978 1948 4042 in
1996 3976 2215 4043 studio
2261 3975 2859 4064 Montiepessulano
2906 3975 3394 4061 Magalonensis
3441 3973 3719 4040 diocesis
3741 4022 3759 4057 ,
3807 3979 4009 4062 prout

1151 4084 1389 4149 asseris
1407 4133 1425 4167 ,
1492 4090 1645 4150 aetu
1692 4084 1859 4170 legis
1884 4083 1946 4167 ‚”
2000 4084 2406 4148 baccalaureo
2424 4132 2441 4166 ,
2489 4089 2851 4147 reservatur
2894 4082 3099 4146 simile
3145 4081 3505 4164 beneficium
3552 4080 4007 4164 conferendum

1149 4209 1192 4253 a
1237 4191 1519 4275 capitulo
1568 4189 1636 4254 S.
1688 4189 2011 4254 Johannis
2066 4188 2248 4270 Traj.

1243 4296 1326 4361 B.
1399 4295 1647 4361 Simoni
1710 4296 1876 4361 dicto
1942 4293 2196 4380 Pinyhe
2256 4292 2333 4358 de
2394 4293 2731 4379 Beverwijc
2791 4294 3012 4359 clerico
3081 4292 3263 4377 Traj.
3326 4293 3517 4358 dioec.
3539 4341 3559 4377 ,
3630 4294 3701 4357 in
3761 4291 4012 4357 artibus

1154 4404 1461 4487 maqistro
1523 4409 1586 4466 et
1631 4401 1917 4467 Parisiis
1965 4408 2111 4466 actu
2160 4402 2401 4486 reyenti
2416 4449 2433 4479 ‚
2496 4407 2856 4464 reservatur
2900 4401 3103 4465 simile
3148 4399 3511 4482 beneficium
3557 4397 4011 4482 conferendum

1157 4506 1238 4571 ab
1283 4506 1502 4572 abbate
1548 4514 1607 4572 et
1652 4515 1957 4572 conventu
2004 4504 2562 4592 Eqmondensibus.
2609 4541 2692 4552 —
2734 4503 2873 4569 Pro
2903 4512 3172 4591 utroque
3200 4505 3597 4590 deputantur
3628 4510 4003 4569 executores.

1163 4691 1569 4756 Litterarum
1616 4692 1914 4756 seientia.
1943 4740 1958 4756 .
1989 4741 2003 4756 .
2032 4741 2046 4756 .
2097 4691 2252 4759 Dat.
2301 4691 2666 4774 Afiniana,
2713 4690 2814 4756 VI
2859 4691 2973 4757 Kl.
3020 4690 3443 4777 Decembris,
3492 4713 3666 4758 anno
3713 4692 3945 4780 primo.

1351 4826 1481 4889 περ.
1514 4826 1613 4877 Ao.
1659 4827 1713 4877 T.
1747 4826 1806 4890 5,
1833 4827 1893 4891 s.
1928 4823 2019 4877 49·
2052 4828 2184 4891 ees.
2220 4824 2336 4877 125.

933 5275 1380 5344 1712—1720.
1875 5280 2084 5361 1362,
2133 5278 2504 5344 Novembris
2547 5282 2665 5362 27,
2711 5281 3076 5345 Avenionis.

1251 5426 1337 5493 A..
1393 5426 1771 5494 Theoderico
1803 5428 1880 5493 de
1918 5427 2013 5514 Oy
2044 5427 2349 5516 maqistro
2379 5433 2448 5495 in
2479 5432 2723 5497 artibus
2752 5434 3082 5516 confertur
3113 5435 3520 5499 canonicatus
3551 5439 3612 5499 et
3643 5438 4007 5498 reservatur

1149 5536 1521 5621 praebenda
1566 5558 1707 5603 cum
1751 5538 2184 5623 supplemento
2230 5541 2301 5603 in
2344 5540 2600 5604 ecclesia
2639 5538 2708 5604 S.
2749 5540 2938 5606 Petri
2983 5541 3166 5625 Traj.
3209 5577 3292 5590 —
3331 5541 3749 5626 Deputantur
3794 5559 4006 5604 execu-

1162 5649 1356 5727 tores,
1405 5645 1573 5709 inter
1619 5665 1776 5731 quos
1821 5645 2035 5710 Borro
2080 5645 2157 5711 de
2204 5645 2601 5711 Brocchusen
2644 5667 2719 5711 ac
2763 5646 3087 5713 Henricus
3138 5647 3449 5713 Vuustinc
3493 5647 3778 5713 canonici
3818 5645 4001 5728 Trai.
