4450 6684
1728 547 2130 614 Gemonios
2175 546 2301 613 XI.
3419 551 3503 614 27
3510 550 3549 613 9

707 767 998 854 Dignum
1069 768 1485 834 arbitramur.
1518 818 1532 833 .
1562 818 1578 833 .
1608 817 1622 832 .
1696 767 1848 834 Dat.
1921 767 2097 854 apud
2165 768 2651 834 Villamnovam
2710 776 2819 832 etc.
2840 816 2858 851 ,
2921 768 2994 834 H
3051 768 3152 834 Id.
3215 768 3546 856 Augusti,

484 894 655 939 enno
701 874 952 961 quinto.

895 1008 1021 1072 Bag.
1054 1010 1153 1058 Ao.
1197 1009 1248 1058 T.
1286 1007 1376 1072 26,
1400 1011 1462 1073 s.
1496 1006 1635 1058 237v.

484 1504 686 1572 2236.
1287 1509 1497 1589 1375,
1546 1508 1926 1593 Septembris
1971 1508 2047 1589 2,
2097 1528 2202 1592 ap.
2267 1506 2751 1571 Villamnovam.

800 1663 1256 1748 Infrascriptis
1317 1663 1669 1727 mandatur
1687 1711 1705 1746 ,
1770 1670 1844 1725 ut
1910 1661 2200 1726 Goswino
2251 1660 2502 1724 Oremer
2536 1668 2847 1746 perpetuo
2895 1664 3130 1726 vicario
3177 1665 3450 1728 vicariae
3495 1664 3553 1730 b.

710 1769 965 1833 Mariae
1025 1772 1355 1834 institutae
1380 1774 1485 1833 -in
1536 1767 1905 1854 parochiali
1965 1768 2217 1832 ecclesia
2288 1766 2364 1831 de
2428 1767 2706 1852 Haqha,
2771 1767 3105 1833 dummodo
3156 1770 3276 1835 loci
3319 1770 3555 1836 idioma

718 1878 893 1961 loqui
946 1879 1138 1959 sciat,
1189 1877 1522 1958 conferant
1555 1883 1935 1961 perpetuam
1980 1876 2287 1938 vicariam
2335 1874 2389 1938 b.
2439 1874 2695 1938 Mariae
2716 1924 2732 1957 ,
2781 1877 2850 1939 in
2884 1875 3255 1960 parochiali
3298 1879 3549 1943 ecclesia

713 1980 1269 2067 Desyrevenzande
1306 1982 1357 2065 ¹)
1434 1980 1616 2064 Traj.
1687 1981 1877 2045 dioec.
1948 1981 2312 2044 institutam
2380 1986 2440 2043 et
2498 2000 2624 2065 per
2692 1980 2927 2045 obitum
2999 1980 3336 2047 Michaelis
3405 1983 3562 2048 dicti

715 2088 1568 2174 Elisabethenriciyoetmans
1616 2095 1954 2153 vacantem.

714 2269 990 2334 Dilectis
1039 2270 1189 2334 filiis
1238 2276 1462 2334 sancte
1509 2269 1716 2334 Marie
1766 2274 1833 2333 et
1880 2269 2087 2333 saneti
2136 2269 2180 2335 J
2185 2268 2461 2332 ohannis
2510 2269 3030 2354 Trajectensium
3082 2270 3430 2357 prepositis
3479 2292 3554 2336 ae

515 2376 915 2441 thesaurario
962 2376 1484 2462 osnaburgensis
1531 2375 1952 2441 ecelesiarum
1998 2375 2277 2439 salutem
2325 2383 2435 2439 etc.

716 2482 1108 2548 Laudabilia
1140 2483 1509 2569 probitatis.
1531 2530 1546 2546 .
1570 2531 1585 2547 .
1610 2531 1624 2545 .
1673 2481 1826 2547 Dat.
1861 2480 2033 2567 apud
2062 2480 2545 2546 Villamnovam
2578 2489 2719 2564 etc„
2756 2481 2895 2546 1111
2920 2482 3091 2546 Non.
3122 2481 3557 2570 Septembris,

496 2590 921 2676 pontificatus
969 2590 1173 2655 nostri
1221 2610 1395 2655 anno
1444 2590 1697 2675 quinto·

920 2727 1039 2789 Ray.
1074 2728 1168 2778 Aa.
1214 2729 1269 2776 T.
1302 2725 1392 2788 97,
1419 2727 1481 2789 s.
1515 2726 1654 2777 546⁶.

649 2866 708 2932 1)
742 2867 783 2918 ‘s
799 2865 1130 2919 Gravesande
1165 2882 1332 2934 pagus
1368 2882 1529 2932 prope
1565 2867 2041 2933 Bagam-Comitis.

494 3364 690 3432 2237.
1226 3368 1436 3448 1375,
1487 3365 1865 3450 Septembris
1911 3367 2030 3446 12,
2078 3386 2184 3450 ap.
2233 3364 2503 3430 Pontem
2549 3365 2832 3451 Sorqiae.

813 3519 1084 3585 Roberto
1130 3520 1346 3584 abbati
1388 3522 1758 3584 monasterii
1786 3518 2126 3583 Bernensis
2159 3519 2596 3583 Praemonstr.
2635 3519 2877 3584 ordinis
2917 3519 3097 3603 Traj.
3132 3520 3319 3585 dioec.
3353 3520 3566 3584 indul-

714 3633 934 3712 ρεῖαν,
1000 3627 1171 3712 quod
1229 3648 1270 3690 a
1332 3646 1720 3711 quocumque
1782 3625 2083 3688 maluerit
2147 3624 2469 3690 Catholico
2530 3627 2812 3689 antistite
2854 3646 3084 3689 munus
3131 3625 3565 3691 benedictionis

715 3733 987 3816 recipere
1029 3732 1257 3796 valeat.

726 3911 893 3976 Cum
942 3932 1063 3977 nos
1110 3913 1385 3999 pridem.
1413 3960 1428 3976 .
1459 3962 1473 3977 .
1503 3961 1518 3977 .
1567 3912 1721 3978 Dat.
1764 3912 1939 4001 apud
1970 3912 2470 3997 Pontemsorgie
2504 3913 2972 3978 Avinionensis
3003 3912 3310 3995 diocesis,
3357 3914 3429 3978 Π
3460 3914 3560 3980 Id.

506 4015 936 4102 Septembris,
985 4040 1156 4084 anno
1204 4020 1454 4105 quinto.

910 4153 1035 4216 Ray.
1069 4155 1169 4204 Αυ.
1213 4157 1267 4203 Τ.
1304 4153 1391 4218 23,
1419 4157 1479 4219 s.
1514 4154 1652 4205 314v.

488 4646 687 4719 2238.
1203 4657 1410 4736 1375,
1460 4653 1837 4737 Septembris
1883 4657 2006 4736 25,
2054 4675 2159 4738 ap.
2212 4652 2483 4718 Pontem
2529 4652 2833 4737 Sorqiae..

816 4805 1093 4870 Henrico
1139 4806 1325 4870 electo
1384 4805 1816 4890 Wiqorniensi
1846 4807 1896 4889 ¹)
1941 4807 2316 4891 mandatur,
2367 4814 2440 4871 ut
2479 4809 2749 4892 resiynet
2778 4805 3363 4871 archidiaconatum
3397 4804 3561 4870 Oan-

725 4914 1134 4995 tuariensem,
1183 4915 1416 4999 quippe
1461 4933 1585 4997 quo
1633 4913 1965 4977 Adamaro
2010 4914 2086 4977 de
2119 4913 2349 5000 Ruppe
2376 4916 2746 4999 praeposito
2785 4914 3070 4978 ecclesiae
3101 4913 3168 4977 S.
3203 4912 3558 4979 Salvatoris

733 5016 913 5101 Traj.
937 5067 954 5100 ,
1001 5021 1214 5103 nepoti
1257 5018 1496 5084 domini
1541 5017 1799 5103 Papae,
1838 5020 2170 5104 provideri
2211 5021 2435 5102 faciat.

726 5198 891 5263 Cum
954 5221 1163 5287 nuper
1228 5199 1536 5265 dilecto..
1565 5247 1581 5264 .
1612 5248 1627 5264 .
1698 5199 1851 5265 Dat.
1915 5201 2088 5288 apud
2149 5201 2650 5287 Pontemsorgie
2715 5200 3181 5265 Avinionensis
3242 5198 3553 5283 diocesis,

498 5303 637 5369 VH
679 5304 790 5369 Kl.
839 5304 1179 5390 Octobris,
1227 5327 1399 5371 anno
1449 5308 1701 5392 quinto.

911 5439 1034 5503 Rea.
1070 5441 1167 5489 Αυ.
1213 5442 1266 5490 Τ.
1292 5441 1353 5503 s.
1386 5439 1503 5491 271.

644 5581 701 5647 1)
736 5582 1049 5634 worcester.
