<?xml version="1.0" encoding="UTF-8"?>
<!DOCTYPE html PUBLIC "-//W3C//DTD XHTML 1.0 Transitional//EN"
    "http://www.w3.org/TR/xhtml1/DTD/xhtml1-transitional.dtd">
<html xmlns="http://www.w3.org/1999/xhtml" xml:lang="en" lang="en">
 <head>
  <title>
</title>
<meta http-equiv="Content-Type" content="text/html;charset=utf-8" />
  <meta name='ocr-system' content='tesseract 3.04.00' />
  <meta name='ocr-capabilities' content='ocr_page ocr_carea ocr_par ocr_line ocrx_word'/>
</head>
<body>
  <div class='ocr_page' id='page_1' title='image "./bullariumtrajec00nethgoog/bullariumtrajec00nethgoog_0089.png"; bbox 0 0 4450 6684; ppageno 0'>
   <div class='ocr_carea' id='block_1_1' title="bbox 1974 479 3750 546">
    <p class='ocr_par' dir='ltr' id='par_1_1' title="bbox 1974 479 3750 546">
     <span class='ocr_line' id='line_1_1' title="bbox 1974 479 3750 546; baseline 0 -4"><span class='ocrx_word' id='word_1_1' title='bbox 1974 479 2442 545; x_wconf 67' lang='lat' dir='ltr'><strong>Iu&#39;rnonuc‘rlo</strong></span> <span class='ocrx_word' id='word_1_2' title='bbox 3526 494 3750 546; x_wconf 69' lang='lat' dir='ltr'><strong>anx</strong></span> 
     </span>
    </p>
   </div>
   <div class='ocr_carea' id='block_1_2' title="bbox 690 692 3760 4833">
    <p class='ocr_par' dir='ltr' id='par_1_2' title="bbox 690 692 3750 1300">
     <span class='ocr_line' id='line_1_2' title="bbox 690 692 3742 782; baseline 0.001 -23"><span class='ocrx_word' id='word_1_3' title='bbox 690 694 785 761; x_wconf 76' lang='lat' dir='ltr'><strong>de</strong></span> <span class='ocrx_word' id='word_1_4' title='bbox 845 694 980 761; x_wconf 85' lang='lat' dir='ltr'><strong>Are</strong></span> <span class='ocrx_word' id='word_1_5' title='bbox 1041 693 1111 758; x_wconf 92' lang='lat' dir='ltr'><strong>in</strong></span> <span class='ocrx_word' id='word_1_6' title='bbox 1174 698 1422 758; x_wconf 89' lang='lat' dir='ltr'><strong>statuto</strong></span> <span class='ocrx_word' id='word_1_7' title='bbox 1487 692 1784 778; x_wconf 78' lang='lat' dir='ltr'><strong>synodali</strong></span> <span class='ocrx_word' id='word_1_8' title='bbox 1832 694 2073 760; x_wconf 89' lang='lat' dir='ltr'><strong>diserte</strong></span> <span class='ocrx_word' id='word_1_9' title='bbox 2120 693 2364 761; x_wconf 82' lang='lat' dir='ltr'>edixit:</span> <span class='ocrx_word' id='word_1_10' title='bbox 2415 696 2667 782; x_wconf 80' lang='lat' dir='ltr'><strong>siquam</strong></span> <span class='ocrx_word' id='word_1_11' title='bbox 2717 694 3058 759; x_wconf 90' lang='lat' dir='ltr'><strong>ecclesiam</strong></span> <span class='ocrx_word' id='word_1_12' title='bbox 3106 695 3232 759; x_wconf 90' lang='lat' dir='ltr'><strong>sibi</strong></span> <span class='ocrx_word' id='word_1_13' title='bbox 3279 693 3610 761; x_wconf 90' lang='lat' dir='ltr'><strong>subditam</strong></span> <span class='ocrx_word' id='word_1_14' title='bbox 3659 696 3742 762; x_wconf 92' lang='lat' dir='ltr'><strong>ab</strong></span> 
     </span>
     <span class='ocr_line' id='line_1_3' title="bbox 704 796 3750 887; baseline 0 -23"><span class='ocrx_word' id='word_1_15' title='bbox 704 799 1007 886; x_wconf 92' lang='lat' dir='ltr'><strong>episcopo</strong></span> <span class='ocrx_word' id='word_1_16' title='bbox 1054 796 1161 862; x_wconf 84' lang='lat' dir='ltr'><strong>vel</strong></span> <span class='ocrx_word' id='word_1_17' title='bbox 1208 798 1349 881; x_wconf 87' lang='lat' dir='ltr'><strong>ejus</strong></span> <span class='ocrx_word' id='word_1_18' title='bbox 1389 796 1749 882; x_wconf 70' lang='lat' dir='ltr'><strong>justitiario</strong></span> <span class='ocrx_word' id='word_1_19' title='bbox 1795 798 2036 883; x_wconf 91' lang='lat' dir='ltr'><strong>injuria</strong></span> <span class='ocrx_word' id='word_1_20' title='bbox 2082 798 2249 862; x_wconf 90' lang='lat' dir='ltr'><strong>affici</strong></span> <span class='ocrx_word' id='word_1_21' title='bbox 2297 799 2671 883; x_wconf 88' lang='lat' dir='ltr'><strong>contingat,</strong></span> <span class='ocrx_word' id='word_1_22' title='bbox 2729 798 3044 878; x_wconf 90' lang='lat' dir='ltr'><strong>„ecclesia</strong></span> <span class='ocrx_word' id='word_1_23' title='bbox 3086 798 3269 863; x_wconf 89' lang='lat' dir='ltr'><strong>laesa</strong></span> <span class='ocrx_word' id='word_1_24' title='bbox 3314 819 3530 863; x_wconf 89' lang='lat' dir='ltr'><strong>coram</strong></span> <span class='ocrx_word' id='word_1_25' title='bbox 3563 799 3750 887; x_wconf 90' lang='lat' dir='ltr'><strong>Papa</strong></span> 
     </span>
     <span class='ocr_line' id='line_1_4' title="bbox 701 898 3748 988; baseline 0 -21"><span class='ocrx_word' id='word_1_26' title='bbox 701 903 807 967; x_wconf 84' lang='lat' dir='ltr'><strong>vel</strong></span> <span class='ocrx_word' id='word_1_27' title='bbox 868 900 1355 987; x_wconf 78' lang='lat' dir='ltr'><strong>archiepiscopo</strong></span> <span class='ocrx_word' id='word_1_28' title='bbox 1415 922 1599 965; x_wconf 89' lang='lat' dir='ltr'><strong>suam</strong></span> <span class='ocrx_word' id='word_1_29' title='bbox 1647 901 1951 986; x_wconf 90' lang='lat' dir='ltr'><strong>injuriam</strong></span> <span class='ocrx_word' id='word_1_30' title='bbox 1999 900 2498 988; x_wconf 87' lang='lat' dir='ltr'><strong>prosequetur”.</strong></span> <span class='ocrx_word' id='word_1_31' title='bbox 2525 902 2578 985; x_wconf 89' lang='lat'><strong>1)</strong></span> <span class='ocrx_word' id='word_1_32' title='bbox 2671 900 3018 966; x_wconf 86' lang='lat' dir='ltr'><strong>Canonicis</strong></span> <span class='ocrx_word' id='word_1_33' title='bbox 3064 898 3600 987; x_wconf 81' lang='lat' dir='ltr'><strong>Trajectensibus</strong></span> <span class='ocrx_word' id='word_1_34' title='bbox 3645 902 3748 968; x_wconf 84' lang='lat' dir='ltr'><strong>fas</strong></span> 
     </span>
     <span class='ocr_line' id='line_1_5' title="bbox 702 1004 3748 1092; baseline -0 -20"><span class='ocrx_word' id='word_1_35' title='bbox 702 1012 844 1072; x_wconf 88' lang='lat' dir='ltr'><strong>erat</strong></span> <span class='ocrx_word' id='word_1_36' title='bbox 909 1025 951 1069; x_wconf 88' lang='lat' dir='ltr'><strong>a</strong></span> <span class='ocrx_word' id='word_1_37' title='bbox 1020 1004 1351 1070; x_wconf 90' lang='lat' dir='ltr'><strong>sententia</strong></span> <span class='ocrx_word' id='word_1_38' title='bbox 1418 1005 1695 1090; x_wconf 88' lang='lat' dir='ltr'><strong>capituli</strong></span> <span class='ocrx_word' id='word_1_39' title='bbox 1757 1005 1863 1069; x_wconf 80' lang='lat' dir='ltr'><strong>vel</strong></span> <span class='ocrx_word' id='word_1_40' title='bbox 1923 1005 2256 1091; x_wconf 87' lang='lat' dir='ltr'><strong>appellare</strong></span> <span class='ocrx_word' id='word_1_41' title='bbox 2324 1004 2445 1086; x_wconf 85' lang='lat' dir='ltr'><strong>„ad</strong></span> <span class='ocrx_word' id='word_1_42' title='bbox 2506 1004 2959 1069; x_wconf 90' lang='lat' dir='ltr'><strong>immediatum</strong></span> <span class='ocrx_word' id='word_1_43' title='bbox 3006 1007 3446 1092; x_wconf 89' lang='lat' dir='ltr'><strong>superiorem,</strong></span> <span class='ocrx_word' id='word_1_44' title='bbox 3496 1007 3748 1073; x_wconf 90' lang='lat' dir='ltr'><strong>scilicet</strong></span> 
     </span>
     <span class='ocr_line' id='line_1_6' title="bbox 704 1096 3748 1196; baseline 0 -21"><span class='ocrx_word' id='word_1_45' title='bbox 704 1107 1154 1196; x_wconf 86' lang='lat' dir='ltr'><strong>episcopum‚”</strong></span> <span class='ocrx_word' id='word_1_46' title='bbox 1202 1096 1313 1172; x_wconf 59' lang='lat' dir='ltr'><strong>vel‘</strong></span> <span class='ocrx_word' id='word_1_47' title='bbox 1356 1107 1556 1172; x_wconf 90' lang='lat' dir='ltr'><strong>etiam</strong></span> <span class='ocrx_word' id='word_1_48' title='bbox 1609 1108 1950 1189; x_wconf 85' lang='lat' dir='ltr'><strong>„omittere</strong></span> <span class='ocrx_word' id='word_1_49' title='bbox 1997 1109 2378 1195; x_wconf 91' lang='lat' dir='ltr'><strong>episcopum</strong></span> <span class='ocrx_word' id='word_1_50' title='bbox 2425 1114 2494 1173; x_wconf 89' lang='lat' dir='ltr'><strong>et</strong></span> <span class='ocrx_word' id='word_1_51' title='bbox 2540 1109 2870 1195; x_wconf 89' lang='lat' dir='ltr'><strong>appellare</strong></span> <span class='ocrx_word' id='word_1_52' title='bbox 2919 1108 3001 1173; x_wconf 89' lang='lat' dir='ltr'><strong>ad</strong></span> <span class='ocrx_word' id='word_1_53' title='bbox 3049 1109 3376 1195; x_wconf 89' lang='lat' dir='ltr'><strong>Papam,’&#39;</strong></span> <span class='ocrx_word' id='word_1_54' title='bbox 3424 1110 3540 1175; x_wconf 87' lang='lat' dir='ltr'><strong>sed</strong></span> <span class='ocrx_word' id='word_1_55' title='bbox 3592 1116 3748 1176; x_wconf 91' lang='lat' dir='ltr'><strong>tunc</strong></span> 
     </span>
     <span class='ocr_line' id='line_1_7' title="bbox 696 1212 2881 1300; baseline -0 -22"><span class='ocrx_word' id='word_1_56' title='bbox 696 1212 1050 1300; x_wconf 82' lang='lat' dir='ltr'><strong>oportebat</strong></span> <span class='ocrx_word' id='word_1_57' title='bbox 1102 1212 1209 1293; x_wconf 86' lang='lat' dir='ltr'><strong>„in</strong></span> <span class='ocrx_word' id='word_1_58' title='bbox 1256 1212 1513 1297; x_wconf 91' lang='lat' dir='ltr'><strong>scriptis</strong></span> <span class='ocrx_word' id='word_1_59' title='bbox 1561 1212 1889 1298; x_wconf 87' lang='lat' dir='ltr'><strong>appellare</strong></span> <span class='ocrx_word' id='word_1_60' title='bbox 1937 1217 2006 1276; x_wconf 91' lang='lat' dir='ltr'><strong>et</strong></span> <span class='ocrx_word' id='word_1_61' title='bbox 2052 1233 2315 1278; x_wconf 90' lang='lat' dir='ltr'><strong>causam</strong></span> <span class='ocrx_word' id='word_1_62' title='bbox 2364 1212 2798 1298; x_wconf 78' lang='lat' dir='ltr'><strong>exprimere.&#39;&#39;</strong></span> <span class='ocrx_word' id='word_1_63' title='bbox 2825 1214 2881 1297; x_wconf 70' lang='grc'><strong>2)</strong></span> 
     </span>
    </p>

    <p class='ocr_par' dir='ltr' id='par_1_3' title="bbox 696 1314 3752 2441">
     <span class='ocr_line' id='line_1_8' title="bbox 928 1314 3749 1405; baseline 0 -25"><span class='ocrx_word' id='word_1_64' title='bbox 928 1315 1130 1380; x_wconf 89' lang='lat' dir='ltr'><strong>Hisce</strong></span> <span class='ocrx_word' id='word_1_65' title='bbox 1200 1314 1282 1380; x_wconf 94' lang='lat' dir='ltr'><strong>de</strong></span> <span class='ocrx_word' id='word_1_66' title='bbox 1343 1317 1495 1400; x_wconf 87' lang='lat' dir='ltr'><strong>jure</strong></span> <span class='ocrx_word' id='word_1_67' title='bbox 1565 1315 1939 1401; x_wconf 89' lang='lat' dir='ltr'><strong>appellandi</strong></span> <span class='ocrx_word' id='word_1_68' title='bbox 2008 1317 2412 1402; x_wconf 88' lang='lat' dir='ltr'><strong>praenotatis</strong></span> <span class='ocrx_word' id='word_1_69' title='bbox 2475 1315 2646 1405; x_wconf 85' lang='lat' dir='ltr'><strong>facta</strong></span> <span class='ocrx_word' id='word_1_70' title='bbox 2707 1316 2998 1381; x_wconf 78' lang='lat' dir='ltr'><strong>breviter</strong></span> <span class='ocrx_word' id='word_1_71' title='bbox 3046 1316 3466 1401; x_wconf 89' lang='lat' dir='ltr'><strong>attingamus.</strong></span> <span class='ocrx_word' id='word_1_72' title='bbox 3562 1317 3749 1382; x_wconf 88' lang='lat' dir='ltr'><strong>Inter</strong></span> 
     </span>
     <span class='ocr_line' id='line_1_9' title="bbox 703 1418 3746 1506; baseline 0 -21"><span class='ocrx_word' id='word_1_73' title='bbox 703 1419 1043 1506; x_wconf 90' lang='lat' dir='ltr'><strong>episcopos</strong></span> <span class='ocrx_word' id='word_1_74' title='bbox 1105 1419 1562 1503; x_wconf 88' lang='lat' dir='ltr'><strong>Trajectenses</strong></span> <span class='ocrx_word' id='word_1_75' title='bbox 1626 1418 1863 1484; x_wconf 84' lang='lat' dir='ltr'><strong>Sedem</strong></span> <span class='ocrx_word' id='word_1_76' title='bbox 1909 1419 2358 1505; x_wconf 86' lang='lat' dir='ltr'><strong>Apostolicam</strong></span> <span class='ocrx_word' id='word_1_77' title='bbox 2407 1420 2770 1505; x_wconf 78' lang='lat' dir='ltr'><strong>appellasse</strong></span> <span class='ocrx_word' id='word_1_78' title='bbox 2819 1425 3213 1484; x_wconf 87' lang='lat' dir='ltr'><strong>noscuntur:</strong></span> <span class='ocrx_word' id='word_1_79' title='bbox 3266 1419 3332 1485; x_wconf 81' lang='lat' dir='ltr'><strong>S.</strong></span> <span class='ocrx_word' id='word_1_80' title='bbox 3382 1419 3746 1486; x_wconf 90' lang='lat' dir='ltr'><strong>Radbodus</strong></span> 
     </span>
     <span class='ocr_line' id='line_1_10' title="bbox 704 1521 3748 1611; baseline 0.001 -24"><span class='ocrx_word' id='word_1_81' title='bbox 704 1521 1016 1588; x_wconf 86' lang='lat' dir='ltr'><strong>adversus</strong></span> <span class='ocrx_word' id='word_1_82' title='bbox 1079 1522 1634 1608; x_wconf 82' lang='lat' dir='ltr'><strong>Meguntbardum</strong></span> <span class='ocrx_word' id='word_1_83' title='bbox 1697 1524 2001 1588; x_wconf 89' lang='lat' dir='ltr'><strong>comitem</strong></span> <span class='ocrx_word' id='word_1_84' title='bbox 2067 1522 2576 1606; x_wconf 81' lang='lat' dir='ltr'><strong>Flandrensem3</strong></span> <span class='ocrx_word' id='word_1_85' title='bbox 2626 1522 2784 1588; x_wconf 90' lang='lat' dir='ltr'><strong>Otto</strong></span> <span class='ocrx_word' id='word_1_86' title='bbox 2833 1523 2904 1587; x_wconf 90' lang='lat' dir='ltr'><strong>II</strong></span> <span class='ocrx_word' id='word_1_87' title='bbox 2951 1523 3200 1588; x_wconf 89' lang='lat' dir='ltr'><strong>electus</strong></span> <span class='ocrx_word' id='word_1_88' title='bbox 3247 1544 3394 1588; x_wconf 93' lang='lat' dir='ltr'><strong>cum</strong></span> <span class='ocrx_word' id='word_1_89' title='bbox 3442 1526 3748 1611; x_wconf 90' lang='lat' dir='ltr'><strong>episcopo</strong></span> 
     </span>
     <span class='ocr_line' id='line_1_11' title="bbox 696 1624 3752 1714; baseline 0.001 -23"><span class='ocrx_word' id='word_1_90' title='bbox 696 1627 1106 1691; x_wconf 69' lang='lat' dir='ltr'><strong>*fornacensi</strong></span> <span class='ocrx_word' id='word_1_91' title='bbox 1168 1626 1251 1691; x_wconf 90' lang='lat' dir='ltr'><strong>de</strong></span> <span class='ocrx_word' id='word_1_92' title='bbox 1312 1626 1630 1690; x_wconf 89' lang='lat' dir='ltr'><strong>limitibus</strong></span> <span class='ocrx_word' id='word_1_93' title='bbox 1693 1624 2087 1691; x_wconf 79' lang='lat' dir='ltr'><strong>dioecesium</strong></span> <span class='ocrx_word' id='word_1_94' title='bbox 2151 1628 2539 1710; x_wconf 88' lang='lat' dir='ltr'><strong>altercatus;</strong></span> <span class='ocrx_word' id='word_1_95' title='bbox 2603 1626 2942 1693; x_wconf 90' lang='lat' dir='ltr'><strong>Johannes</strong></span> <span class='ocrx_word' id='word_1_96' title='bbox 3003 1626 3084 1692; x_wconf 91' lang='lat' dir='ltr'><strong>de</strong></span> <span class='ocrx_word' id='word_1_97' title='bbox 3147 1627 3369 1711; x_wconf 90' lang='lat' dir='ltr'><strong>Diest,</strong></span> <span class='ocrx_word' id='word_1_98' title='bbox 3433 1650 3634 1714; x_wconf 91' lang='lat' dir='ltr'><strong>quum</strong></span> <span class='ocrx_word' id='word_1_99' title='bbox 3682 1628 3752 1692; x_wconf 84' lang='lat' dir='ltr'><strong>a⁰</strong></span> 
     </span>
     <span class='ocr_line' id='line_1_12' title="bbox 710 1728 3752 1818; baseline 0.001 -25"><span class='ocrx_word' id='word_1_100' title='bbox 710 1732 880 1794; x_wconf 82' lang='lat'>1332</span> <span class='ocrx_word' id='word_1_101' title='bbox 951 1728 1421 1795; x_wconf 85' lang='lat' dir='ltr'><strong>Ghernandum</strong></span> <span class='ocrx_word' id='word_1_102' title='bbox 1492 1730 1798 1795; x_wconf 90' lang='lat' dir='ltr'><strong>abbatem</strong></span> <span class='ocrx_word' id='word_1_103' title='bbox 1868 1730 1934 1795; x_wconf 76' lang='lat' dir='ltr'><strong>S.</strong></span> <span class='ocrx_word' id='word_1_104' title='bbox 1999 1730 2192 1795; x_wconf 90' lang='lat' dir='ltr'><strong>Pauli</strong></span> <span class='ocrx_word' id='word_1_105' title='bbox 2254 1731 2570 1816; x_wconf 89' lang='lat' dir='ltr'><strong>regimine</strong></span> <span class='ocrx_word' id='word_1_106' title='bbox 2634 1728 3041 1796; x_wconf 89' lang='lat' dir='ltr'><strong>destituisset</strong></span> <span class='ocrx_word' id='word_1_107' title='bbox 3098 1730 3380 1818; x_wconf 90' lang='lat' dir='ltr'><strong>ideoque</strong></span> <span class='ocrx_word' id='word_1_108' title='bbox 3446 1733 3516 1796; x_wconf 89' lang='lat' dir='ltr'><strong>in</strong></span> <span class='ocrx_word' id='word_1_109' title='bbox 3574 1733 3752 1797; x_wconf 89' lang='lat' dir='ltr'><strong>curia</strong></span> 
     </span>
     <span class='ocr_line' id='line_1_13' title="bbox 703 1832 3752 1922; baseline -0 -23"><span class='ocrx_word' id='word_1_110' title='bbox 703 1832 1080 1899; x_wconf 83' lang='lat' dir='ltr'><strong>Coloniensi</strong></span> <span class='ocrx_word' id='word_1_111' title='bbox 1136 1833 1476 1899; x_wconf 86' lang='lat' dir='ltr'><strong>adversam</strong></span> <span class='ocrx_word' id='word_1_112' title='bbox 1522 1834 1905 1899; x_wconf 85' lang='lat' dir='ltr'><strong>incurrisset</strong></span> <span class='ocrx_word' id='word_1_113' title='bbox 1950 1834 2346 1910; x_wconf 85' lang='lat' dir='ltr'><strong>sententiam</strong></span> <span class='ocrx_word' id='word_1_114' title='bbox 2394 1834 2667 1918; x_wconf 91' lang='lat' dir='ltr'><strong>(numm.</strong></span> <span class='ocrx_word' id='word_1_115' title='bbox 2719 1835 2800 1916; x_wconf 89' lang='lat'><strong>5,</strong></span> <span class='ocrx_word' id='word_1_116' title='bbox 2854 1836 3016 1917; x_wconf 92' lang='grc'><strong>157,</strong></span> <span class='ocrx_word' id='word_1_117' title='bbox 3067 1836 3249 1918; x_wconf 89' lang='grc'>881).</span> <span class='ocrx_word' id='word_1_118' title='bbox 3342 1835 3529 1900; x_wconf 89' lang='lat' dir='ltr'><strong>Inter</strong></span> <span class='ocrx_word' id='word_1_119' title='bbox 3572 1836 3752 1922; x_wconf 86' lang='lat' dir='ltr'><strong>prin-</strong></span> 
     </span>
     <span class='ocr_line' id='line_1_14' title="bbox 705 1936 3749 2023; baseline 0 -22"><span class='ocrx_word' id='word_1_120' title='bbox 705 1936 881 2023; x_wconf 89' lang='lat' dir='ltr'><strong>cipes</strong></span> <span class='ocrx_word' id='word_1_121' title='bbox 928 1943 1185 2002; x_wconf 91' lang='lat' dir='ltr'><strong>nostros</strong></span> <span class='ocrx_word' id='word_1_122' title='bbox 1232 1937 1628 2002; x_wconf 90' lang='lat' dir='ltr'><strong>Wilhelmus</strong></span> <span class='ocrx_word' id='word_1_123' title='bbox 1675 1958 1892 2003; x_wconf 92' lang='lat' dir='ltr'><strong>comes</strong></span> <span class='ocrx_word' id='word_1_124' title='bbox 1937 1939 1972 2003; x_wconf 94' lang='lat' dir='ltr'>I</span> <span class='ocrx_word' id='word_1_125' title='bbox 2018 1937 2415 2003; x_wconf 88' lang='lat' dir='ltr'><strong>Hollandiae</strong></span> <span class='ocrx_word' id='word_1_126' title='bbox 2461 1938 2531 2001; x_wconf 92' lang='lat' dir='ltr'><strong>in</strong></span> <span class='ocrx_word' id='word_1_127' title='bbox 2580 1936 2889 2002; x_wconf 86' lang='lat' dir='ltr'><strong>diuturna</strong></span> <span class='ocrx_word' id='word_1_128' title='bbox 2935 1959 3082 2003; x_wconf 90' lang='lat' dir='ltr'><strong>cum</strong></span> <span class='ocrx_word' id='word_1_129' title='bbox 3129 1938 3466 2003; x_wconf 87' lang='lat' dir='ltr'><strong>Ludovico</strong></span> <span class='ocrx_word' id='word_1_130' title='bbox 3500 1938 3582 2004; x_wconf 91' lang='lat' dir='ltr'><strong>de</strong></span> <span class='ocrx_word' id='word_1_131' title='bbox 3616 1940 3749 2004; x_wconf 89' lang='lat' dir='ltr'><strong>Los</strong></span> 
     </span>
     <span class='ocr_line' id='line_1_15' title="bbox 706 2040 3749 2128; baseline 0.001 -24"><span class='ocrx_word' id='word_1_132' title='bbox 706 2040 1143 2106; x_wconf 88' lang='lat' dir='ltr'><strong>aemulatione</strong></span> <span class='ocrx_word' id='word_1_133' title='bbox 1205 2062 1245 2105; x_wconf 89' lang='lat' dir='ltr'><strong>a</strong></span> <span class='ocrx_word' id='word_1_134' title='bbox 1308 2041 1640 2106; x_wconf 90' lang='lat' dir='ltr'><strong>sententia</strong></span> <span class='ocrx_word' id='word_1_135' title='bbox 1700 2042 2169 2128; x_wconf 89' lang='lat' dir='ltr'><strong>archiepiscopi</strong></span> <span class='ocrx_word' id='word_1_136' title='bbox 2233 2042 2675 2124; x_wconf 86' lang='lat' dir='ltr'><strong>Trevirensis,</strong></span> <span class='ocrx_word' id='word_1_137' title='bbox 2700 2042 2755 2126; x_wconf 83' lang='grc'><strong>3)</strong></span> <span class='ocrx_word' id='word_1_138' title='bbox 2813 2041 3188 2106; x_wconf 82' lang='lat' dir='ltr'><strong>Florentius</strong></span> <span class='ocrx_word' id='word_1_139' title='bbox 3237 2042 3301 2107; x_wconf 92' lang='lat' dir='ltr'><strong>V</strong></span> <span class='ocrx_word' id='word_1_140' title='bbox 3347 2063 3564 2108; x_wconf 93' lang='lat' dir='ltr'><strong>comes</strong></span> <span class='ocrx_word' id='word_1_141' title='bbox 3613 2048 3749 2107; x_wconf 90' lang='lat' dir='ltr'><strong>tam</strong></span> 
     </span>
     <span class='ocr_line' id='line_1_16' title="bbox 703 2144 3747 2232; baseline 0.001 -23"><span class='ocrx_word' id='word_1_142' title='bbox 703 2165 820 2231; x_wconf 88' lang='lat' dir='ltr'><strong>pro</strong></span> <span class='ocrx_word' id='word_1_143' title='bbox 892 2166 961 2210; x_wconf 90' lang='lat' dir='ltr'><strong>se</strong></span> <span class='ocrx_word' id='word_1_144' title='bbox 1030 2166 1225 2232; x_wconf 89' lang='lat' dir='ltr'><strong>quam</strong></span> <span class='ocrx_word' id='word_1_145' title='bbox 1300 2167 1416 2231; x_wconf 91' lang='lat' dir='ltr'><strong>pro</strong></span> <span class='ocrx_word' id='word_1_146' title='bbox 1487 2144 1790 2210; x_wconf 86' lang='lat' dir='ltr'><strong>Johanne</strong></span> <span class='ocrx_word' id='word_1_147' title='bbox 1853 2145 1935 2211; x_wconf 87' lang='lat' dir='ltr'><strong>de</strong></span> <span class='ocrx_word' id='word_1_148' title='bbox 1981 2146 2239 2211; x_wconf 85' lang='lat' dir='ltr'><strong>Nassau</strong></span> <span class='ocrx_word' id='word_1_149' title='bbox 2286 2168 2325 2211; x_wconf 89' lang='lat' dir='ltr'><strong>a</strong></span> <span class='ocrx_word' id='word_1_150' title='bbox 2371 2146 2697 2228; x_wconf 87' lang='lat' dir='ltr'><strong>censuris,</strong></span> <span class='ocrx_word' id='word_1_151' title='bbox 2756 2167 2917 2232; x_wconf 93' lang='lat' dir='ltr'><strong>quas</strong></span> <span class='ocrx_word' id='word_1_152' title='bbox 2967 2146 3287 2231; x_wconf 82' lang='lat' dir='ltr'><strong>Sigfridus</strong></span> <span class='ocrx_word' id='word_1_153' title='bbox 3337 2148 3747 2213; x_wconf 81' lang='lat' dir='ltr'><strong>Coloniensis</strong></span> 
     </span>
     <span class='ocr_line' id='line_1_17' title="bbox 706 2249 3749 2336; baseline 0.001 -24"><span class='ocrx_word' id='word_1_154' title='bbox 706 2249 1122 2336; x_wconf 86' lang='lat' dir='ltr'><strong>metropolita</strong></span> <span class='ocrx_word' id='word_1_155' title='bbox 1181 2250 1547 2333; x_wconf 83' lang='lat' dir='ltr'><strong>inflixerat,</strong></span> <span class='ocrx_word' id='word_1_156' title='bbox 1612 2250 2007 2315; x_wconf 90' lang='lat' dir='ltr'><strong>Wilhelmns</strong></span> <span class='ocrx_word' id='word_1_157' title='bbox 2066 2250 2166 2315; x_wconf 93' lang='lat' dir='ltr'><strong>IV</strong></span> <span class='ocrx_word' id='word_1_158' title='bbox 2197 2266 2205 2274; x_wconf 87' lang='lat'><strong>·</strong></span> <span class='ocrx_word' id='word_1_159' title='bbox 2231 2270 2448 2315; x_wconf 88' lang='lat' dir='ltr'><strong>comes</strong></span> <span class='ocrx_word' id='word_1_160' title='bbox 2501 2249 2792 2315; x_wconf 82' lang='lat' dir='ltr'><strong>in·&#39;bello</strong></span> <span class='ocrx_word' id='word_1_161' title='bbox 2840 2249 3294 2317; x_wconf 70' lang='lat' dir='ltr'><strong>cameracensi</strong></span> <span class='ocrx_word' id='word_1_162' title='bbox 3343 2252 3749 2317; x_wconf 89' lang='lat' dir='ltr'><strong>audientiam</strong></span> 
     </span>
     <span class='ocr_line' id='line_1_18' title="bbox 705 2353 2946 2441; baseline 0 -24"><span class='ocrx_word' id='word_1_163' title='bbox 705 2353 1004 2440; x_wconf 87' lang='lat' dir='ltr'><strong>papalem</strong></span> <span class='ocrx_word' id='word_1_164' title='bbox 1051 2374 1439 2441; x_wconf 82' lang='lat' dir='ltr'><strong>provocasse</strong></span> <span class='ocrx_word' id='word_1_165' title='bbox 1484 2354 1798 2439; x_wconf 90' lang='lat' dir='ltr'><strong>leguntur</strong></span> <span class='ocrx_word' id='word_1_166' title='bbox 1841 2354 2112 2438; x_wconf 89' lang='lat' dir='ltr'><strong>(numm.</strong></span> <span class='ocrx_word' id='word_1_167' title='bbox 2165 2357 2280 2436; x_wconf 91' lang='grc'><strong>78,</strong></span> <span class='ocrx_word' id='word_1_168' title='bbox 2331 2356 2454 2438; x_wconf 92' lang='grc'><strong>80,</strong></span> <span class='ocrx_word' id='word_1_169' title='bbox 2505 2357 2672 2437; x_wconf 91' lang='grc'><strong>352,</strong></span> <span class='ocrx_word' id='word_1_170' title='bbox 2726 2356 2946 2439; x_wconf 89' lang='grc'><strong>1341).</strong></span> 
     </span>
    </p>

    <p class='ocr_par' dir='ltr' id='par_1_4' title="bbox 704 2457 3757 4209">
     <span class='ocr_line' id='line_1_19' title="bbox 926 2457 3749 2546; baseline 0.001 -22"><span class='ocrx_word' id='word_1_171' title='bbox 926 2458 1177 2524; x_wconf 83' lang='lat' dir='ltr'><strong>Contra</strong></span> <span class='ocrx_word' id='word_1_172' title='bbox 1243 2479 1460 2545; x_wconf 91' lang='lat' dir='ltr'><strong>neque</strong></span> <span class='ocrx_word' id='word_1_173' title='bbox 1530 2458 1803 2540; x_wconf 87' lang='lat' dir='ltr'><strong>desunt,</strong></span> <span class='ocrx_word' id='word_1_174' title='bbox 1876 2458 1987 2543; x_wconf 91' lang='lat' dir='ltr'><strong>qui</strong></span> <span class='ocrx_word' id='word_1_175' title='bbox 2058 2458 2139 2522; x_wconf 90' lang='lat' dir='ltr'><strong>ab</strong></span> <span class='ocrx_word' id='word_1_176' title='bbox 2213 2458 2534 2544; x_wconf 91' lang='lat' dir='ltr'><strong>episcopis</strong></span> <span class='ocrx_word' id='word_1_177' title='bbox 2583 2458 2821 2523; x_wconf 90' lang='lat' dir='ltr'><strong>nostris</strong></span> <span class='ocrx_word' id='word_1_178' title='bbox 2868 2457 2952 2523; x_wconf 90' lang='lat' dir='ltr'><strong>ad</strong></span> <span class='ocrx_word' id='word_1_179' title='bbox 3009 2459 3459 2546; x_wconf 85' lang='lat' dir='ltr'><strong>Apostolicam</strong></span> <span class='ocrx_word' id='word_1_180' title='bbox 3508 2460 3749 2527; x_wconf 83' lang='lat' dir='ltr'><strong>Sedem</strong></span> 
     </span>
     <span class='ocr_line' id='line_1_20' title="bbox 709 2560 3749 2649; baseline 0.001 -23"><span class='ocrx_word' id='word_1_181' title='bbox 709 2563 1141 2648; x_wconf 89' lang='lat' dir='ltr'><strong>appellarunt.</strong></span> <span class='ocrx_word' id='word_1_182' title='bbox 1235 2562 1343 2628; x_wconf 83' lang='lat' dir='ltr'><strong>Sic</strong></span> <span class='ocrx_word' id='word_1_183' title='bbox 1413 2560 1483 2627; x_wconf 67' lang='grc' dir='ltr'><strong>αθ</strong></span> <span class='ocrx_word' id='word_1_184' title='bbox 1552 2564 1721 2627; x_wconf 87' lang='grc'><strong>1258</strong></span> <span class='ocrx_word' id='word_1_185' title='bbox 1786 2562 2073 2648; x_wconf 89' lang='lat' dir='ltr'><strong>quinque</strong></span> <span class='ocrx_word' id='word_1_186' title='bbox 2140 2563 2426 2648; x_wconf 88' lang='lat' dir='ltr'><strong>capitula</strong></span> <span class='ocrx_word' id='word_1_187' title='bbox 2487 2562 2971 2647; x_wconf 82' lang='lat' dir='ltr'><strong>Trajectensia,</strong></span> <span class='ocrx_word' id='word_1_188' title='bbox 3035 2583 3238 2648; x_wconf 91' lang='lat' dir='ltr'><strong>quum</strong></span> <span class='ocrx_word' id='word_1_189' title='bbox 3291 2565 3446 2649; x_wconf 86' lang='lat' dir='ltr'><strong>jura</strong></span> <span class='ocrx_word' id='word_1_190' title='bbox 3502 2587 3620 2630; x_wconf 88' lang='lat' dir='ltr'><strong>sua</strong></span> <span class='ocrx_word' id='word_1_191' title='bbox 3668 2566 3749 2630; x_wconf 90' lang='lat' dir='ltr'><strong>ab</strong></span> 
     </span>
     <span class='ocr_line' id='line_1_21' title="bbox 708 2664 3750 2752; baseline 0.002 -24"><span class='ocrx_word' id='word_1_192' title='bbox 708 2664 997 2730; x_wconf 91' lang='lat' dir='ltr'><strong>Henrico</strong></span> <span class='ocrx_word' id='word_1_193' title='bbox 1044 2665 1127 2730; x_wconf 93' lang='lat' dir='ltr'><strong>de</strong></span> <span class='ocrx_word' id='word_1_194' title='bbox 1172 2665 1480 2731; x_wconf 84' lang='lat' dir='ltr'><strong>Vianden</strong></span> <span class='ocrx_word' id='word_1_195' title='bbox 1528 2666 1832 2751; x_wconf 91' lang='lat' dir='ltr'><strong>episcopo</strong></span> <span class='ocrx_word' id='word_1_196' title='bbox 1878 2665 2109 2730; x_wconf 82' lang='lat' dir='ltr'><strong>violari</strong></span> <span class='ocrx_word' id='word_1_197' title='bbox 2159 2664 2509 2752; x_wconf 90' lang='lat' dir='ltr'><strong>deprecata</strong></span> <span class='ocrx_word' id='word_1_198' title='bbox 2555 2668 2825 2751; x_wconf 81' lang='lat' dir='ltr'><strong>sunt34)</strong></span> <span class='ocrx_word' id='word_1_199' title='bbox 2889 2665 2957 2732; x_wconf 69' lang='grc' dir='ltr'><strong>αθ</strong></span> <span class='ocrx_word' id='word_1_200' title='bbox 3010 2669 3179 2731; x_wconf 90' lang='grc'><strong>1276</strong></span> <span class='ocrx_word' id='word_1_201' title='bbox 3230 2668 3432 2733; x_wconf 90' lang='lat' dir='ltr'><strong>abbas</strong></span> <span class='ocrx_word' id='word_1_202' title='bbox 3481 2674 3547 2733; x_wconf 90' lang='lat' dir='ltr'><strong>et</strong></span> <span class='ocrx_word' id='word_1_203' title='bbox 3594 2690 3750 2734; x_wconf 92' lang='lat' dir='ltr'><strong>con-</strong></span> 
     </span>
     <span class='ocr_line' id='line_1_22' title="bbox 707 2767 3749 2859; baseline 0.002 -26"><span class='ocrx_word' id='word_1_204' title='bbox 707 2775 944 2833; x_wconf 85' lang='lat' dir='ltr'><strong>ventus</strong></span> <span class='ocrx_word' id='word_1_205' title='bbox 1008 2768 1073 2835; x_wconf 82' lang='lat' dir='ltr'><strong>S.</strong></span> <span class='ocrx_word' id='word_1_206' title='bbox 1123 2770 1304 2834; x_wconf 90' lang='lat' dir='ltr'><strong>Petri</strong></span> <span class='ocrx_word' id='word_1_207' title='bbox 1354 2767 1758 2851; x_wconf 85' lang='lat' dir='ltr'><strong>Gandensis,</strong></span> <span class='ocrx_word' id='word_1_208' title='bbox 1817 2789 2017 2855; x_wconf 91' lang='lat' dir='ltr'><strong>quum</strong></span> <span class='ocrx_word' id='word_1_209' title='bbox 2066 2790 2105 2833; x_wconf 91' lang='lat' dir='ltr'><strong>a</strong></span> <span class='ocrx_word' id='word_1_210' title='bbox 2150 2768 2457 2834; x_wconf 87' lang='lat' dir='ltr'><strong>Johanne</strong></span> <span class='ocrx_word' id='word_1_211' title='bbox 2506 2769 2586 2834; x_wconf 92' lang='lat' dir='ltr'><strong>de</strong></span> <span class='ocrx_word' id='word_1_212' title='bbox 2633 2771 2889 2835; x_wconf 86' lang='lat' dir='ltr'><strong>Nassau</strong></span> <span class='ocrx_word' id='word_1_213' title='bbox 2937 2770 3149 2837; x_wconf 89' lang='lat' dir='ltr'><strong>electo</strong></span> <span class='ocrx_word' id='word_1_214' title='bbox 3195 2772 3265 2834; x_wconf 93' lang='lat' dir='ltr'><strong>in</strong></span> <span class='ocrx_word' id='word_1_215' title='bbox 3313 2773 3749 2859; x_wconf 88' lang='lat' dir='ltr'><strong>percipiendis</strong></span> 
     </span>
     <span class='ocr_line' id='line_1_23' title="bbox 704 2872 3752 2962; baseline 0.002 -26"><span class='ocrx_word' id='word_1_216' title='bbox 704 2872 975 2938; x_wconf 89' lang='lat' dir='ltr'><strong>decimis</strong></span> <span class='ocrx_word' id='word_1_217' title='bbox 1035 2873 1299 2957; x_wconf 88' lang='lat' dir='ltr'><strong>justitia</strong></span> <span class='ocrx_word' id='word_1_218' title='bbox 1367 2872 1492 2937; x_wconf 92' lang='lat' dir='ltr'><strong>sibi</strong></span> <span class='ocrx_word' id='word_1_219' title='bbox 1562 2872 2011 2957; x_wconf 84' lang='lat' dir='ltr'><strong>denegabatur</strong></span> <span class='ocrx_word' id='word_1_220' title='bbox 2079 2874 2351 2956; x_wconf 88' lang='lat' dir='ltr'><strong>(numm.</strong></span> <span class='ocrx_word' id='word_1_221' title='bbox 2417 2875 2547 2938; x_wconf 88' lang='grc'><strong>336</strong></span> <span class='ocrx_word' id='word_1_222' title='bbox 2612 2879 2679 2939; x_wconf 90' lang='lat' dir='ltr'><strong>et</strong></span> <span class='ocrx_word' id='word_1_223' title='bbox 2727 2875 2921 2958; x_wconf 83' lang='lat'><strong>348);</strong></span> <span class='ocrx_word' id='word_1_224' title='bbox 2985 2873 3054 2939; x_wconf 85' lang='lat' dir='ltr'><strong>a⁰</strong></span> <span class='ocrx_word' id='word_1_225' title='bbox 3117 2876 3286 2940; x_wconf 89' lang='grc'><strong>1298</strong></span> <span class='ocrx_word' id='word_1_226' title='bbox 3335 2877 3477 2962; x_wconf 87' lang='lat' dir='ltr'><strong>ipsa</strong></span> <span class='ocrx_word' id='word_1_227' title='bbox 3523 2877 3752 2942; x_wconf 77' lang='lat' dir='ltr'><strong>civitas</strong></span> 
     </span>
     <span class='ocr_line' id='line_1_24' title="bbox 706 2976 3753 3064; baseline 0.001 -22"><span class='ocrx_word' id='word_1_228' title='bbox 706 2977 1183 3063; x_wconf 84' lang='lat' dir='ltr'><strong>Trajectensis,</strong></span> <span class='ocrx_word' id='word_1_229' title='bbox 1239 2998 1440 3063; x_wconf 90' lang='lat' dir='ltr'><strong>quum</strong></span> <span class='ocrx_word' id='word_1_230' title='bbox 1487 2998 1527 3041; x_wconf 93' lang='lat' dir='ltr'><strong>a</strong></span> <span class='ocrx_word' id='word_1_231' title='bbox 1571 2976 1929 3041; x_wconf 88' lang='lat' dir='ltr'><strong>Wilhelmo</strong></span> <span class='ocrx_word' id='word_1_232' title='bbox 1976 2976 2321 3041; x_wconf 89' lang='lat' dir='ltr'><strong>Bertholdi</strong></span> <span class='ocrx_word' id='word_1_233' title='bbox 2367 2978 2673 3064; x_wconf 90' lang='lat' dir='ltr'><strong>episcopo</strong></span> <span class='ocrx_word' id='word_1_234' title='bbox 2720 2978 2993 3063; x_wconf 87' lang='lat' dir='ltr'><strong>injurias</strong></span> <span class='ocrx_word' id='word_1_235' title='bbox 3041 2978 3164 3043; x_wconf 90' lang='lat' dir='ltr'><strong>sibi</strong></span> <span class='ocrx_word' id='word_1_236' title='bbox 3212 2978 3382 3044; x_wconf 92' lang='lat' dir='ltr'><strong>affici</strong></span> <span class='ocrx_word' id='word_1_237' title='bbox 3429 2979 3553 3045; x_wconf 88' lang='lat' dir='ltr'><strong>fuit</strong></span> <span class='ocrx_word' id='word_1_238' title='bbox 3600 3001 3753 3045; x_wconf 92' lang='lat' dir='ltr'><strong>con-</strong></span> 
     </span>
     <span class='ocr_line' id='line_1_25' title="bbox 708 3079 3752 3172; baseline 0.002 -29"><span class='ocrx_word' id='word_1_239' title='bbox 708 3086 959 3165; x_wconf 88' lang='lat' dir='ltr'><strong>questa.</strong></span> <span class='ocrx_word' id='word_1_240' title='bbox 984 3081 1039 3163; x_wconf 78' lang='lat'><strong>5)</strong></span> <span class='ocrx_word' id='word_1_241' title='bbox 1134 3080 1451 3145; x_wconf 84' lang='lat' dir='ltr'><strong>Similiter</strong></span> <span class='ocrx_word' id='word_1_242' title='bbox 1511 3081 1620 3144; x_wconf 89' lang='lat' dir='ltr'><strong>alii</strong></span> <span class='ocrx_word' id='word_1_243' title='bbox 1669 3086 1896 3144; x_wconf 90' lang='lat' dir='ltr'><strong>contra</strong></span> <span class='ocrx_word' id='word_1_244' title='bbox 1942 3080 2102 3144; x_wconf 92' lang='lat' dir='ltr'><strong>alios</strong></span> <span class='ocrx_word' id='word_1_245' title='bbox 2149 3079 2424 3145; x_wconf 80' lang='lat' dir='ltr'><strong>diversis</strong></span> <span class='ocrx_word' id='word_1_246' title='bbox 2469 3083 2539 3145; x_wconf 90' lang='lat' dir='ltr'><strong>in</strong></span> <span class='ocrx_word' id='word_1_247' title='bbox 2586 3082 2797 3146; x_wconf 91' lang='lat' dir='ltr'><strong>causis</strong></span> <span class='ocrx_word' id='word_1_248' title='bbox 2845 3081 3203 3169; x_wconf 85' lang='lat' dir='ltr'><strong>Apostolos</strong></span> <span class='ocrx_word' id='word_1_249' title='bbox 3248 3084 3518 3171; x_wconf 88' lang='lat' dir='ltr'><strong>petiisse</strong></span> <span class='ocrx_word' id='word_1_250' title='bbox 3565 3106 3752 3172; x_wconf 90' lang='lat' dir='ltr'><strong>repe-</strong></span> 
     </span>
     <span class='ocr_line' id='line_1_26' title="bbox 708 3184 3749 3276; baseline 0.002 -28"><span class='ocrx_word' id='word_1_251' title='bbox 708 3184 997 3249; x_wconf 90' lang='lat' dir='ltr'><strong>riuntur:</strong></span> <span class='ocrx_word' id='word_1_252' title='bbox 1068 3185 1163 3250; x_wconf 88' lang='lat' dir='ltr'><strong>ita</strong></span> <span class='ocrx_word' id='word_1_253' title='bbox 1231 3184 1298 3250; x_wconf 82' lang='lat' dir='ltr'><strong>a0</strong></span> <span class='ocrx_word' id='word_1_254' title='bbox 1373 3187 1543 3250; x_wconf 83' lang='lat'>1245</span> <span class='ocrx_word' id='word_1_255' title='bbox 1613 3190 1993 3271; x_wconf 87' lang='lat' dir='ltr'><strong>procurator</strong></span> <span class='ocrx_word' id='word_1_256' title='bbox 2059 3185 2327 3271; x_wconf 89' lang='lat' dir='ltr'><strong>capituli</strong></span> <span class='ocrx_word' id='word_1_257' title='bbox 2388 3186 2656 3271; x_wconf 85' lang='lat' dir='ltr'><strong>Majoris</strong></span> <span class='ocrx_word' id='word_1_258' title='bbox 2719 3186 3195 3272; x_wconf 82' lang='lat' dir='ltr'><strong>Trajectensis,</strong></span> <span class='ocrx_word' id='word_1_259' title='bbox 3260 3189 3502 3276; x_wconf 89' lang='lat' dir='ltr'><strong>quippe</strong></span> <span class='ocrx_word' id='word_1_260' title='bbox 3574 3189 3749 3275; x_wconf 90' lang='lat' dir='ltr'><strong>quod</strong></span> 
     </span>
     <span class='ocr_line' id='line_1_27' title="bbox 706 3287 3750 3377; baseline 0.002 -23"><span class='ocrx_word' id='word_1_261' title='bbox 706 3288 1070 3354; x_wconf 86' lang='lat' dir='ltr'><strong>Gobertum</strong></span> <span class='ocrx_word' id='word_1_262' title='bbox 1117 3287 1200 3354; x_wconf 91' lang='lat' dir='ltr'><strong>de</strong></span> <span class='ocrx_word' id='word_1_263' title='bbox 1245 3289 1552 3355; x_wconf 87' lang='lat' dir='ltr'><strong>Perewez</strong></span> <span class='ocrx_word' id='word_1_264' title='bbox 1599 3288 2045 3375; x_wconf 90' lang='lat' dir='ltr'><strong>praepositum</strong></span> <span class='ocrx_word' id='word_1_265' title='bbox 2092 3310 2131 3353; x_wconf 92' lang='lat' dir='ltr'><strong>a</strong></span> <span class='ocrx_word' id='word_1_266' title='bbox 2175 3288 2362 3375; x_wconf 89' lang='lat' dir='ltr'><strong>Papa</strong></span> <span class='ocrx_word' id='word_1_267' title='bbox 2400 3289 2806 3354; x_wconf 90' lang='lat' dir='ltr'><strong>nominatum</strong></span> <span class='ocrx_word' id='word_1_268' title='bbox 2839 3289 3186 3357; x_wconf 86' lang='lat' dir='ltr'><strong>admittere</strong></span> <span class='ocrx_word' id='word_1_269' title='bbox 3218 3292 3505 3358; x_wconf 90' lang='lat' dir='ltr'><strong>noluerit</strong></span> <span class='ocrx_word' id='word_1_270' title='bbox 3538 3293 3750 3377; x_wconf 87' lang='lat' dir='ltr'><strong>(num.</strong></span> 
     </span>
     <span class='ocr_line' id='line_1_28' title="bbox 715 3392 3750 3481; baseline 0.002 -25"><span class='ocrx_word' id='word_1_271' title='bbox 715 3394 896 3476; x_wconf 83' lang='grc'><strong>167);</strong></span> <span class='ocrx_word' id='word_1_272' title='bbox 945 3414 1051 3458; x_wconf 88' lang='lat' dir='ltr'><strong>an.</strong></span> <span class='ocrx_word' id='word_1_273' title='bbox 1106 3395 1544 3459; x_wconf 85' lang='lat'>1292—1293</span> <span class='ocrx_word' id='word_1_274' title='bbox 1594 3399 1734 3457; x_wconf 91' lang='lat' dir='ltr'><strong>tum</strong></span> <span class='ocrx_word' id='word_1_275' title='bbox 1780 3392 2090 3459; x_wconf 89' lang='lat' dir='ltr'><strong>Nicolaus</strong></span> <span class='ocrx_word' id='word_1_276' title='bbox 2135 3398 2351 3458; x_wconf 90' lang='lat' dir='ltr'><strong>rector</strong></span> <span class='ocrx_word' id='word_1_277' title='bbox 2396 3392 2709 3457; x_wconf 90' lang='lat' dir='ltr'><strong>ecclesiae</strong></span> <span class='ocrx_word' id='word_1_278' title='bbox 2754 3394 3145 3481; x_wconf 89' lang='lat' dir='ltr'><strong>parochialis</strong></span> <span class='ocrx_word' id='word_1_279' title='bbox 3193 3394 3275 3461; x_wconf 91' lang='lat' dir='ltr'><strong>de</strong></span> <span class='ocrx_word' id='word_1_280' title='bbox 3309 3397 3569 3463; x_wconf 88' lang='lat' dir='ltr'><strong>Jutfaas</strong></span> <span class='ocrx_word' id='word_1_281' title='bbox 3601 3419 3750 3463; x_wconf 91' lang='lat' dir='ltr'><strong>cum</strong></span> 
     </span>
     <span class='ocr_line' id='line_1_29' title="bbox 709 3495 3752 3584; baseline 0.003 -24"><span class='ocrx_word' id='word_1_282' title='bbox 709 3497 852 3581; x_wconf 88' lang='lat' dir='ltr'><strong>ejus</strong></span> <span class='ocrx_word' id='word_1_283' title='bbox 913 3495 1188 3562; x_wconf 88' lang='lat' dir='ltr'><strong>adversa</strong></span> <span class='ocrx_word' id='word_1_284' title='bbox 1245 3518 1425 3584; x_wconf 86' lang='lat' dir='ltr'><strong>pars,</strong></span> <span class='ocrx_word' id='word_1_285' title='bbox 1490 3497 1849 3584; x_wconf 88' lang='lat' dir='ltr'><strong>capitulum</strong></span> <span class='ocrx_word' id='word_1_286' title='bbox 1910 3497 2158 3561; x_wconf 89' lang='lat' dir='ltr'><strong>scilicet</strong></span> <span class='ocrx_word' id='word_1_287' title='bbox 2220 3497 2288 3562; x_wconf 78' lang='lat' dir='ltr'><strong>S.</strong></span> <span class='ocrx_word' id='word_1_288' title='bbox 2358 3497 2749 3581; x_wconf 86' lang='lat' dir='ltr'><strong>Salvatoris,</strong></span> <span class='ocrx_word' id='word_1_289' title='bbox 2815 3504 2891 3563; x_wconf 91' lang='lat' dir='ltr'><strong>ut</strong></span> <span class='ocrx_word' id='word_1_290' title='bbox 2942 3500 3055 3584; x_wconf 89' lang='lat' dir='ltr'><strong>jus</strong></span> <span class='ocrx_word' id='word_1_291' title='bbox 3116 3501 3187 3564; x_wconf 93' lang='lat' dir='ltr'><strong>in</strong></span> <span class='ocrx_word' id='word_1_292' title='bbox 3248 3500 3490 3565; x_wconf 79' lang='lat' dir='ltr'><strong>dictam</strong></span> <span class='ocrx_word' id='word_1_293' title='bbox 3546 3503 3752 3568; x_wconf 91' lang='lat' dir='ltr'><strong>eccle-</strong></span> 
     </span>
     <span class='ocr_line' id='line_1_30' title="bbox 709 3600 3750 3690; baseline 0.003 -27"><span class='ocrx_word' id='word_1_294' title='bbox 709 3600 869 3665; x_wconf 90' lang='lat' dir='ltr'><strong>siam</strong></span> <span class='ocrx_word' id='word_1_295' title='bbox 932 3601 1122 3667; x_wconf 89' lang='lat' dir='ltr'><strong>alteri</strong></span> <span class='ocrx_word' id='word_1_296' title='bbox 1181 3600 1704 3686; x_wconf 81' lang='lat' dir='ltr'><strong>abjudicaretur3</strong></span> <span class='ocrx_word' id='word_1_297' title='bbox 1730 3603 1785 3686; x_wconf 80' lang='grc'><strong>6)</strong></span> <span class='ocrx_word' id='word_1_298' title='bbox 1847 3602 1916 3666; x_wconf 85' lang='lat' dir='ltr'><strong>a⁰</strong></span> <span class='ocrx_word' id='word_1_299' title='bbox 1967 3602 2139 3666; x_wconf 85' lang='lat'>1300</span> <span class='ocrx_word' id='word_1_300' title='bbox 2188 3601 2546 3688; x_wconf 89' lang='lat' dir='ltr'><strong>capitulum</strong></span> <span class='ocrx_word' id='word_1_301' title='bbox 2591 3601 2862 3687; x_wconf 78' lang='lat' dir='ltr'><strong>MaJoris</strong></span> <span class='ocrx_word' id='word_1_302' title='bbox 2910 3604 3224 3669; x_wconf 90' lang='lat' dir='ltr'><strong>ecclesiae</strong></span> <span class='ocrx_word' id='word_1_303' title='bbox 3273 3605 3750 3690; x_wconf 85' lang='lat' dir='ltr'><strong>Trajectensis,</strong></span> 
     </span>
     <span class='ocr_line' id='line_1_31' title="bbox 711 3704 3756 3792; baseline 0.002 -25"><span class='ocrx_word' id='word_1_304' title='bbox 711 3705 954 3791; x_wconf 87' lang='lat' dir='ltr'><strong>quippe</strong></span> <span class='ocrx_word' id='word_1_305' title='bbox 1000 3704 1174 3791; x_wconf 91' lang='lat' dir='ltr'><strong>quod</strong></span> <span class='ocrx_word' id='word_1_306' title='bbox 1223 3726 1372 3783; x_wconf 73' lang='lat' dir='ltr'><strong>cum</strong></span> <span class='ocrx_word' id='word_1_307' title='bbox 1419 3705 1686 3792; x_wconf 91' lang='lat' dir='ltr'><strong>reliquis</strong></span> <span class='ocrx_word' id='word_1_308' title='bbox 1733 3711 2045 3792; x_wconf 91' lang='lat' dir='ltr'><strong>quattuor</strong></span> <span class='ocrx_word' id='word_1_309' title='bbox 2091 3705 2392 3791; x_wconf 89' lang='lat' dir='ltr'><strong>capitulis</strong></span> <span class='ocrx_word' id='word_1_310' title='bbox 2441 3710 2597 3769; x_wconf 91' lang='lat' dir='ltr'><strong>tunc</strong></span> <span class='ocrx_word' id='word_1_311' title='bbox 2644 3705 2725 3770; x_wconf 92' lang='lat' dir='ltr'><strong>de</strong></span> <span class='ocrx_word' id='word_1_312' title='bbox 2774 3708 3019 3772; x_wconf 90' lang='lat' dir='ltr'><strong>mutuis</strong></span> <span class='ocrx_word' id='word_1_313' title='bbox 3058 3708 3319 3792; x_wconf 89' lang='lat' dir='ltr'><strong>juribus</strong></span> <span class='ocrx_word' id='word_1_314' title='bbox 3366 3709 3756 3775; x_wconf 88' lang='lat' dir='ltr'><strong>altercatum</strong></span> 
     </span>
     <span class='ocr_line' id='line_1_32' title="bbox 708 3808 3757 3895; baseline 0.001 -20"><span class='ocrx_word' id='word_1_315' title='bbox 708 3809 911 3893; x_wconf 80' lang='lat' dir='ltr'><strong>sit37)</strong></span> <span class='ocrx_word' id='word_1_316' title='bbox 981 3808 1053 3874; x_wconf 69' lang='grc' dir='ltr'><strong>αθ</strong></span> <span class='ocrx_word' id='word_1_317' title='bbox 1130 3810 1301 3874; x_wconf 89' lang='grc'><strong>1310</strong></span> <span class='ocrx_word' id='word_1_318' title='bbox 1370 3809 1703 3874; x_wconf 89' lang='lat' dir='ltr'><strong>abbatissa</strong></span> <span class='ocrx_word' id='word_1_319' title='bbox 1771 3815 1840 3874; x_wconf 91' lang='lat' dir='ltr'><strong>et</strong></span> <span class='ocrx_word' id='word_1_320' title='bbox 1901 3814 2264 3874; x_wconf 83' lang='lat' dir='ltr'><strong>conventus</strong></span> <span class='ocrx_word' id='word_1_321' title='bbox 2326 3809 2878 3895; x_wconf 85' lang='lat' dir='ltr'><strong>Rynsburgenses</strong></span> <span class='ocrx_word' id='word_1_322' title='bbox 2941 3809 3253 3877; x_wconf 78' lang='lat' dir='ltr'><strong>adversus</strong></span> <span class='ocrx_word' id='word_1_323' title='bbox 3320 3813 3626 3878; x_wconf 91' lang='lat' dir='ltr'><strong>abbatem</strong></span> <span class='ocrx_word' id='word_1_324' title='bbox 3687 3820 3757 3879; x_wconf 90' lang='lat' dir='ltr'><strong>et</strong></span> 
     </span>
     <span class='ocr_line' id='line_1_33' title="bbox 714 3912 3750 3999; baseline 0.001 -20"><span class='ocrx_word' id='word_1_325' title='bbox 714 3920 1105 3980; x_wconf 82' lang='lat' dir='ltr'><strong>conventum</strong></span> <span class='ocrx_word' id='word_1_326' title='bbox 1165 3914 1237 3977; x_wconf 90' lang='lat' dir='ltr'><strong>in</strong></span> <span class='ocrx_word' id='word_1_327' title='bbox 1298 3912 1720 3998; x_wconf 84' lang='lat' dir='ltr'><strong>Middelburg</strong></span> <span class='ocrx_word' id='word_1_328' title='bbox 1780 3914 1985 3996; x_wconf 90' lang='lat' dir='ltr'><strong>(num.</strong></span> <span class='ocrx_word' id='word_1_329' title='bbox 2051 3914 2248 3997; x_wconf 87' lang='lat'>509);</span> <span class='ocrx_word' id='word_1_330' title='bbox 2307 3912 2574 3978; x_wconf 91' lang='lat' dir='ltr'><strong>tandem</strong></span> <span class='ocrx_word' id='word_1_331' title='bbox 2621 3912 2691 3978; x_wconf 86' lang='lat' dir='ltr'><strong>a0</strong></span> <span class='ocrx_word' id='word_1_332' title='bbox 2741 3915 2913 3978; x_wconf 90' lang='grc'><strong>1367</strong></span> <span class='ocrx_word' id='word_1_333' title='bbox 2963 3914 3408 3981; x_wconf 87' lang='lat' dir='ltr'><strong>Theodericus</strong></span> <span class='ocrx_word' id='word_1_334' title='bbox 3456 3916 3538 3982; x_wconf 93' lang='lat' dir='ltr'><strong>de</strong></span> <span class='ocrx_word' id='word_1_335' title='bbox 3585 3916 3750 3999; x_wconf 88' lang='lat' dir='ltr'><strong>Eze,</strong></span> 
     </span>
     <span class='ocr_line' id='line_1_34' title="bbox 714 4016 3754 4106; baseline 0.001 -23"><span class='ocrx_word' id='word_1_336' title='bbox 714 4039 860 4083; x_wconf 91' lang='lat' dir='ltr'><strong>cum</strong></span> <span class='ocrx_word' id='word_1_337' title='bbox 920 4018 1207 4106; x_wconf 86' lang='lat' dir='ltr'><strong>capitulo</strong></span> <span class='ocrx_word' id='word_1_338' title='bbox 1269 4018 1503 4103; x_wconf 85' lang='lat' dir='ltr'><strong>Majori</strong></span> <span class='ocrx_word' id='word_1_339' title='bbox 1560 4017 1744 4082; x_wconf 91' lang='lat' dir='ltr'><strong>litem</strong></span> <span class='ocrx_word' id='word_1_340' title='bbox 1792 4016 1874 4082; x_wconf 89' lang='lat' dir='ltr'><strong>de</strong></span> <span class='ocrx_word' id='word_1_341' title='bbox 1923 4016 2190 4082; x_wconf 90' lang='lat' dir='ltr'><strong>decimis</strong></span> <span class='ocrx_word' id='word_1_342' title='bbox 2238 4017 2531 4101; x_wconf 83' lang='lat' dir='ltr'><strong>agitans,</strong></span> <span class='ocrx_word' id='word_1_343' title='bbox 2578 4017 2861 4103; x_wconf 91' lang='lat' dir='ltr'><strong>primum</strong></span> <span class='ocrx_word' id='word_1_344' title='bbox 2909 4018 2992 4082; x_wconf 89' lang='lat' dir='ltr'><strong>ab</strong></span> <span class='ocrx_word' id='word_1_345' title='bbox 3041 4019 3299 4084; x_wconf 90' lang='lat' dir='ltr'><strong>officiali</strong></span> <span class='ocrx_word' id='word_1_346' title='bbox 3346 4021 3754 4106; x_wconf 83' lang='lat' dir='ltr'><strong>Trajectensi</strong></span> 
     </span>
     <span class='ocr_line' id='line_1_35' title="bbox 711 4119 3664 4209; baseline 0.001 -22"><span class='ocrx_word' id='word_1_347' title='bbox 711 4123 957 4187; x_wconf 90' lang='lat' dir='ltr'><strong>curiam</strong></span> <span class='ocrx_word' id='word_1_348' title='bbox 1003 4122 1549 4209; x_wconf 87' lang='lat' dir='ltr'><strong>metropoliticam</strong></span> <span class='ocrx_word' id='word_1_349' title='bbox 1598 4127 1666 4186; x_wconf 91' lang='lat' dir='ltr'><strong>et</strong></span> <span class='ocrx_word' id='word_1_350' title='bbox 1713 4120 1951 4186; x_wconf 90' lang='lat' dir='ltr'><strong>deinde</strong></span> <span class='ocrx_word' id='word_1_351' title='bbox 1997 4120 2446 4207; x_wconf 87' lang='lat' dir='ltr'><strong>Apostolicam</strong></span> <span class='ocrx_word' id='word_1_352' title='bbox 2495 4119 2733 4185; x_wconf 83' lang='lat' dir='ltr'><strong>Sedem</strong></span> <span class='ocrx_word' id='word_1_353' title='bbox 2782 4122 3139 4208; x_wconf 80' lang='lat' dir='ltr'><strong>appellavit</strong></span> <span class='ocrx_word' id='word_1_354' title='bbox 3183 4124 3387 4206; x_wconf 89' lang='lat' dir='ltr'><strong>(num.</strong></span> <span class='ocrx_word' id='word_1_355' title='bbox 3438 4125 3664 4207; x_wconf 89' lang='grc'><strong>2292).</strong></span> 
     </span>
    </p>

    <p class='ocr_par' dir='ltr' id='par_1_5' title="bbox 713 4223 3757 4725">
     <span class='ocr_line' id='line_1_36' title="bbox 935 4223 3756 4315; baseline 0 -25"><span class='ocrx_word' id='word_1_356' title='bbox 935 4226 1176 4291; x_wconf 82' lang='lat' dir='ltr'><strong>Variae</strong></span> <span class='ocrx_word' id='word_1_357' title='bbox 1225 4232 1447 4290; x_wconf 87' lang='lat' dir='ltr'><strong>autem</strong></span> <span class='ocrx_word' id='word_1_358' title='bbox 1495 4233 1649 4290; x_wconf 88' lang='lat' dir='ltr'><strong>sunt</strong></span> <span class='ocrx_word' id='word_1_359' title='bbox 1695 4224 2100 4312; x_wconf 81' lang='lat' dir='ltr'><strong>provisiones</strong></span> <span class='ocrx_word' id='word_1_360' title='bbox 2148 4223 2651 4307; x_wconf 90' lang='lat' dir='ltr'><strong>beneficiorum,</strong></span> <span class='ocrx_word' id='word_1_361' title='bbox 2702 4245 2871 4309; x_wconf 85' lang='lat' dir='ltr'><strong>quae</strong></span> <span class='ocrx_word' id='word_1_362' title='bbox 2917 4225 3343 4312; x_wconf 90' lang='lat' dir='ltr'><strong>appellationi</strong></span> <span class='ocrx_word' id='word_1_363' title='bbox 3390 4226 3471 4291; x_wconf 89' lang='lat' dir='ltr'><strong>ad</strong></span> <span class='ocrx_word' id='word_1_364' title='bbox 3505 4229 3756 4315; x_wconf 90' lang='lat' dir='ltr'><strong>Papam</strong></span> 
     </span>
     <span class='ocr_line' id='line_1_37' title="bbox 713 4328 3754 4417; baseline 0.001 -23"><span class='ocrx_word' id='word_1_365' title='bbox 713 4329 1229 4417; x_wconf 89' lang='lat' dir='ltr'><strong>interponendae</strong></span> <span class='ocrx_word' id='word_1_366' title='bbox 1277 4350 1502 4394; x_wconf 89' lang='lat' dir='ltr'><strong>ansam</strong></span> <span class='ocrx_word' id='word_1_367' title='bbox 1550 4329 1808 4395; x_wconf 90' lang='lat' dir='ltr'><strong>dedisse</strong></span> <span class='ocrx_word' id='word_1_368' title='bbox 1858 4348 2167 4413; x_wconf 83' lang='lat' dir='ltr'><strong>expresse</strong></span> <span class='ocrx_word' id='word_1_369' title='bbox 2212 4329 2526 4413; x_wconf 85' lang='lat' dir='ltr'><strong>leguntur</strong></span> <span class='ocrx_word' id='word_1_370' title='bbox 2570 4328 2842 4410; x_wconf 89' lang='lat' dir='ltr'><strong>(numm.</strong></span> <span class='ocrx_word' id='word_1_371' title='bbox 2893 4330 3060 4412; x_wconf 84' lang='lat'><strong>596,</strong></span> <span class='ocrx_word' id='word_1_372' title='bbox 3113 4331 3280 4413; x_wconf 86' lang='lat'><strong>661,</strong></span> <span class='ocrx_word' id='word_1_373' title='bbox 3329 4332 3497 4413; x_wconf 93' lang='grc'><strong>950,</strong></span> <span class='ocrx_word' id='word_1_374' title='bbox 3551 4333 3754 4416; x_wconf 89' lang='grc'><strong>1068,</strong></span> 
     </span>
     <span class='ocr_line' id='line_1_38' title="bbox 723 4430 3753 4521; baseline 0.001 -23"><span class='ocrx_word' id='word_1_375' title='bbox 723 4436 928 4516; x_wconf 79' lang='lat'><strong>1555,</strong></span> <span class='ocrx_word' id='word_1_376' title='bbox 999 4435 1223 4518; x_wconf 88' lang='grc'><strong>2165).</strong></span> <span class='ocrx_word' id='word_1_377' title='bbox 1321 4433 1451 4499; x_wconf 82' lang='lat' dir='ltr'><strong>Sed</strong></span> <span class='ocrx_word' id='word_1_378' title='bbox 1523 4434 1790 4519; x_wconf 88' lang='lat' dir='ltr'><strong>insuper</strong></span> <span class='ocrx_word' id='word_1_379' title='bbox 1859 4431 2066 4496; x_wconf 88' lang='lat' dir='ltr'><strong>multo</strong></span> <span class='ocrx_word' id='word_1_380' title='bbox 2137 4432 2398 4518; x_wconf 90' lang='lat' dir='ltr'><strong>saepius</strong></span> <span class='ocrx_word' id='word_1_381' title='bbox 2466 4430 2641 4496; x_wconf 91' lang='lat' dir='ltr'><strong>idem</strong></span> <span class='ocrx_word' id='word_1_382' title='bbox 2713 4432 3065 4518; x_wconf 86' lang='lat' dir='ltr'><strong>contigisse</strong></span> <span class='ocrx_word' id='word_1_383' title='bbox 3135 4433 3325 4499; x_wconf 87' lang='lat' dir='ltr'><strong>facile</strong></span> <span class='ocrx_word' id='word_1_384' title='bbox 3391 4436 3753 4521; x_wconf 87' lang='lat' dir='ltr'><strong>colligitur,</strong></span> 
     </span>
     <span class='ocr_line' id='line_1_39' title="bbox 719 4534 3757 4623; baseline 0.001 -22"><span class='ocrx_word' id='word_1_385' title='bbox 719 4539 972 4622; x_wconf 89' lang='lat' dir='ltr'><strong>quoties</strong></span> <span class='ocrx_word' id='word_1_386' title='bbox 1042 4537 1402 4623; x_wconf 86' lang='lat' dir='ltr'><strong>diplomata</strong></span> <span class='ocrx_word' id='word_1_387' title='bbox 1471 4543 1696 4601; x_wconf 92' lang='lat' dir='ltr'><strong>nostra</strong></span> <span class='ocrx_word' id='word_1_388' title='bbox 1762 4534 1948 4622; x_wconf 88' lang='lat' dir='ltr'><strong>quasi</strong></span> <span class='ocrx_word' id='word_1_389' title='bbox 1994 4555 2113 4621; x_wconf 89' lang='lat' dir='ltr'><strong>per</strong></span> <span class='ocrx_word' id='word_1_390' title='bbox 2159 4540 2579 4601; x_wconf 89' lang='lat' dir='ltr'><strong>transennam</strong></span> <span class='ocrx_word' id='word_1_391' title='bbox 2626 4535 2762 4600; x_wconf 90' lang='lat' dir='ltr'><strong>litis</strong></span> <span class='ocrx_word' id='word_1_392' title='bbox 2810 4536 3147 4622; x_wconf 90' lang='lat' dir='ltr'><strong>cujusdam</strong></span> <span class='ocrx_word' id='word_1_393' title='bbox 3197 4537 3266 4601; x_wconf 92' lang='lat' dir='ltr'><strong>in</strong></span> <span class='ocrx_word' id='word_1_394' title='bbox 3314 4539 3495 4603; x_wconf 87' lang='lat' dir='ltr'><strong>curia</strong></span> <span class='ocrx_word' id='word_1_395' title='bbox 3540 4545 3757 4604; x_wconf 90' lang='lat' dir='ltr'><strong>motae</strong></span> 
     </span>
     <span class='ocr_line' id='line_1_40' title="bbox 721 4639 2654 4725; baseline -0.002 -20"><span class='ocrx_word' id='word_1_396' title='bbox 721 4640 965 4705; x_wconf 86' lang='lat' dir='ltr'><strong>faciunt</strong></span> <span class='ocrx_word' id='word_1_397' title='bbox 1009 4641 1412 4706; x_wconf 86' lang='lat' dir='ltr'><strong>mentionem</strong></span> <span class='ocrx_word' id='word_1_398' title='bbox 1458 4643 1547 4724; x_wconf 72' lang='grc' dir='ltr'><strong>(ν.</strong></span> <span class='ocrx_word' id='word_1_399' title='bbox 1596 4661 1692 4725; x_wconf 90' lang='lat' dir='ltr'><strong>gr.</strong></span> <span class='ocrx_word' id='word_1_400' title='bbox 1743 4660 1988 4704; x_wconf 90' lang='lat' dir='ltr'><strong>numm.</strong></span> <span class='ocrx_word' id='word_1_401' title='bbox 2043 4640 2206 4721; x_wconf 89' lang='grc'><strong>751,</strong></span> <span class='ocrx_word' id='word_1_402' title='bbox 2259 4640 2423 4722; x_wconf 88' lang='grc'><strong>755,</strong></span> <span class='ocrx_word' id='word_1_403' title='bbox 2476 4639 2654 4722; x_wconf 91' lang='grc'><strong>758).</strong></span> 
     </span>
    </p>

    <p class='ocr_par' dir='ltr' id='par_1_6' title="bbox 938 4741 3760 4833">
     <span class='ocr_line' id='line_1_41' title="bbox 938 4741 3760 4833; baseline 0.001 -24"><span class='ocrx_word' id='word_1_404' title='bbox 938 4744 1213 4809; x_wconf 89' lang='lat' dir='ltr'><strong>Praeter</strong></span> <span class='ocrx_word' id='word_1_405' title='bbox 1258 4744 1734 4830; x_wconf 89' lang='lat' dir='ltr'><strong>appellationes</strong></span> <span class='ocrx_word' id='word_1_406' title='bbox 1780 4741 2157 4828; x_wconf 89' lang='lat' dir='ltr'><strong>hujusmodi</strong></span> <span class='ocrx_word' id='word_1_407' title='bbox 2203 4743 2274 4806; x_wconf 91' lang='lat' dir='ltr'><strong>in</strong></span> <span class='ocrx_word' id='word_1_408' title='bbox 2319 4743 2525 4807; x_wconf 89' lang='lat' dir='ltr'><strong>forma</strong></span> <span class='ocrx_word' id='word_1_409' title='bbox 2561 4742 2848 4827; x_wconf 86' lang='lat' dir='ltr'><strong>juridica</strong></span> <span class='ocrx_word' id='word_1_410' title='bbox 2893 4743 2975 4808; x_wconf 89' lang='lat' dir='ltr'><strong>ad</strong></span> <span class='ocrx_word' id='word_1_411' title='bbox 3025 4744 3264 4811; x_wconf 81' lang='lat' dir='ltr'><strong>Sedem</strong></span> <span class='ocrx_word' id='word_1_412' title='bbox 3310 4746 3760 4833; x_wconf 88' lang='lat' dir='ltr'><strong>Apostolicam</strong></span> 
     </span>
    </p>
   </div>
   <div class='ocr_carea' id='block_1_3' title="bbox 726 4961 1213 4972">
    <p class='ocr_par' dir='ltr' id='par_1_7' title="bbox 726 4961 1213 4972">
     <span class='ocr_line' id='line_1_42' title="bbox 726 4961 1213 4972; baseline 0 1712"><span class='ocrx_word' id='word_1_413' title='bbox 726 4961 1213 4972; x_wconf 95' lang='lat' dir='ltr'><strong> </strong></span> 
     </span>
    </p>
   </div>
   <div class='ocr_carea' id='block_1_4' title="bbox 884 5120 2309 5671">
    <p class='ocr_par' dir='ltr' id='par_1_8' title="bbox 885 5120 1629 5188">
     <span class='ocr_line' id='line_1_43' title="bbox 885 5120 1629 5188; baseline -0.001 -15"><span class='ocrx_word' id='word_1_414' title='bbox 885 5122 941 5188; x_wconf 92' lang='grc'><strong>1)</strong></span> <span class='ocrx_word' id='word_1_415' title='bbox 972 5124 1204 5173; x_wconf 69' lang='lat' dir='ltr'><strong>Rotaria</strong></span> <span class='ocrx_word' id='word_1_416' title='bbox 1238 5124 1400 5173; x_wconf 77' lang='lat' dir='ltr'><strong>Sacra</strong></span> <span class='ocrx_word' id='word_1_417' title='bbox 1435 5122 1479 5174; x_wconf 89' lang='lat'><strong>1.</strong></span> <span class='ocrx_word' id='word_1_418' title='bbox 1509 5120 1629 5172; x_wconf 83' lang='grc'><strong>152.</strong></span> 
     </span>
    </p>

    <p class='ocr_par' dir='ltr' id='par_1_9' title="bbox 884 5200 2282 5349">
     <span class='ocr_line' id='line_1_44' title="bbox 885 5200 2282 5268; baseline 0 -16"><span class='ocrx_word' id='word_1_419' title='bbox 885 5202 941 5268; x_wconf 82' lang='grc'><strong>2)</strong></span> <span class='ocrx_word' id='word_1_420' title='bbox 974 5203 1029 5256; x_wconf 90' lang='lat' dir='ltr'><strong>S.</strong></span> <span class='ocrx_word' id='word_1_421' title='bbox 1064 5204 1254 5254; x_wconf 78' lang='lat' dir='ltr'><strong>Muller</strong></span> <span class='ocrx_word' id='word_1_422' title='bbox 1287 5204 1397 5253; x_wconf 76' lang='lat' dir='ltr'><strong>Hct</strong></span> <span class='ocrx_word' id='word_1_423' title='bbox 1428 5201 1714 5252; x_wconf 62' lang='lat' dir='ltr'><strong>rechuboek</strong></span> <span class='ocrx_word' id='word_1_424' title='bbox 1746 5218 1846 5252; x_wconf 74' lang='lat' dir='ltr'><strong>van</strong></span> <span class='ocrx_word' id='word_1_425' title='bbox 1877 5202 1973 5252; x_wconf 70' lang='lat' dir='ltr'><strong>den</strong></span> <span class='ocrx_word' id='word_1_426' title='bbox 2005 5203 2133 5253; x_wconf 79' lang='lat' dir='ltr'><strong>Dom</strong></span> <span class='ocrx_word' id='word_1_427' title='bbox 2166 5200 2282 5253; x_wconf 81' lang='grc'><strong>151.</strong></span> 
     </span>
     <span class='ocr_line' id='line_1_45' title="bbox 884 5281 1935 5349; baseline -0.001 -16"><span class='ocrx_word' id='word_1_428' title='bbox 884 5283 940 5348; x_wconf 89' lang='grc'><strong>3)</strong></span> <span class='ocrx_word' id='word_1_429' title='bbox 974 5284 1077 5335; x_wconf 79' lang='lat' dir='ltr'><strong>Cfr.</strong></span> <span class='ocrx_word' id='word_1_430' title='bbox 1113 5298 1272 5349; x_wconf 84' lang='lat' dir='ltr'><strong>supra</strong></span> <span class='ocrx_word' id='word_1_431' title='bbox 1306 5283 1508 5334; x_wconf 83' lang='lat' dir='ltr'><strong>Introd.</strong></span> <span class='ocrx_word' id='word_1_432' title='bbox 1542 5297 1600 5346; x_wconf 86' lang='lat' dir='ltr'><strong>p.</strong></span> <span class='ocrx_word' id='word_1_433' title='bbox 1628 5281 1935 5332; x_wconf 76' lang='lat' dir='ltr'>XV—XVI.</span> 
     </span>
    </p>

    <p class='ocr_par' dir='ltr' id='par_1_10' title="bbox 889 5361 1772 5428">
     <span class='ocr_line' id='line_1_46' title="bbox 889 5361 1772 5428; baseline 0.001 -15"><span class='ocrx_word' id='word_1_434' title='bbox 889 5363 943 5428; x_wconf 75' lang='lat'><strong>4)</strong></span> <span class='ocrx_word' id='word_1_435' title='bbox 976 5363 1294 5415; x_wconf 84' lang='lat' dir='ltr'><strong>Vermeulen</strong></span> <span class='ocrx_word' id='word_1_436' title='bbox 1331 5363 1623 5414; x_wconf 52' lang='lat' dir='ltr'><strong>Inventor&amp;</strong></span> <span class='ocrx_word' id='word_1_437' title='bbox 1657 5361 1772 5414; x_wconf 83' lang='grc'><strong>223.</strong></span> 
     </span>
    </p>

    <p class='ocr_par' dir='ltr' id='par_1_11' title="bbox 888 5442 2309 5589">
     <span class='ocr_line' id='line_1_47' title="bbox 888 5442 2309 5509; baseline 0.001 -15"><span class='ocrx_word' id='word_1_438' title='bbox 888 5444 941 5509; x_wconf 88' lang='grc'><strong>5)</strong></span> <span class='ocrx_word' id='word_1_439' title='bbox 976 5445 1030 5496; x_wconf 91' lang='lat' dir='ltr'><strong>S.</strong></span> <span class='ocrx_word' id='word_1_440' title='bbox 1064 5446 1255 5496; x_wconf 78' lang='lat' dir='ltr'><strong>Mulier</strong></span> <span class='ocrx_word' id='word_1_441' title='bbox 1290 5446 1534 5508; x_wconf 64' lang='lat' dir='ltr'><strong>Regum</strong></span> <span class='ocrx_word' id='word_1_442' title='bbox 1565 5446 1656 5494; x_wconf 75' lang='lat' dir='ltr'><strong>der</strong></span> <span class='ocrx_word' id='word_1_443' title='bbox 1689 5444 1811 5494; x_wconf 70' lang='lat' dir='ltr'><strong>etad</strong></span> <span class='ocrx_word' id='word_1_444' title='bbox 1855 5444 2061 5494; x_wconf 65' lang='lat' dir='ltr'><strong>Utreclat</strong></span> <span class='ocrx_word' id='word_1_445' title='bbox 2094 5442 2309 5496; x_wconf 75' lang='lat'><strong>71—74.</strong></span> 
     </span>
     <span class='ocr_line' id='line_1_48' title="bbox 888 5523 1670 5589; baseline -0.001 -12"><span class='ocrx_word' id='word_1_446' title='bbox 888 5525 943 5589; x_wconf 87' lang='grc'><strong>6)</strong></span> <span class='ocrx_word' id='word_1_447' title='bbox 978 5526 1294 5577; x_wconf 82' lang='lat' dir='ltr'><strong>Vermeulen</strong></span> <span class='ocrx_word' id='word_1_448' title='bbox 1329 5523 1426 5575; x_wconf 70' lang='lat'><strong>477</strong></span> <span class='ocrx_word' id='word_1_449' title='bbox 1464 5529 1518 5574; x_wconf 82' lang='lat' dir='ltr'><strong>et</strong></span> <span class='ocrx_word' id='word_1_450' title='bbox 1550 5524 1670 5576; x_wconf 80' lang='lat'><strong>496.</strong></span> 
     </span>
    </p>

    <p class='ocr_par' dir='ltr' id='par_1_12' title="bbox 890 5604 1444 5671">
     <span class='ocr_line' id='line_1_49' title="bbox 890 5604 1444 5671; baseline 0.002 -15"><span class='ocrx_word' id='word_1_451' title='bbox 890 5606 942 5671; x_wconf 87' lang='lat'><strong>7)</strong></span> <span class='ocrx_word' id='word_1_452' title='bbox 979 5605 1293 5658; x_wconf 81' lang='lat' dir='ltr'><strong>Vermeulen</strong></span> <span class='ocrx_word' id='word_1_453' title='bbox 1327 5604 1444 5657; x_wconf 88' lang='grc'><strong>619.</strong></span> 
     </span>
    </p>
   </div>
   <div class='ocr_carea' id='block_1_5' title="bbox 3782 1317 4129 1517">
    <p class='ocr_par' dir='ltr' id='par_1_13' title="bbox 3782 1317 4129 1517">
     <span class='ocr_line' id='line_1_50' title="bbox 3872 1317 4042 1366; baseline 0.018 -3"><span class='ocrx_word' id='word_1_454' title='bbox 3872 1317 4042 1366; x_wconf 80' lang='lat' dir='ltr'><strong>Variae</strong></span> 
     </span>
     <span class='ocr_line' id='line_1_51' title="bbox 3782 1384 4129 1449; baseline 0.012 -17"><span class='ocrx_word' id='word_1_455' title='bbox 3782 1384 4129 1449; x_wconf 80' lang='lat' dir='ltr'><strong>appellationes</strong></span> 
     </span>
     <span class='ocr_line' id='line_1_52' title="bbox 3783 1451 4123 1517; baseline 0.009 -16"><span class='ocrx_word' id='word_1_456' title='bbox 3783 1451 4123 1517; x_wconf 81' lang='lat' dir='ltr'><strong>Trajoctenscs.</strong></span> 
     </span>
    </p>
   </div>
  </div>
 </body>
</html>
