4450 6684
1900 549 2390 616 Ina-nonnemo.
3468 566 3662 616 van

614 766 854 833 fierent
920 766 1295 833 amicabiles
1364 766 1906 854 compositiones,
1978 763 2155 852 quod
2202 771 2273 831 et
2317 764 2561 831 factum
2610 764 2775 830 est.'’
2868 764 3029 830 Mox
3076 765 3252 831 enim
3305 766 3520 853 ¹,quod
3567 766 3667 832 eis

614 871 859 958 singuli
905 871 1194 959 episcopi
1241 892 1328 937 ex
1373 871 1587 957 gratia
1631 875 2115 958 apposuerunt,
2163 875 2502 955 gratanter
2547 869 3015 956 acceptarunt”
3041 871 3095 954 1)
3143 870 3552 937 Coloniensis
3595 877 3664 936 et

617 974 1046 1061 Moguntinus
1092 974 1424 1063 primates.

840 1078 1100 1145 Deinde
1170 1080 1242 1144 a⁰
1312 1079 1482 1144 1262
1548 1075 1949 1165 Engelberto
2011 1077 2468 1165 metropolitae
2525 1076 2901 1143 Coloniensi
2947 1077 3030 1143 ad
3076 1077 3357 1144 levanda
3404 1078 3665 1164 debita,

620 1182 856 1269 quibus
905 1188 1063 1249 tunc
1110 1184 1254 1268 ejus
1302 1184 1579 1249 ecclesia
1621 1183 1996 1267 laborabat,
2045 1182 2417 1247 vicesimam
2465 1182 2756 1246 omnium
2801 1181 2872 1246 in
2911 1184 3247 1270 provincia
3288 1183 3664 1250 Coloniensi

618 1285 996 1352 reddituum
1059 1288 1646 1354 ecclesiasticorum
1707 1287 2089 1373 fructusque
2151 1285 2345 1350 unius
2408 1285 2564 1349 anni
2624 1284 2870 1350 ibidem
2932 1287 3304 1352 vacantium
3361 1287 3668 1353 benefici·

616 1411 806 1457 orum
854 1413 1061 1479 usque
1110 1390 1194 1456 ad
1240 1391 1574 1458 biennium
1626 1392 1987 1478 assignavit
2029 1391 2339 1456 Urbanus
2379 1411 2551 1477 papa
2582 1389 2684 1455 IV
2715 1391 2989 1473 (numm.
3023 1394 3429 1476 289-290).
3489 1392 3665 1459 Huic

620 1494 912 1561 subsidio
976 1495 1326 1562 tribuendo
1389 1497 1625 1562 acriter
1687 1517 1757 1562 se
1823 1500 2274 1584 opposuerunt
2331 1494 2620 1580 quinque
2668 1495 2956 1581 capitula
3001 1496 3410 1581 Trajectensi
3457 1518 3665 1584 eaque

617 1597 706 1664 de
752 1620 950 1665 causa
993 1600 1270 1667 solemni
1313 1606 1506 1689 pacto
1554 1622 1624 1667 se
1668 1601 1950 1666 invicem
2000 1599 2404 1684 obligarunt,
2453 1619 2537 1664 ne
2586 1604 2933 1685 praetexta
2969 1600 3123 1685 Jura
3168 1621 3287 1665 sua
3333 1602 3413 1666 ab
3462 1602 3671 1667 archi·

624 1703 930 1792 episcopo
977 1706 1393 1792 aliquatenus
1437 1704 1875 1772 laederentur.
1963 1703 2189 1769 Simile
2236 1707 2501 1791 pactum
2550 1701 2805 1767 duobus
2853 1702 3146 1768 nondum
3194 1706 3383 1770 annis
3430 1705 3669 1794 elapsis

620 1828 917 1875 seorsum
962 1829 1080 1896 pro
1128 1810 1341 1897 seipso
1390 1809 1635 1876 fecerat
1681 1807 2040 1896 capitulum
2087 1807 2153 1873 S.
2189 1807 2459 1873 Mariae.
2484 1807 2537 1889 2)
2610 1805 2741 1871 Sed
2774 1828 2971 1894 quem
3005 1815 3315 1873 eventum
3348 1809 3671 1895 ejusmodi

622 1913 931 1978 habuerit
974 1934 1234 2000 pugna,
1284 1914 1550 1979 omnino
1597 1914 1994 2000 ignoramus.

851 2016 1159 2083 Ceterum
1234 2017 1409 2104 quod
1480 2016 1564 2083 ad
1633 2037 1802 2082 saec.
1875 2015 2050 2082 XIII
2118 2015 2391 2098 attinet,
2462 2013 2545 2079 de
2609 2014 2872 2079 tributis
2943 2016 3440 2100 ecclesiasticis,
3505 2039 3674 2104 quae

623 2120 877 2186 Summi
935 2121 1293 2188 Pontifices
1354 2121 1528 2210 apud
1590 2142 1710 2186 nos
1777 2122 2077 2207 exegisse
2142 2118 2527 2203 traduntur,
2589 2140 2819 2206 parum
2885 2120 2991 2185 vel
3046 2108 3228 2185 nihil
3259 2127 3487 2186 notum
3535 2128 3675 2207 est,

627 2226 753 2290 nisi
813 2226 1016 2291 verbo
1062 2226 1132 2290 in
1180 2225 1558 2292 memoriam
1607 2225 1886 2290 sufficiat
1930 2244 2238 2289 revocare
2284 2223 2328 2289 J
2332 2222 2608 2288 acobum
2655 2222 2977 2289 decanum
3025 2224 3094 2290 S.
3142 2225 3186 2291 J
3191 2224 3465 2290 ohannis
3512 2226 3671 2291 Tra-

616 2329 969 2415 jectensis,
1040 2329 1155 2416 qui
1222 2329 1294 2395 αθ
1367 2331 1537 2396 1285
1607 2328 1955 2411 „collector
2016 2327 2309 2393 decimae
2372 2326 2442 2392 in
2489 2326 2848 2393 subsidium
2897 2329 3141 2395 Terrae
3189 2329 3471 2396 Sanctae
3519 2351 3673 2395 con-

622 2453 849 2499 cessae
910 2454 1028 2521 per
1090 2433 1440 2500 dioecesim
1501 2434 1993 2519 Trajectensem
2054 2430 2447 2498 auctoritate
2512 2431 2701 2497 Sedis
2757 2432 3181 2518 Apostolicae
3229 2434 3669 2500 constitutus”

628 2535 828 2602 fuisse
871 2537 1132 2623 legitur.
1158 2537 1215 2621 3)

846 2642 1041 2706 Nunc
1085 2642 1288 2728 igitur
1331 2663 1500 2708 saec.
1550 2642 1719 2707 XIV
1764 2639 2057 2727 ejusdem
2107 2640 2478 2726 argumenti
2525 2660 2681 2726 ergo
2715 2640 3191 2727 aggrediamur.
3261 2641 3347 2707 Et
3377 2642 3664 2729 primum
3734 2651 3868 2699 8200·
3905 2645 4020 2697 XIV

620 2765 783 2811 sane
846 2744 1319 2811 consideranda
1378 2751 1727 2811 occurrunt
1776 2745 2029 2832 reliqua
2074 2743 2396 2828 decimae,
2446 2765 2641 2831 quam
2690 2743 3056 2810 Concilium
3103 2745 3552 2831 Lugdunense
3597 2745 3671 2813 αθ
3741 2717 4021 2836 οξῗοῖᾂζ,

631 2849 803 2915 1274
873 2848 956 2915 ad
1026 2871 1146 2916 sex
1215 2871 1421 2916 annos
1484 2855 1826 2936 exegerat,
1876 2846 2407 2936 quandoquidem
2451 2848 2651 2934 hujus
2699 2847 2990 2915 decimae
3036 2856 3269 2937 coepto
3308 2851 3449 2936 jam
3494 2871 3663 2917 saec.
3769 2853 3981 2920 P⁸P⁸l⁰⁸·

624 2952 794 3019 XIV
853 2974 1092 3040 magna
1149 2974 1298 3041 pars
1360 2954 1574 3020 adhuc
1636 2960 1778 3019 erat
1840 2950 2173 3019 solvenda.
2196 2952 2257 3034 4’)
2349 2952 2562 3029 Quam
2624 2960 2700 3017 ut
2765 2953 3031 3020 tandem
3094 2953 3446 3041 aliquando
3494 2956 3673 3021 colli-

625 3063 884 3144 gerent,
933 3059 1002 3123 in
1051 3059 1261 3124 varias
1308 3058 1699 3126 Germaniae
1745 3057 2111 3146 provincias
2160 3055 2228 3120 αθ
2282 3057 2450 3122 1307
2502 3056 2803 3146 deputati
2850 3063 3004 3123 sunt
3048 3060 3361 3144 magister
3400 3060 3669 3127 Gabriel

624 3161 1001 3248 capellanus
1047 3164 1297 3250 papalis
1345 3169 1414 3228 et
1457 3163 1698 3229 Petrus
1745 3161 1828 3227 de
1877 3161 2172 3227 Garleux
2218 3161 2425 3243 (num.
2476 3163 2642 3244 474,
2684 3162 3088 3242 488-490).
3152 3162 3362 3228 Immo
3396 3162 3467 3228 αθ
3503 3166 3673 3229 1317

623 3266 996 3354 iterumque
1058 3266 1128 3333 αθ
1191 3268 1364 3333 1320
1428 3266 1474 3334 J
1477 3267 1767 3333 ohannes
1832 3285 2005 3352 papa
2061 3263 2271 3330 XXII
2325 3264 2785 3331 collectoribus
2832 3266 2966 3331 suis
3012 3266 3214 3332 Petro
3262 3266 3562 3333 Durandi
3610 3276 3679 3335 et

625 3371 965 3438 Bernardo
1027 3371 1110 3439 de
1170 3372 1667 3438 Montevalrano
1728 3368 2099 3451 mandavit,
2162 3374 2240 3432 ut
2302 3369 2428 3434 tria
2489 3369 2696 3433 millia
2755 3390 3117 3435 marcarum
3167 3373 3463 3457 argenti,
3512 3394 3679 3460 quae

620 3476 967 3543 «Iohannes
1014 3475 1097 3542 de
1142 3476 1396 3542 Nassau
1445 3474 1693 3540 dudum
1741 3473 2145 3557 abstulerat,
2194 3473 2276 3537 ab
2325 3474 2467 3558 ejus
2516 3473 2999 3539 successoribus
3045 3475 3456 3542 restituenda
3500 3498 3683 3544 cura-

626 3588 775 3648 rent
835 3583 1108 3666 (numm.
1177 3582 1308 3646 540
1354 3587 1423 3647 et
1474 3581 1653 3664 582).
1747 3578 2069 3644 Attamen
2114 3575 2291 3661 quod
2340 3575 2422 3641 ad
2472 3577 2717 3642 factum
2764 3577 2870 3642 hic
2918 3599 3166 3644 errasse
3216 3578 3532 3646 dicendus
3581 3591 3684 3649 est

630 3685 932 3751 dominus
993 3685 1212 3773 Papa,
1276 3706 1423 3750 cnm
1484 3685 1679 3748 istam
1741 3681 2087 3770 pecuniam
2140 3681 2283 3766 jam
2344 3679 2416 3744 αθ
2486 3682 2655 3745 1280
2701 3681 2960 3767 integre
3008 3683 3379 3749 restitutam
3427 3689 3685 3753 noveri-

629 3810 772 3855 mus
796 3792 882 3874 5),
930 3790 1055 3854 nisi
1101 3790 1322 3877 potius
1369 3789 1648 3876 supponi
1692 3791 2022 3876 oporteat,
2070 3784 2457 3850 Rainerium
2491 3782 2572 3849 de
2606 3783 2762 3850 Orio
2797 3784 2877 3851 de
2908 3788 3190 3874 pecunia
3220 3789 3345 3854 sibi
3376 3792 3684 3858 restituta

625 3895 946 3960 rationem
992 3915 1128 3959 non
1178 3893 1440 3960 dedisse
1490 3893 1801 3959 Camerae
1850 3888 2302 3979 Apostolicae.
2415 3918 2418 3923 ·

847 3999 1105 4065 Novam
1171 3998 1488 4065 decimam
1550 4019 1669 4086 per
1730 4019 1849 4064 sex
1913 4017 2119 4063 annos
2182 3993 2254 4057 in
2301 3992 2661 4060 subsidium
2712 3993 2957 4059 Terrae
3005 3993 3286 4061 Sanctae
3332 3998 3679 4067 levandam

631 4104 978 4192 imperavit
1039 4103 1404 4169 Concilium
1467 4103 1846 4168 Viennense
1908 4101 2315 4187 eandemque
2380 4097 2450 4164 αθ
2519 4099 2691 4162 1312
2741 4098 3029 4163 Henrico
3078 4099 3565 4192 archiepiscopo
3612 4114 3681 4172 et

632 4208 953 4296 episcopis
1023 4207 1365 4274 ordinariis
1436 4207 1510 4272 in
1580 4205 1919 4293 provincia
1989 4205 2365 4272 Coloniensi
2435 4202 2919 4292 percipiendam
2992 4204 3314 4270 commisit
3384 4207 3689 4277 Clemens

628 4334 799 4401 papa
857 4311 919 4377 V
962 4313 1176 4397 (num.
1228 4312 1408 4395 520).
1487 4308 1748 4376 Deinde
1797 4308 1868 4375 αθ
1918 4311 2090 4375 1316
2139 4307 2480 4374 Johannes
2526 4328 2700 4395 papa
2745 4307 2954 4373 XXII
2998 4307 3248 4374 fructus
3296 4312 3487 4397 primi
3534 4317 3692 4381 anni

634 4416 925 4482 omnium
968 4415 1465 4499 beneficiorum,
1516 4435 1683 4501 quae
1730 4435 1849 4503 per
1900 4413 2262 4479 triennium
2308 4413 2379 4477 in
2424 4412 2766 4499 provincia
2811 4410 3185 4478 Coloniensi
3233 4424 3573 4503 vacarent,
3622 4421 3694 4485 in

632 4518 824 4585 Sedis
871 4520 1294 4608 Apostolicae
1342 4518 1753 4585 commodum
1799 4518 2192 4600 reservavit3
2240 4537 2404 4603 quos
2452 4516 2759 4581 similiter
2804 4536 2936 4581 una
2981 4537 3129 4581 cnm
3175 4517 3381 4585 Petro
3429 4527 3497 4587 et
3535 4523 3695 4589 Ber-

637 4623 838 4690 nardo
886 4624 1344 4690 collectoribus
1388 4623 1699 4711 praefatis
1749 4622 2038 4710 episcopi
2088 4619 2398 4685 ordinarii
2443 4621 2515 4686 in
2561 4641 2683 4685 sua
2727 4622 3002 4708 quisque
3051 4619 3335 4689 dioecesi
3381 4626 3691 4714 colligere

639 4727 1009 4794 debuerunt
1072 4729 1277 4812 (num.
1342 4728 1523 4812 535).
1617 4726 1786 4792 Cum
1849 4730 2072 4791 autem
2133 4746 2331 4812 super
2390 4724 2515 4790 hoc
2577 4725 2825 4791 tributo
2873 4724 3187 4791 solvendo
3236 4726 3691 4797 difficultatem

642 4838 977 4898 moverent
1045 4832 1358 4897 ecclesiae
1428 4831 1812 4916 collegiatae
1884 4830 2379 4915 Trajectenses,
2451 4834 2683 4918 utpote
2745 4828 3105 4895 cathedrali
3169 4832 3483 4900 ecclesiae
3548 4856 3692 4902 sese

633 4938 1170 5025 aequiparantes,
1218 4957 1330 5002 eas
1375 4936 1770 5001 solutionem
1815 4931 2192 5019 hujusmodi
2241 4932 2571 4998 fructuum
2618 4933 2848 5019 utique
2892 4932 3134 5000 debere
3174 4933 3477 5001 dominus
3510 4937 3695 5026 Papa

802 5287 860 5349 1)
896 5288 1170 5340 Menconis
1208 5286 1509 5338 chronicon
1546 5288 1685 5351 apud
1724 5286 2059 5337 Matthaeum
2093 5284 2352 5335 Analecta
2387 5284 2456 5335 11.
2489 5283 2607 5336 138.

805 5368 863 5434 2)
898 5368 1198 5433 Diplomata
1240 5369 1341 5419 d.d.
1387 5367 1522 5419 1263
1555 5367 1799 5419 Octobris
1841 5367 1910 5418 18
1943 5373 1997 5418 et
2030 5367 2163 5418 1265
2198 5363 2325 5429 Maji
2360 5365 2394 5416 8
2428 5365 2747 5416 Vermeulen
2784 5364 3077 5416 Inventam-is
3112 5362 3236 5429 250,
3271 5363 3393 5431 251,
3431 5364 3556 5431 263;
3600 5366 3697 5420 cfr.

644 5450 707 5502 A.
741 5449 1042 5501 Matthaeus
1076 5450 1142 5499 ad
1179 5449 1438 5515 Anonym.
1474 5450 1552 5499 De
1582 5448 1729 5499 robae
1773 5449 2046 5514 Ula-ayant.
2082 5447 2199 5501 173.

804 5530 863 5590 3)
902 5529 1244 5580 Oorkondenb.
1277 5546 1376 5579 van
1409 5530 1557 5580 Holz.
1590 5547 1652 5580 cn
1685 5530 1912 5580 Zcoland
1946 5530 2014 5580 11.
2050 5529 2114 5579 n‘
2147 5530 2266 5582 550.

807 5611 863 5674 4)
898 5610 1004 5662 Cfr.
1045 5609 1239 5661 Kirsch
1274 5610 1371 5660 Die
1395 5611 1718 5677 papalium
1754 5610 2109 5662 Kollekeorien
2142 5611 2452 5676 Einleitung
2485 5607 2609 5659 xvl
2644 5621 2755 5673 seq.

809 5693 867 5758 5)
902 5691 1008 5743 Csr.
1045 5692 1253 5742 Introd.
1294 5706 1452 5756 supra
1489 5697 1543 5742 et
1576 5706 1727 5742 num.
1760 5690 1876 5743 342.
