4450 6684
860 502 946 573 56
2083 499 2542 566 Innoomms
2593 500 2710 566 VI.

849 718 1048 787 1484.
1748 722 1957 804 1353,
2006 721 2199 786 Junii
2246 722 2287 785 4
2310 770 2327 804 ,
2377 743 2482 807 ap.
2548 720 3038 786 Villamnovam.

1168 874 1405 939 Jacobo
1453 872 1714 939 Storum
1761 876 2096 959 utriusque
2123 876 2309 958 Juris
2355 875 2598 940 doctori
2643 875 2975 958 confertur
3020 876 3428 940 canonicatus
3470 882 3530 940 et
3564 882 3925 940 reservatur

1061 979 1430 1065 praebenda
1491 1001 1631 1043 cum
1691 981 2121 1065 supplemento
2187 982 2257 1045 in
2319 983 2573 1047 ecclesia
2620 980 2688 1045 S.
2739 980 3009 1046 Lebuini
3058 980 3523 1045 Daventriensi.
3577 1019 3659 1030 —
3706 980 3923 1066 Depu-

1074 1094 1297 1151 tantur
1344 1093 1712 1150 executores.

1071 1266 1474 1332 Litterarum
1522 1267 1818 1332 scientia.
1848 1314 1864 1331 .
1895 1314 1910 1331 .
1942 1314 1958 1331 .
2006 1266 2160 1332 Dat.
2212 1266 2388 1355 apud
2435 1268 2919 1333 Villamnovam
2968 1266 3435 1334 Avinionensis
3484 1264 3796 1350 diocesis,
3845 1265 3916 1331 H

844 1373 1017 1439 Non.
1067 1373 1286 1456 Junii,
1336 1393 1507 1438 anno
1555 1374 1786 1458 prim0.

1269 1509 1393 1572 Ray.
1429 1509 1527 1557 Δυ.
1574 1510 1629 1558 Τ.
1664 1506 1725 1572 4,
1749 1510 1812 1573 f.
1846 1507 1988 1557 4640.

835 1994 1031 2063 1485.
1722 1996 1941 2078 1353,
1991 1994 2184 2060 Junii
2230 1999 2312 2080 8,
2362 2018 2468 2082 ap.
2532 1997 3022 2062 Villamnovam.

1153 2150 1595 2236 (Enyelberto)
1670 2153 1952 2235 episcopo
2022 2150 2359 2215 Leodiensi
2425 2149 2807 2231 mandatur,
2877 2156 2951 2213 ut
3011 2148 3304 2213 Johanni
3362 2155 3514 2213 nato
3564 2147 3905 2213 Guillermi

1059 2258 1300 2322 domini
1343 2258 1418 2321 de
1479 2257 1891 2341 Wez(e)male
1937 2258 2199 2339 militis,
2248 2258 2469 2321 clerico
2516 2255 2710 2319 Leod.
2760 2255 2981 2337 dioec„
3027 2255 3317 2338 conferat
3361 2257 3798 2320 canonicatum
3843 2261 3905 2320 et

1059 2371 1326 2428 reservet
1368 2364 1792 2448 praebenda-m
1839 2367 1909 2428 in
1954 2365 2209 2429 ecclesia
2267 2363 2674 2446 Trajectensi.

1058 2543 1348 2628 Dignum
1422 2544 1834 2610 arbitramur.
1863 2592 1879 2609 .
1910 2594 1925 2611 .
1956 2594 1970 2609 .
2041 2545 2196 2610 Dat.
2269 2543 2444 2632 apud
2508 2543 2990 2609 Villamnovam
3052 2542 3520 2609 Avinionousis
3583 2541 3859 2608 diocesis
3878 2589 3898 2626 ,

838 2650 936 2716 VI
984 2649 1082 2714 Id.
1133 2649 1354 2733 Junii,
1404 2672 1575 2715 anno
1624 2652 1857 2737 primo.

1251 2784 1375 2847 Rey.
1411 2784 1507 2834 Αυ.
1553 2786 1605 2833 Τ.
1643 2784 1701 2849 4,
1729 2787 1786 2850 s.
1825 2783 1940 2836 416.

828 3268 1024 3336 1486.
1710 3273 1920 3356 1353,
1969 3272 2143 3337 Julii
2189 3274 2309 3356 11,
2358 3293 2463 3358 ap.
2527 3273 3010 3338 Villamnovam.

1142 3423 1483 3508 Raynaldo
1534 3422 1603 3488 S.
1649 3424 1941 3489 Adriani
1986 3425 2248 3490 diacono
2300 3426 2641 3490 Cardinali
2686 3427 3109 3508 conferuntur
3155 3427 3563 3491 canonicatus
3609 3433 3667 3491 et
3702 3446 3896 3511 prae-

1052 3530 1250 3593 benda
1311 3551 1449 3594 cum
1511 3532 1944 3616 supplemento
2008 3540 2066 3596 et
2135 3532 2541 3596 thesauraria
2588 3535 2656 3595 in
2702 3534 2954 3596 ecclesia
3012 3532 3399 3616 Trajectensi
3444 3539 3733 3597 vacantes
3765 3552 3889 3617 per

1037 3635 1497 3718 promotionem
1542 3634 1867 3699 Johannis
1914 3628 2188 3721 episcopi
2234 3636 2546 3700 Rivensis.
2600 3673 2682 3684 —
2732 3636 3146 3720 Deputantur
3191 3643 3559 3700 executores.

1050 3814 1227 3879 Dum
1276 3816 1693 3902 exquisitam.
1726 3866 1740 3881 .
1770 3864 1786 3881 .
1816 3865 1831 3880 .
1881 3817 2035 3882 Dat.
2085 3817 2260 3905 apud
2302 3817 2786 3883 Villamnovam
2824 3816 3291 3883 Avinionensis
3330 3816 3637 3899 diocesis,
3684 3817 3749 3882 V
3787 3815 3890 3882 Id.

825 3922 1019 4005 Julii,
1081 3922 1502 4008 pontificatus
1554 3924 1763 3988 nostri
1808 3945 1983 3989 anno
2031 3926 2266 4011 primo.

1241 4058 1365 4122 Ray.
1400 4059 1497 4109 Av.
1541 4061 1593 4109 T.
1632 4058 1691 4122 1,
1716 4060 1777 4123 f.
1814 4058 1955 4110 1640.

818 4545 1007 4611 1487.
1817 4547 2031 4629 1353,
2086 4545 2368 4611 Octobris
2418 4549 2489 4629 6,
2538 4547 2905 4610 Avenionis.

1138 4700 1366 4784 Eyidio
1437 4708 1587 4765 nato
1652 4700 1977 4765 Johannis
2038 4700 2124 4764 M
2121 4701 2404 4786 uqyaerd
2464 4700 2884 4783 conferuntur
2943 4702 3352 4764 canonicatus
3414 4707 3474 4764 et
3523 4698 3890 4785 praebenda

1045 4808 1328 4870 ecclesiae
1389 4806 1443 4868 b.
1511 4805 1765 4869 Mariae
1839 4805 2055 4890 Traj.,
2111 4828 2241 4891 pro
2290 4807 2518 4892 quibus
2566 4828 2705 4870 cum
2751 4807 3122 4891 Papiniano
3172 4806 3248 4870 de
3292 4804 3504 4871 Flisco
3539 4813 3887 4891 perpetuas

1043 4913 1432 4996 capellanias
1507 4912 1573 4975 S.
1648 4912 1970 4976 Johannis
2040 4913 2489 4997 Evanqelistae
2551 4915 2619 4976 in
2683 4911 2750 4976 S.
2817 4912 3172 4977 Salvator-is
3243 4910 3631 4995 Trajectensi
3690 4919 3751 4975 et
3807 4910 3887 4974 B.

1044 5018 1340 5103 Ayathae
1385 5020 1455 5081 in
1510 5019 1631 5098 „de
1671 5018 2095 5104 Clottinghe”
2144 5021 2412 5084 ecclesiis
2439 5020 2701 5104 putavit
2732 5018 3216 5104 permutandas.
3247 5019 3299 5102 1)
3349 5055 3429 5066 —
3470 5017 3885 5103 Deputantur

1040 5133 1410 5189 executores.

1043 5307 1423 5393 Apostolice
1490 5306 1727 5372 sedis..
1758 5356 1772 5370 .
1802 5356 1818 5372 .
1890 5308 2043 5373 Non
2105 5309 2520 5375 obstantibus
2590 5357 2604 5374 .
2638 5358 2652 5373 .
2682 5357 2696 5373 .
2726 5358 2740 5373 .
2808 5309 2984 5396 quod
3047 5314 3338 5374 curatam
3400 5307 3739 5374 ecclesiam
3801 5305 3885 5371 de

819 5413 1296 5478 Meleofskerke
1364 5414 1513 5497 (sic)
1581 5420 1648 5477 et
1709 5415 1780 5478 in
1842 5414 1923 5479 de
1985 5415 2333 5501 Medeldyc
2401 5416 2549 5501 (sio)
2577 5416 2631 5500 2)
2694 5438 2892 5480 unam
2957 5421 3024 5481 et
3070 5417 3139 5480 in
3187 5416 3407 5481 Zirixe
3455 5416 3648 5479 aliam
3695 5435 3769 5479 ac
3818 5414 3889 5477 in

817 5521 1015 5584 Brilis
1080 5523 1351 5585 alteram
1422 5526 1488 5585 et
1541 5522 1610 5585 in
1658 5522 1848 5586 Nisse
1899 5523 2091 5586 aliam
2138 5528 2492 5608 perpetuas
2543 5524 2938 5609 capellanias
2990 5531 3058 5588 et
3102 5525 3170 5587 in
3217 5524 3447 5590 Veteri
3491 5519 3880 5588 Duvelande

820 5627 1184 5692 custodiam
1232 5628 1367 5691 sive
1415 5628 1927 5692 matriculariam
1976 5650 2051 5693 ac
2097 5631 2167 5694 in
2216 5629 2447 5694 eadem
2494 5631 2723 5696 Veteri
2777 5631 3066 5695 ecclesiis
3106 5630 3281 5696 dicte
3323 5630 3598 5696 diocesis
3637 5635 3885 5695 certam
