4450 6684
722 539 877 585 xxx
2007 524 2493 592 Itu-nonnemo.

947 736 1357 804 Ludovicum
1406 758 1561 823 ergo
1608 738 1939 804 Bavarum
1981 738 2061 805 ad
2096 746 2374 806 mortem
2407 763 2614 830 usque
2648 748 2718 809 et
2749 742 2923 809 ultra
2953 744 3243 810 omnium
3282 744 3418 811 fere
3450 766 3776 811 consensu

721 841 1089 928 legitimum
1137 839 1312 929 apud
1359 861 1480 906 nos
1525 841 1829 907 habitum
1874 863 2020 909 esse
2066 844 2543 931 Imperatorem
2589 847 2823 912 merito
2873 848 3195 914 affirmare
3240 870 3608 936 possumus.

379 954 653 1006 Conclusio.
948 944 1134 1020 Quae
1202 943 1478 1032 proinde
1547 966 1635 1011 ex
1702 945 1826 1011 hac
1883 947 2142 1034 prolixa
2204 948 2288 1015 de
2348 949 2749 1037 reipublicae
2811 952 3096 1037 negotiis
3156 953 3549 1018 excursione
3603 973 3778 1018 sum·

722 1049 949 1114 matim
998 1048 1402 1134 colliguntur
1446 1049 1543 1114 ita
1589 1049 2043 1117 concludenda
2086 1072 2355 1119 censeo:
2402 1054 2690 1140 episcopi
2727 1055 3219 1140 Trajectenses,
3260 1061 3585 1143 quotquot
3622 1061 3777 1121 ante

723 1173 892 1217 saec.
954 1152 1130 1218 XIII
1193 1152 1495 1217 civilibus
1559 1152 1754 1218 rebus
1814 1155 2131 1242 implicati
2192 1156 2538 1241 leguntur,
2604 1157 2742 1244 regi
2789 1179 2908 1223 suo
2965 1159 3072 1224 vel
3123 1159 3512 1247 Imperatori
3558 1160 3777 1247 potius

723 1277 918 1343 quam
964 1256 1269 1321 Romano
1317 1256 1626 1322 Pontifici
1675 1259 1936 1345 saepius
1983 1260 2159 1324 inter
2204 1281 2277 1325 se
2325 1259 2865 1326 dissentientibus
2911 1261 3302 1346 adhaerere,
3350 1268 3584 1350 postea
3621 1283 3778 1328 vero

720 1360 878 1426 belli
943 1361 1284 1446 pacisque,
1347 1381 1516 1446 quae
1577 1359 1662 1426 ad
1724 1367 1937 1427 totum
2004 1363 2360 1450 Imperium
2424 1366 2902 1451 spectaverint,
2967 1366 3257 1431 consiliis
3303 1366 3501 1452 vulgo
3549 1387 3621 1433 se
3667 1366 3780 1431 ab·

723 1465 968 1529 stinere
1033 1464 1357 1530 solebant.
1450 1465 1770 1531 Similiter
1830 1465 2227 1532 Hollandiae
2291 1489 2366 1532 ac
2427 1468 2689 1534 Gelriae
2737 1469 3066 1556 principes
3111 1470 3180 1535 in
3227 1470 3561 1557 frequenti
3605 1470 3780 1535 inter

724 1566 1179 1634 Sacerdotium
1241 1573 1309 1633 et
1370 1568 1729 1654 Imperium
1792 1570 2220 1636 altercatione
2282 1572 2666 1659 plerumque
2731 1594 2772 1637 a
2815 1574 3002 1659 regia
3047 1573 3316 1638 stabant
3362 1579 3578 1661 parte,
3628 1595 3782 1639 cen·

723 1692 908 1737 suras
966 1671 1472 1754 ecclesiasticas,
1530 1693 1804 1758 quarum
1851 1674 2145 1761 periculo
2195 1681 2547 1761 propterea
2592 1696 2663 1741 se
2711 1678 3231 1760 committerent,
3279 1677 3392 1742 vix
3439 1683 3779 1759 curantes3

723 1774 838 1840 sed
886 1775 1267 1840 alterutrius
1306 1783 1526 1863 partes
1570 1782 1953 1863 sequentes,
1995 1778 2316 1864 augendis
2353 1780 2632 1867 propriis
2677 1779 3034 1844 commodis
3070 1786 3142 1846 et
3179 1780 3538 1846 honoribus
3577 1781 3781 1867 potis-

725 1880 960 1944 simum
1024 1900 1289 1966 operam
1350 1878 1615 1945 dabant.
1712 1880 1897 1956 Quae
1942 1882 2157 1967 igitur
2219 1902 2298 1947 eo
2363 1884 2641 1970 amplius
2702 1883 3087 1971 faciliusque
3152 1883 3601 1970 recuperanda
3661 1905 3782 1971 pu-

725 1986 1044 2067 taverint,
1114 1983 1169 2048 si
1239 1983 1589 2071 aliquando
1662 1990 1994 2071 tamquam
2064 1985 2486 2072 Apostolicae
2545 1986 2734 2053 Sedis
2781 1986 3093 2053 adversus
3140 2008 3363 2073 regem
3418 1993 3777 2055 sectatores

725 2092 1112 2171 occurrunt,
1175 2089 1274 2153 uti
1336 2086 1421 2153 de
1485 2089 1842 2154 Wilhelmo
1908 2089 1978 2154 11
2041 2095 2241 2176 atque
2287 2088 2377 2154 IV
2433 2089 2832 2156 Hollandiae
2881 2111 3136 2156 necnon
3186 2091 3266 2156 de
3315 2090 3661 2177 Reynaldo
3709 2090 3782 2223 II

723 2192 989 2258 Gelriae
1035 2191 1384 2257 comitibus
1424 2193 1577 2277 jure
1623 2193 1858 2258 merito
1907 2192 2170 2258 videtur
2217 2193 2666 2260 asserendum.

948 2296 1253 2383 Denique
1316 2297 1543 2360 referri
1605 2297 1734 2362 huc
1782 2298 1979 2362 etiam
2043 2304 2324 2384 possunt
2382 2298 2702 2363 nonnulla
2761 2298 3014 2385 capita,
3064 2318 3234 2385 quae
3281 2318 3431 2362 cum
3478 2299 3778 2365 civilibus

723 2402 928 2467 totius
989 2399 1258 2486 Imperii
1319 2399 1516 2464 rebus
1579 2400 1992 2466 connexione
2054 2400 2323 2466 minime
2387 2407 2652 2467 carent:
2718 2424 2778 2465 v.
2843 2422 2938 2487 gr.
3004 2401 3462 2487 expeditiones
3521 2423 3780 2485 sacrae,

723 2503 1018 2570 decimae
1055 2503 1432 2590 impositae,
1482 2504 1704 2568 nuncii
1729 2503 2110 2590 'Apostolici
2152 2510 2410 2569 nostras
2454 2506 2523 2571 in
2562 2508 2865 2592 regiones
2906 2505 3240 2571 destinati.
3302 2505 3434 2571 Sed
3478 2505 3560 2572 de
3602 2506 3780 2572 hisce

725 2615 794 2673 et
842 2606 1164 2673 similibus
1212 2627 1331 2672 suo
1379 2627 1639 2693 quoque
1684 2607 1829 2672 loco
1876 2607 2046 2672 infra
2093 2609 2505 2675 tractabitur.

2002 2814 2203 2879 Sestio
2269 2818 2497 2880 altera.

949 3021 1127 3106 Aget
1187 3022 1389 3102 haec,
1452 3025 1527 3084 ut
1589 3042 1785 3107 supra
1830 3021 2084 3086 Introd.
2133 3045 2198 3109 p.
2248 3022 2313 3088 X
2362 3025 2621 3107 monui,
2670 3022 2752 3088 de
2800 3023 3238 3109 argumentis,
3288 3043 3458 3110 quae
3505 3022 3780 3087 rationis

721 3127 937 3190 stricte
981 3125 1424 3189 ecclesiasticae
1469 3125 1722 3189 censeri
1768 3132 2064 3212 possunt.
2126 3126 2419 3201 Quorum
2468 3129 2697 3214 utique
2744 3128 2813 3192 in
2855 3133 3079 3192 nostro
3121 3127 3411 3192 Bullario
3454 3131 3641 3191 tanta
3678 3130 3780 3190 est

726 3230 1096 3314 congeries,
1145 3234 1220 3293 ut
1266 3229 1481 3314 aptior
1528 3230 1640 3293 vix
1688 3237 2002 3316 appareat
2047 3231 2186 3313 via,
2237 3252 2431 3316 quam
2479 3232 2535 3295 si
2580 3232 2921 3296 materiam
2967 3232 3038 3295 in
3079 3236 3390 3317 quattuor
3428 3228 3781 3317 praecipua

723 3334 939 3420 capita
984 3353 1425 3398 secernamus.
1522 3332 1624 3398 De
1672 3333 1946 3418 singulis
1991 3334 2193 3420 igitur
2241 3355 2530 3400 seorsum
2581 3334 2962 3401 disserendo
3010 3336 3102 3399 sic
3150 3334 3409 3421 insequi
3453 3332 3671 3398 lubet:

949 3438 985 3520 ξ
1037 3440 1094 3501 1.
1187 3436 1665 3523 Episcoporum
1710 3436 2230 3521 Trajectensium
2279 3460 2394 3525 per
2440 3440 2813 3505 Romanum
2860 3439 3251 3504 Pontificem
3297 3438 3560 3504 creatio.

951 3542 987 3624 ξ
1034 3541 1096 3605 2.
1189 3540 1530 3605 Abbatum
1593 3540 1991 3625 regularium
2047 3542 2408 3607 nominatio
2469 3547 2538 3607 et
2581 3541 2991 3628 quorundam
3038 3543 3584 3607 monasteriorum
3634 3561 3779 3628 spe·

723 3646 906 3710 cialis
954 3665 1102 3709 cum
1150 3642 1325 3710 Sede
1372 3643 1758 3729 Apostolica
1802 3665 2031 3710 nexus.

948 3749 984 3831 ξ
1031 3750 1095 3813 3
1188 3747 1567 3813 Facultates
1630 3768 1885 3831 sacrae,
1951 3748 2323 3836 privilegia,
2390 3748 2911 3836 dispensationes
2977 3750 3045 3814 in
3111 3755 3335 3814 nostra
3396 3738 3681 3815 dioecesi
3739 3769 3780 3814 a

723 3851 1010 3916 Summis
1057 3850 1494 3916 Pontificibus
1541 3855 1868 3937 erogatae.

948 3956 983 4039 ξ
1031 3956 1072 4018 4
1185 3953 1664 4020 Beneficiorum
1724 3955 2312 4020 ecclesiasticorum
2359 3956 2619 4022 collatio
2668 3962 2736 4022 et
2783 3956 3138 4022 reservatio
3187 3962 3388 4044 atque
3437 3976 3633 4043 super
3677 3955 3773 4021 eis

724 4057 1246 4146 dispensationes
1293 4058 1584 4145 papales.

722 4266 757 4349 ξ
812 4269 868 4330 1.
957 4266 1521 4352 Episcoporum
1566 4264 2205 4349 Trajectensium
2253 4287 2390 4353 per
2435 4267 2868 4331 Romanum
2914 4266 3396 4332 Pontificem
3443 4266 3774 4331 creatio.

356 4494 450 4544 sus
483 4494 693 4561 eligendi
955 4472 1332 4540 Secundum
1394 4472 1880 4558 antiquissimos
1937 4471 2271 4537 Ecclesiae
2317 4493 2601 4538 canones
2648 4473 2920 4558 eligenti
2968 4471 3142 4538 clero
3189 4493 3265 4538 ac
3312 4474 3556 4560 populo
3603 4493 3778 4538 com-

376 4563 669 4629 ⁰Pi⁸⁰⁰P¹²¹¹²·
728 4584 956 4666 petere
1004 4577 1258 4643 solebat
1294 4577 1747 4663 episcoporum
1780 4576 2169 4662 designatio.
2239 4576 2557 4642 Attamen
2592 4583 2667 4641 ut
2696 4576 2766 4641 in
2798 4575 2943 4640 aliis
2975 4575 3367 4642 Germaniae
3399 4577 3776 4664 regionibus

724 4684 822 4746 ita
865 4682 937 4746 in
982 4687 1208 4746 nostra
1253 4700 1514 4766 quoque
1561 4678 1844 4745 dioecesi
1882 4681 2024 4765 jam
2071 4701 2111 4744 a
2157 4680 2418 4746 saeculo
2464 4681 2569 4747 IX
2603 4700 2790 4765 reges
2823 4685 2892 4744 et
2922 4678 3349 4765 imperatores
3380 4681 3517 4746 fere
3550 4700 3776 4746 omnes

726 4793 796 4851 et
858 4786 1183 4871 singulos,
1256 4783 1663 4871 paucissimis
1726 4787 1981 4848 tantum
2047 4784 2381 4869 exceptis,
2443 4784 2777 4871 praesules
2840 4783 3296 4867 Trajectenses
3358 4785 3778 4851 nominarunt

727 4891 864 4955 sive
934 4888 1408 4970 investierunt,
1477 4885 1687 4951 donec
1758 4886 1831 4950 a0
1906 4889 2077 4952 1122
2144 4887 2383 4951 initum
2452 4887 2578 4951 fuit
2648 4884 3131 4952 Concordatum
3187 4887 3698 4954 Wormatiense.
3722 4888 3776 4972 1)

725 4994 806 5060 In
868 4993 994 5059 hoc
1057 4990 1511 5058 Sacerdotium
1573 4994 1774 5076 atque
1820 4989 2177 5077 Imperium
2223 4996 2381 5056 tunc
2428 4997 2915 5073 convenerunt,
2974 5000 3050 5059 ut
3095 4995 3165 5058 in
3213 4993 3566 5059 Germania
3609 4993 3778 5080 epis-

727 5117 1040 5184 coporum
1089 5095 1325 5161 electio
1374 5094 1691 5159 canonica
1735 5099 1803 5159 et
1847 5093 2057 5159 libera
2102 5093 2413 5181 deinceps
2460 5094 2664 5177 foret,
2713 5118 2880 5163 neve
2928 5099 3047 5166 ulli
3084 5098 3371 5186 praesuli
3407 5096 3774 5162 neo-electo

727 5200 1094 5288 Imperator
1138 5199 1247 5264 vel
1294 5218 1413 5263 rex
1460 5195 1618 5284 quid
1665 5197 1792 5262 nisi
1837 5197 2084 5283 regalia
2130 5198 2425 5263 conferre
2465 5207 2942 5288 praesumeret3
2991 5202 3249 5289 quoties
3293 5205 3515 5266 autem
3557 5205 3776 5287 partes

891 5563 948 5628 1)
992 5562 1098 5615 Cfr.
1131 5578 1292 5628 supra
1327 5563 1528 5613 Introd.
1566 5577 1616 5627 p.
1658 5562 1813 5626 xl113
1859 5563 1991 5615 Lud.
2026 5563 2409 5615 Thomassinus
2456 5565 2610 5616 Vetus
2643 5570 2693 5615 st
2727 5583 2858 5618 nova
2891 5568 3149 5619 Εοοζοείαο
3181 5569 3458 5636 disciplina
3490 5566 3671 5633 (1728)
3706 5566 3774 5618 11.

726 5644 826 5695 415
860 5658 996 5708 seq.;
1032 5643 1157 5694 Mon
1194 5643 1670 5709 Ksrkgesckisdenis
1705 5643 1747 5694 1.
1781 5642 1880 5694 297
1915 5659 2053 5709 seq„
2092 5644 2161 5695 11.
2195 5657 2231 5695 1.
2265 5643 2349 5695 83.
3719 5685 3722 5688 .
