4450 6684
1756 541 2215 606 Inuocsnrms
2260 539 2380 604 VI.
3521 540 3598 603 71

537 761 728 831 1538.
1573 764 1783 844 1355,
1831 761 2026 826 Junii
2068 762 2142 846 2,
2192 761 2563 825 Avenionis.

854 913 1117 998 (Petro)
1175 917 1459 999 episcopo
1521 915 1955 978 Cameracensi
2000 913 2088 978 ad
2121 916 2491 999 petitionem
2537 917 3003 980 communitatis
3049 916 3272 1002 oppidi
3314 917 3608 984 Dordra-

769 1022 968 1084 censis
1011 1020 1381 1103 mandatur,
1428 1028 1505 1085 ut
1547 1020 1636 1085 ibi
1679 1021 1996 1086 ecclesiam
2033 1021 2507 1106 parochialem,
2554 1023 2888 1107 sanquinis
2926 1023 3229 1105 effusione
3256 1025 3610 1108 pollum,

763 1128 1176 1192 reconciliare
1244 1127 1606 1213 dictumque
1673 1128 2014 1213 oppidum,
2087 1127 2195 1192 ubi
2244 1130 2393 1212 jam
2456 1149 2499 1192 a
2562 1131 2831 1213 triyinta
2876 1129 3186 1194 mensibus
3233 1138 3293 1194 et
3336 1153 3483 1217 amp
3492 1132 3616 1197 lius

768 1233 989 1298 divina
1034 1233 1345 1298 celebrata
1392 1253 1520 1298 non
1565 1241 1749 1318 sunt,
1797 1234 1876 1298 ab
1921 1235 2246 1300 interdicti
2289 1237 2599 1300 sententia
2643 1235 2958 1301 absolvere
3002 1244 3197 1300 curet.

766 1418 999 1506 Nuper
1044 1439 1162 1505 pro
1210 1424 1418 1506 parte.
1446 1466 1462 1483 .
1490 1465 1507 1483 .
1537 1465 1552 1482 .
1602 1419 1756 1484 Dat.
1807 1418 2167 1502 Avinione,
2213 1418 2359 1484 IIII
2400 1419 2574 1485 Non.
2624 1418 2849 1502 Junii,
2900 1440 3073 1485 anno
3123 1421 3348 1486 tercio,

971 1535 1046 1585 Ro
1078 1570 1093 1587 .
1125 1536 1221 1585 Av.
1267 1537 1323 1585 T.
1357 1534 1416 1584 11
1524 1571 1537 1585 .
1571 1533 1709 1586 496⁹.

978 1553 1094 1667 Vaqn
1127 1619 1190 1667 ds
1234 1618 1379 1666 Wall
1411 1537 1741 1666 J’Icssdvesren
1774 1634 1834 1666 en
1862 1617 2167 1681 privilegii„
2200 1619 2292 1666 der
2325 1619 2445 1666 stad
2477 1618 2767 1668 Dordrecht
2804 1619 2886 1668 11.
2920 1618 3045 1683 247,
3092 1623 3351 1669 secundum
3387 1626 3633 1685 autoqra-

890 1703 1048 1767 plnum
1082 1702 1136 1751 in
1170 1703 1374 1751 archivo
1410 1702 1630 1767 ejusdem
1662 1700 1904 1751 civitatis.

973 1786 1297 1851 Corrigenda
1346 1786 1484 1850 apud
1534 1800 1635 1836 van
1684 1786 1749 1835 de
1782 1784 1926 1836 wau
1961 1801 2012 1850 p.
2047 1784 2168 1848 248,
2206 1786 2303 1836 lin.
2339 1784 2368 1834 7
2405 1800 2524 1850 pro:
2564 1786 2947 1851 formidabant,
2985 1788 3152 1854 legas:
3189 1789 3636 1856 formidabantur5

905 1870 1001 1921 lin.
1047 1868 1113 1921 13
1158 1885 1278 1935 pro:
1325 1870 1615 1934 applicate,
1664 1870 1834 1936 legas:
1882 1870 2193 1936 apostolice;
2231 1871 2306 1921 liu
2359 1870 2426 1920 25
2461 1885 2579 1933 pro:
2618 1871 2808 1935 possit,
2847 1872 3012 1938 legas:
3050 1877 3250 1937 posset;
3288 1874 3382 1925 lin.
3416 1873 3483 1925 36
3516 1890 3632 1940 pro:

905 1968 1192 2018 queramus
1212 1992 1226 2018 ,
1253 1954 1424 2020 legas:
1462 1954 1756 2016 querimus.

1773 2170 2357 2177 ————-———.-——

554 2375 748 2445 1534.
1598 2379 1811 2460 1355,
1859 2377 2055 2442 Junii
2098 2379 2171 2460 3,
2217 2377 2585 2442 Avenionis.

869 2532 1158 2598 Henrico
1216 2531 1451 2617 Spiker
1496 2531 1573 2595 de
1618 2531 1914 2595 Arnhem
1960 2532 2184 2596 clerico
2231 2552 2358 2595 non
2403 2535 2739 2618 conJuyato
2784 2553 2894 2596 nec
2939 2534 3007 2597 in
3054 2534 3257 2597 sacris
3302 2532 3633 2598 ordinibus

789 2640 1131 2704 constituto
1186 2637 1368 2721 Traj.
1418 2638 1608 2702 dioec.
1658 2637 1994 2720 confertur
2039 2636 2327 2720 officium
2377 2636 2842 2702 tabellionatus.

780 2820 884 2886 Ne
935 2825 1412 2885 contractuum.
1446 2866 1463 2883 .
1492 2866 1509 2884 .
1539 2867 1555 2884 .
1603 2819 1758 2883 Dat.
1808 2816 2179 2902 Avinione,
2227 2818 2335 2883 ΠΙ
2377 2818 2553 2884 Non.
2600 2818 2823 2900 Junii,
2871 2838 3044 2884 auno
3091 2820 3319 2885 tercio.

976 2937 1102 3000 περ.
1139 2938 1235 2984 Au.
1280 2937 1333 2986 T.
1367 2933 1460 2998 11,
1488 2937 1550 3000 s.
1587 2932 1705 2986 511.

563 3356 754 3425 1535.
1579 3359 1791 3440 1355,
1839 3356 2035 3423 Junii
2078 3359 2198 3441 10,
2245 3359 2612 3424 Avenionis.

885 3514 1182 3599 Officiali
1252 3513 1647 3597 TraJ’ectensi
1707 3516 2149 3595 committitur,
2211 3520 2285 3577 ut
2349 3512 2642 3578 Gerardo
2706 3513 3040 3579 Naldekin
3101 3517 3398 3580 canonico
3448 3535 3640 3600 prae-

793 3622 1064 3689 bendato
1112 3624 1403 3687 ecclesiae
1448 3620 1518 3686 S.
1568 3619 1933 3684 Salvatoris
1972 3619 2155 3703 Traj.
2190 3621 2481 3702 conferat
2512 3622 3016 3705 supplementum
3045 3624 3115 3686 in
3147 3622 3360 3686 eadem
3391 3623 3645 3687 ecclesia

786 3751 1024 3795 vacans
1069 3731 1169 3795 vel
1212 3735 1609 3793 vacaturum.

788 3912 1084 3998 Dignum
1133 3910 1547 3976 arbitramur.
1575 3955 1591 3971 .
1624 3955 1638 3970 .
1669 3956 1682 3969 .
1733 3906 1885 3971 Non
1933 3906 2353 3971 obstantibus
2403 3953 2419 3971 .
2450 3953 2465 3970 .
2493 3953 2510 3970 .
2540 3954 2554 3968 .
2606 3905 2781 3992 quod
2821 3906 2999 3973 idem
3031 3908 3363 3974 Gerardus
3396 3907 3641 3974 medie·

567 4025 775 4084 tatem
820 4017 1247 4106 parrochialis
1302 4014 1579 4080 ecclesie
1628 4013 1838 4077 civilis
1886 4012 2332 4098 Trajectensis
2378 4033 2497 4100 per
2544 4013 2709 4077 duos
2741 4014 2935 4079 solite
2968 4015 3323 4100 gubernari
3354 4008 3640 4080 rectores

573 4126 867 4192 noscitur
916 4125 1216 4191 obtinere
1244 4124 1321 4208 1).
1349 4170 1365 4186 .
1396 4169 1413 4186 .
1442 4170 1458 4185 .
1507 4121 1661 4186 Dat.
1709 4119 2079 4203 Avinione,
2129 4119 2273 4183 IIII
2317 4118 2419 4185 Id.
2469 4120 2690 4205 Junii,
2738 4141 2912 4187 anno
2960 4121 3182 4187 tercio.

987 4243 1115 4305 Boe-
1148 4242 1243 4292 Aa.
1290 4242 1344 4290 Τ.
1378 4239 1559 4303 11‚s.
1592 4236 1688 4288 94.
1721 4241 1771 4287 a
1803 4237 2071 4301 amns.
2104 4235 2246 4287 47οι

722 4371 778 4436 1)
812 4372 920 4424 Cir.
954 4386 1117 4436 supra
1151 4385 1302 4421 num.
1337 4368 1486 4422 1398.

567 4761 759 4831 1536.
1444 4765 1655 4845 1355,
1705 4762 1898 4827 Junii
1942 4764 2066 4844 16,
2114 4782 2220 4847 ap.
2284 4762 2776 4828 Villamnovam.

898 4916 1234 4983 Willermo
1293 4917 1370 4981 de
1432 4916 1577 4982 Zile
1636 4918 1934 4982 canonico
1990 4916 2172 5001 Traj.
2222 4918 2674 4999 conferendum
2718 4925 3084 4982 reservatur
3116 4924 3504 5002 personatus
3548 4918 3647 4982 vel

796 5024 1084 5106 officium
1146 5027 1218 5089 in
1278 5025 1533 5089 ecclesia
1603 5023 1993 5107 Trajectensi
2036 5031 2396 5088 consuetum
2443 5025 2648 5109 ipsius
2693 5025 3011 5088 canonicis
3055 5025 3416 5109 assi-anari,-
3476 5025 3646 5110 quod

796 5138 1010 5195 autem
1059 5151 1197 5196 cum
1246 5138 1567 5196 assecutus
1596 5131 1830 5214 fuerit,
1868 5130 2311 5215 parochialem
2345 5132 2662 5196 ecclesiam
2695 5129 2764 5195 S.
2802 5130 3142 5195 Gertrudis
3181 5129 3363 5212 Traj.
3394 5134 3644 5196 omnino

795 5237 1102 5303 dimittat.
1152 5275 1235 5285 —
1285 5237 1703 5324 Deputantur
1748 5244 2117 5302 executores.

799 5420 1139 5487 Honestas
1188 5442 1461 5486 morum.
1492 5470 1507 5486 .
1536 5469 1551 5485 .
1583 5469 1599 5486 .
1647 5421 1801 5485 Dat.
1850 5417 2024 5507 apud
2074 5418 2561 5484 Villamnovam
2599 5409 3069 5480 Avinionensis
3112 5409 3433 5495 diocesis,
3471 5410 3642 5477 XVI

577 5525 689 5593 Kl.
735 5525 935 5611 Julii,
981 5549 1156 5595 anno
1204 5529 1428 5594 taroiO.

992 5645 1115 5708 Rea.
1151 5646 1251 5695 Ao.
1294 5646 1349 5695 T.
1382 5643 1440 5710 9,
1465 5646 1528 5709 s.
1561 5643 1677 5696 233.
