4450 6684
918 440 1049 505 134
2218 438 2553 505 Ummma
2600 440 2685 506 V.

910 656 1099 727 1758.
1928 660 2142 744 1363,
2189 658 2386 725 Junii
2429 662 2550 745 10,
2598 662 2966 726 Ameana.

1227 816 1429 882 Petro
1464 815 1553 881 'de
1611 815 1805 881 Velde
1849 816 2270 900 conferuntur
2305 818 2770 902 praepositura
2814 824 2874 881 et
2919 815 3483 882 archidiaconatus
3501 864 3521 900 ,
3573 818 3997 882 canonicatus

1140 929 1201 987 et
1256 921 1626 1007 praebenda
1686 924 1756 988 in
1801 923 2057 987 ecclesia
2105 922 2174 987 S.
2223 920 2548 987 Johannis
2605 922 2787 1005 Traj.
2824 943 2952 1008 per
3000 923 3238 988 obitum
3283 922 3557 988 Henrici
3598 923 3676 987 de
3720 924 3909 989 Reno
3939 925 3993 1008 ι)

1136 1036 1430 1093 vacantes
1494 1036 1554 1093 et
1613 1029 1715 1093 die
1776 1030 1814 1094 1
1879 1029 2075 1094 Junii
2122 1031 2420 1114 proxime
2480 1029 2693 1114 elapso
2756 1029 3092 1094 donationi
3146 1028 3312 1094 sedis
3358 1031 3740 1115 apostolicae
3783 1051 3996 1095 reser-

1137 1142 1357 1213 vatae,·
1404 1155 1565 1221 quas
1614 1143 1820 1201 tamen
1865 1157 2006 1201 cum
2036 1142 2358 1200 assecutus
2387 1134 2624 1218 fuerit,
2669 1137 3110 1200 canonicatum
3141 1143 3202 1201 et
3225 1135 3660 1221 praebendam
3689 1138 3991 1202 ecclesiae

1139 1240 1194 1306 b.
1260 1240 1515 1306 Mariae
1583 1242 1763 1327 Traj.
1826 1243 2269 1327 ecclesiamque
2301 1240 2744 1327 parochialem
2789 1241 2866 1306 de
2925 1241 3251 1307 Voerhout
3295 1244 3546 1308 omnino
3594 1243 3887 1308 dimittat
3933 1251 3996 1309 et

1126 1350 1384 1434 priores
1446 1350 1665 1413 literae
1724 1350 1959 1434 (supra
2003 1369 2176 1413 num.
2227 1349 2440 1432 1749)
2486 1348 2699 1434 quoad
2743 1346 3156 1434 diffinitam,
3213 1356 3632 1433 personatum
3676 1369 3785 1413 seu
3837 1349 3993 1432 offi-

1137 1457 1303 1519 cium
1347 1455 1596 1519 nullius
1640 1457 1918 1520 existant
1963 1454 2227 1519 roboris.
2281 1491 2363 1502 —
2413 1453 2829 1539 Deputantur
2872 1461 3254 1537 executores,
3301 1455 3470 1519 inter
3509 1475 3667 1540 quos
3705 1454 3991 1520 Theode-

1140 1563 1313 1626 ricus
1359 1561 1435 1625 de
1478 1559 1747 1644 Jutfaes
1793 1563 2130 1626 canonicus
2185 1560 2371 1644 Traj.

1131 1745 1536 1812 Litterarum
1585 1745 1881 1809 scientia.
1913 1794 1928 1808 .
1958 1791 1973 1809 .
2000 1792 2015 1808 .
2064 1744 2220 1810 Dat.
2271 1744 2639 1826 Avinione,
2686 1743 2828 1808 1111
2874 1744 2974 1808 Id.
3023 1743 3247 1828 Junii,
3296 1765 3469 1810 anno
3518 1745 3751 1831 primo.

1328 1880 1454 1943 Περ.
1490 1880 1588 1930 Ao.
1632 1880 1687 1929 T.
1720 1878 1779 1941 3,
1804 1880 1867 1943 s.
1902 1878 2040 1930 35&

1060 2026 1120 2090 1)
1158 2024 1330 2077 Codex
1366 2024 1552 2075 habet:
1590 2025 1654 2074 de
1691 2024 1858 2075 Bone.

902 2474 1094 2544 1759.
1955 2476 2164 2559 1363,
2212 2475 2391 2540 Julii
2434 2477 2507 2559 3,
2557 2477 2922 2540 Avenionis.

1220 2628 1479 2694 Mariae
1521 2629 1806 2694 ducissae
1849 2630 2107 2695 Gelriae
2137 2631 2498 2696 conceditur
2517 2631 2933 2716 privileyium
2954 2631 3294 2716 plenariae
3311 2638 3720 2716 peccatorum
3748 2632 3973 2695 remis·

1129 2737 1326 2801 sionis
1372 2738 1442 2800 in
1487 2736 1761 2801 articulo
1811 2738 2053 2800 mortis.

1130 2916 1450 2982 Provenit
1495 2937 1601 2982 ex.
1630 2963 1645 2980 .
1675 2962 1691 2979 .
1721 2965 1737 2980 .
1787 2915 1940 2981 Dat.
1988 2916 2360 2999 Avinione,
2408 2918 2472 2982 V
2518 2917 2690 2983 Non.
2740 2916 2940 2999 Julii,
2991 2935 3166 2981 anno
3214 2916 3446 3002 primo.

1331 3051 1456 3114 Ray.
1487 3053 1584 3103 Ao.
1629 3053 1685 3101 T.
1718 3050 1775 3114 6,
1802 3053 1865 3115 s.
1897 3049 2037 3104 6451&

2140 3315 2640 3326 ----.-----
2681 3314 2728 3321 —-

897 3547 1095 3616 1760.
1943 3553 2152 3634 1363,
2201 3551 2379 3616 Julii
2424 3553 2496 3633 9,
2545 3551 2915 3614 Avenionis.

1214 3703 1594 3788 Praeposito
1640 3707 1926 3770 ecclesiae
1966 3705 2033 3770 S.
2068 3704 2393 3770 Johannis
2434 3704 2614 3788 Traj.
2649 3704 3020 3786 mandatur,
3069 3711 3146 3767 ut
3185 3702 3562 3767 Theoderico
3592 3701 3668 3765 de
3701 3701 3970 3766 Hasselt

1122 3809 1199 3874 de
1264 3810 1520 3896 Campis
1574 3814 1869 3876 canonico
1916 3812 2190 3895 ejusdem
2239 3812 2562 3892 ecclesiae,
2613 3813 2919 3896 maqistro
2967 3813 3037 3875 in
3084 3809 3367 3892 artibus,
3416 3811 3485 3873 in
3530 3810 3783 3873 ecclesia
3830 3807 3972 3872 Μο-

1121 3919 1496 3981 nasteriensi
1538 3920 1973 3982 canonicatum
2021 3926 2080 3981 et
2116 3917 2546 4002 praebendam
2595 3925 2887 3981 reservet.

1121 4100 1416 4187 Dignum
1462 4101 1873 4166 arbitramur.
1903 4150 1917 4165 .
1947 4151 1961 4166 .
1991 4150 2007 4166 .
2059 4101 2212 4167 Dat.
2264 4101 2632 4187 Avinione‚
2681 4102 2817 4169 VII
2863 4102 2962 4167 Id.
3014 4102 3215 4185 Julii,
3267 4122 3441 4166 anno
3492 4101 3724 4189 primo.

1319 4240 1445 4302 περ.
1480 4239 1579 4289 Αυ.
1624 4241 1677 4288 T.
1713 4238 1770 4301 2,
1796 4240 1855 4303 s.
1892 4237 2031 4288 485⁶.

893 4736 1077 4804 1761.
1923 4737 2135 4817 1363,
2187 4735 2368 4800 Julii
2411 4738 2531 4819 31,
2578 4735 2940 4800 Avenionis.

1206 4889 1443 4956 Jacobo
1505 4890 1581 4954 de
1640 4888 1834 4954 Velde
1894 4889 2227 4971 confertur
2279 4888 2681 4974 parochialis
2744 4889 2998 4953 ecclesia
3060 4886 3136 4950 de
3196 4884 3553 4967 Voerhout,
3610 4905 3842 4949 vacans
3892 4905 3963 4949 ex

1121 5019 1188 5064 eo
1249 4998 1418 5084 quod
1479 4996 1718 5061 Petrus
1778 4997 1854 5060 de
1915 4996 2106 5061 Velde
2157 4997 2682 5082 praeposituram
2739 5003 2850 5059 etc.
2900 4996 2970 5058 in
3016 4993 3270 5058 ecclesia
3317 4990 3386 5057 S.
3434 4991 3758 5057 Johannis
3804 5011 3968 5055 asse-

1122 5112 1304 5170 cutus
1349 5112 1459 5169 est.
1510 5141 1592 5152 —
1642 5103 2058 5189 Deputantur
2105 5111 2478 5167 executores.

1122 5285 1280 5352 Vite
1328 5306 1403 5351 ac
1452 5306 1726 5350 morum.
1755 5334 1770 5349 .
1800 5332 1859 5349 ..
1910 5285 2064 5351 Dat.
2114 5283 2486 5365 Avinione,
2534 5281 2605 5345 H
2650 5280 2762 5346 Kl.
2813 5280 3140 5367 Augusti,
3190 5300 3365 5344 anno
3414 5278 3646 5366 primo·

1312 5424 1440 5486 περ.
1474 5425 1574 5472 Αυ.
1618 5424 1669 5472 T.
1708 5420 1764 5485 3,
1789 5422 1851 5485 s.
1886 5419 2001 5470 523.
