4450 6684
800 527 841 590 2
2099 523 2418 589 Caunus
2461 526 2579 589 VI.

802 769 985 831 cum,
1049 747 1224 834 quod
1286 748 1775 835 impedimentis
1840 770 1925 813 ex
1989 747 2369 834 hujusmodi
2417 749 2752 814 affinitatis
2800 756 2868 815 et
2914 751 3502 837 consanguinitatis
3549 753 3857 839 gradibus

800 877 876 921 ac
940 855 1202 942 publice
1259 856 1628 920 honestatis
1685 856 1958 940 justicia
2019 856 2561 942 provenientibus
2618 861 2686 921 et
2733 859 3234 945 quibuscunque
3282 860 3864 924 constitutionibus

804 961 1147 1026 contrariis
1192 982 1609 1048 nequaquam
1662 962 2115 1043 obstantibus,
2175 962 2356 1027 licite
2404 963 2678 1028 valeatis
2727 964 3006 1029 invicem
3057 966 3625 1031 matrimonialiter
3670 987 3868 1053 copu-

801 1068 958 1150 lari,
1032 1069 1424 1133 auctoritate
1498 1069 1861 1155 apostolica
1924 1068 2413 1154 dispensamus,
2477 1071 2729 1155 prolem
2791 1092 2878 1135 ex
2940 1072 3315 1157 hujusmodi
3381 1073 3861 1159 suscipiendam

804 1175 1218 1239 matrimonio
1283 1175 1644 1260 legitimam
1693 1175 2158 1241 nichilominus
2205 1177 2604 1242 nunciando.
2697 1178 2879 1243 Nulli
2928 1200 3082 1265 ergo
3130 1188 3239 1245 etc.
3290 1179 3443 1245 Dat.
3492 1179 3862 1264 Avim‘one,

802 1280 906 1345 XI
954 1280 1064 1346 Kl.
1112 1280 1306 1363 Julii,
1357 1303 1528 1346 anno
1578 1287 1791 1347 sexto.

1222 1418 1345 1479 Ray.
1396 1418 1510 1465 rat.
1557 1419 1609 1465 Τ.
1645 1417 1771 1475 141,
1812 1435 1922 1481 cap.
1957 1418 2038 1468 84.

802 1963 988 2031 1221.
1854 1969 2066 2049 1347,
2116 1967 2292 2032 Julii
2335 1970 2410 2049 3,
2459 1968 2821 2031 Avenionis.

1118 2120 1409 2184 Gerardo
1473 2121 1548 2184 de
1609 2121 1778 2185 Veno
1841 2122 2265 2204 conferuntur
2328 2124 2769 2205 canonicatus,
2822 2122 3190 2207 praebenda
3247 2130 3306 2187 et
3367 2126 3869 2209 supplementum

1024 2228 1310 2290 ecclesiae
1380 2226 1832 2309 Trajectensis,
1901 2237 2189 2293 vacantes
2243 2251 2367 2314 per
2430 2228 2664 2293 obitum
2731 2228 3070 2294 Giselberti
3125 2228 3202 2292 de
3246 2229 3648 2315 Everdinyen
3669 2281 3685 2313 ,
3723 2239 3875 2316 post

1024 2332 1190 2395 diem
1252 2334 1287 2396 1
1360 2331 1644 2397 Octobris
1696 2338 1993 2418 proxime
2054 2337 2343 2420 elapsum
2389 2336 2709 2419 defuncti,
2758 2338 2941 2417 cujus
2988 2334 3280 2417 beneficia
3327 2335 3429 2399 die
3478 2338 3567 2399 20
3615 2337 3872 2422 Aprilis

1025 2460 1129 2501 an.
1210 2441 1387 2503 1345
1466 2439 1868 2523 dispositioni
1935 2441 2100 2504 sedis
2169 2444 2550 2525 apostolicae
2619 2449 2802 2506 erant
2870 2448 3209 2505 reservata.
3296 2478 3377 2490 -
3458 2441 3874 2527 Deputantur

1024 2552 1390 2609 executores.

1025 2731 1360 2796 Honestas
1402 2753 1674 2796 morum.
1709 2780 1723 2795 .
1753 2780 1768 2795 .
1798 2779 1814 2796 .
1864 2733 2014 2797 Non
2059 2734 2474 2799 obstantibus
2521 2783 2535 2798 .
2566 2782 2580 2798 .
2611 2783 2626 2798 .
2664 2733 2836 2820 quod
2874 2735 3330 2799 canonicatum
3364 2739 3434 2798 et
3465 2734 3869 2820 prebendam

799 2858 877 2903 ac
951 2837 1340 2903 decanatum
1412 2839 1479 2902 in
1554 2839 1903 2925 Steenwijc
1976 2841 2419 2926 Trajectensis
2483 2842 2758 2906 diocesis
2820 2841 3107 2906 nosceris
3172 2841 3490 2907 obtinere.
3522 2890 3537 2905 .
3569 2889 3584 2904 .
3614 2890 3630 2906 .
3702 2842 3855 2907 Dat.

803 2945 1176 3028 Avinione,
1225 2946 1286 3009 V
1334 2946 1504 3011 Non.
1557 2945 1757 3030 Julii,
1806 2969 1981 3013 anno
2030 2954 2242 3013 sexto,

1223 3080 1345 3142 Rey.
1382 3082 1478 3129 Αυ.
1522 3083 1578 3129 T.
1611 3079 1697 3142 38,
1725 3082 1785 3144 f.
1821 3079 1902 3130 94.

799 3627 989 3696 1222.
1862 3634 2069 3713 1347,
2117 3632 2294 3695 Julci
2340 3636 2412 3714 6,
2464 3634 2824 3695 Avenionia

1118 3785 1412 3850 Johanni
1474 3786 1579 3869 (de
1644 3787 1883 3870 Arkel)
1949 3790 2236 3872 episcopo
2293 3787 2473 3869 Traj.
2527 3788 2849 3852 laudando
2897 3787 3313 3871 respondetur
3359 3785 3447 3850 ad
3491 3787 3694 3870 ipsius
3745 3793 3874 3849 tam
3929 3845 3934 3849 ,

1030 3893 1282 3957 clausas
1346 3916 1535 3979 quam
1590 3903 1880 3977 patentes
1944 3896 2160 3958 literas
2208 3895 2282 3957 de
2326 3894 2609 3957 Girardo
2655 3894 2761 3976 (de
2807 3894 3235 3977 Ameronyen)
3286 3893 3614 3957 temerario
3661 3891 3869 3955 archi-

1024 4000 1400 4064 diaconatus
1446 4009 1505 4065 et
1544 4004 2040 4086 praepositurae
2086 4002 2152 4064 S.
2205 4001 2562 4064 Salvatoris
2618 4000 2798 4082 Traj.
2847 4006 3235 4084 occupatore.

1030 4185 1412 4250 Venerabili
1459 4186 1644 4250 fratri
1694 4186 1987 4250 Johanni
2038 4185 2344 4272 episcopo
2393 4186 2822 4270 Trajectensi.

1031 4293 1387 4359 Gratanter
1450 4301 1517 4357 et
1583 4292 1841 4379 placide
1907 4300 2043 4358 tam
2106 4293 2342 4357 clausis
2406 4314 2602 4379 quam
2666 4293 3048 4379 patentibus
3110 4290 3390 4376 receptis
3438 4289 3870 4355 fraternitatis

808 4407 921 4465 tue
984 4400 1257 4482 litteris,
1323 4401 1604 4485 qualiter
1650 4400 1733 4464 ad
1785 4399 2264 4464 conterendum
2311 4405 2877 4487 presumptuosam
2925 4399 3099 4463 illius
3145 4396 3406 4462 Girardi
3457 4395 3861 4483 occupatoris

807 4508 1137 4572 temerarii
1199 4505 1765 4571 archidiaconatus
1833 4513 1899 4571 et
1961 4507 2371 4592 prepositure
2436 4506 2709 4572 ecclesie
2758 4505 2967 4571 sancti
3017 4504 3375 4569 Salvatoris
3423 4503 3863 4587 Trajectensis

808 4613 1304 4694 (temeritatem)
1334 4612 1385 4695 ι)
1447 4632 1521 4675 ac
1585 4614 1732 4697 ejus
1800 4614 2164 4678 maliciosus
2211 4611 2474 4676 fraudes
2522 4619 2589 4676 et
2636 4610 3061 4676 detestandos
3109 4630 3417 4676 excessus
3465 4607 3868 4673 correctione

809 4716 1035 4783 debita
1081 4717 1526 4802 castigandos,
1576 4724 1648 4781 tu
1698 4719 1838 4784 zelo
1888 4719 2259 4783 devotionis
2301 4723 2368 4783 et
2397 4719 2664 4803 justicie
2694 4717 3074 4802 impendisti
3105 4717 3425 4782 hactenus
3459 4722 3527 4780 et
3559 4714 3867 4802 proponis

803 4830 1182 4890 constanter
1241 4824 1659 4909 impendere,
1729 4825 2258 4890 describentibus
2319 4826 2387 4889 in
2452 4825 2726 4906 effectu,
2774 4829 2843 4889 et
2890 4825 3218 4889 contentis
3264 4824 3334 4887 in
3384 4823 3478 4887 eis
3523 4821 3867 4886 inteUectu

809 4932 1006 5018 pleno
1071 4929 1396 5012 collectis,
1462 4930 2005 5019 circumspectam
2070 4938 2138 4996 et
2201 4930 2507 4995 devotam
2571 4938 2752 4995 tuam
2813 4929 3230 5016 prudentiam
3297 4936 3366 4994 et
3414 4950 3751 5016 operosam
3796 4928 3868 4991 in

806 5038 930 5102 hac
999 5045 1185 5124 parte
1257 5037 1665 5122 diligentiam
1738 5039 2192 5126 multipliciter
2260 5039 2329 5102 in
2401 5039 2683 5103 Domino
2747 5037 3317 5119 commendamus,
3391 5036 3870 5101 fraternitatem

807 5150 1114 5230 rogantes
1163 5150 1232 5208 et
1277 5144 1618 5209 hortantes
1670 5145 1980 5227 eandem,
2030 5146 2339 5231 quatinus
2385 5145 2759 5231 hujusmodi
2801 5165 3078 5231 operosa
3116 5143 3493 5227 solicitudo,
3542 5163 3867 5208 commen-

810 5253 1077 5316 datione
1147 5252 1348 5337 digna
1416 5253 1799 5338 multiplici,
1874 5273 2080 5338 usque
2154 5251 2236 5316 ad
2308 5253 2775 5339 perfectionem
2847 5251 3134 5316 votivam
3205 5256 3274 5315 et
3344 5251 3671 5316 salubrem
3735 5271 3867 5314 non

810 5365 1138 5446 tepescat,
1203 5359 1518 5439 sciturus,
1585 5359 1822 5440 frater,
1874 5358 2049 5444 quod
2101 5358 2220 5422 tibi
2268 5358 2682 5439 assistemus,
2730 5363 3049 5444 quantum
3095 5357 3369 5422 rationis
3417 5358 3676 5443 equitas
3724 5377 3871 5420 sua·

808 5468 964 5531 serit
1024 5486 1219 5551 super
1264 5465 1425 5545 hiis,
1476 5485 1726 5550 nosque
1778 5463 1860 5527 ad
1914 5485 2028 5546 ea,
2080 5485 2206 5549 que
2259 5471 2436 5527 tuam
2486 5470 2553 5528 et
2601 5465 2874 5529 ecclesie
2921 5469 3033 5528 tue
3083 5462 3616 5529 commoditatem
3662 5462 3865 5549 respi-

807 5572 1020 5654 ciant,
1083 5570 1373 5655 reperies
1435 5570 1759 5656 propicios
1825 5574 1892 5633 et
1953 5570 2294 5654 benignos.
2389 5570 2645 5633 Rursus
2691 5589 3033 5655 processus
3080 5575 3148 5633 et
3194 5569 3449 5651 littere,
3498 5568 3582 5633 de
3629 5569 3867 5655 quibus

808 5678 1011 5742 fiebat
1070 5677 1141 5741 in
1202 5677 1331 5740 tuis
1379 5675 1689 5761 predictis
1739 5676 1975 5740 litteris
2025 5677 2310 5758 mentio,
2361 5676 2482 5739 tibi
2528 5696 2676 5739 cum
2722 5675 3138 5762 presentibus
3185 5675 3620 5741 destinantur.
3716 5676 3862 5750 Que
