<?xml version="1.0" encoding="UTF-8"?>
<!DOCTYPE html PUBLIC "-//W3C//DTD XHTML 1.0 Transitional//EN"
    "http://www.w3.org/TR/xhtml1/DTD/xhtml1-transitional.dtd">
<html xmlns="http://www.w3.org/1999/xhtml" xml:lang="en" lang="en">
 <head>
  <title>
</title>
<meta http-equiv="Content-Type" content="text/html;charset=utf-8" />
  <meta name='ocr-system' content='tesseract 3.04.00' />
  <meta name='ocr-capabilities' content='ocr_page ocr_carea ocr_par ocr_line ocrx_word'/>
</head>
<body>
  <div class='ocr_page' id='page_1' title='image "./bullariumtrajec00nethgoog_0151.png"; bbox 0 0 4450 6684; ppageno 0'>
   <div class='ocr_carea' id='block_1_1' title="bbox 1833 496 3686 568">
    <p class='ocr_par' dir='ltr' id='par_1_1' title="bbox 1833 496 3686 568">
     <span class='ocr_line' id='line_1_1' title="bbox 1833 496 3686 568; baseline -0.003 -2"><span class='ocrx_word' id='word_1_1' title='bbox 1833 501 2293 568; x_wconf 74' lang='lat' dir='ltr'><strong><em>Innocnn‘rme</em></strong></span> <span class='ocrx_word' id='word_1_2' title='bbox 2339 499 2460 565; x_wconf 87' lang='lat' dir='ltr'><strong><em>VI.</em></strong></span> <span class='ocrx_word' id='word_1_3' title='bbox 3599 496 3686 562; x_wconf 80' lang='lat'><strong><em>59</em></strong></span> 
     </span>
    </p>
   </div>
   <div class='ocr_carea' id='block_1_2' title="bbox 605 719 2753 803">
    <p class='ocr_par' dir='ltr' id='par_1_2' title="bbox 605 719 2753 803">
     <span class='ocr_line' id='line_1_2' title="bbox 605 719 2753 803; baseline -0.002 -15"><span class='ocrx_word' id='word_1_4' title='bbox 605 719 801 789; x_wconf 79' lang='grc'><em>1498.</em></span> <span class='ocrx_word' id='word_1_5' title='bbox 1554 722 1763 801; x_wconf 98' lang='grc'><em>1353,</em></span> <span class='ocrx_word' id='word_1_6' title='bbox 1813 720 2172 787; x_wconf 79' lang='lat' dir='ltr'><strong><em>Decembris</em></strong></span> <span class='ocrx_word' id='word_1_7' title='bbox 2216 722 2339 803; x_wconf 85' lang='lat'><strong><em>15,</em></strong></span> <span class='ocrx_word' id='word_1_8' title='bbox 2387 720 2753 784; x_wconf 83' lang='lat' dir='ltr'><strong><em>Avenionis.</em></strong></span> 
     </span>
    </p>
   </div>
   <div class='ocr_carea' id='block_1_3' title="bbox 821 857 3687 1496">
    <p class='ocr_par' dir='ltr' id='par_1_3' title="bbox 821 857 3687 1496">
     <span class='ocr_line' id='line_1_3' title="bbox 922 857 3687 962; baseline -0.001 -21"><span class='ocrx_word' id='word_1_9' title='bbox 922 857 1271 962; x_wconf 76' lang='lat' dir='ltr'><strong><em>Raynaldo</em></strong></span> <span class='ocrx_word' id='word_1_10' title='bbox 1319 875 1387 941; x_wconf 83' lang='lat' dir='ltr'><strong><em>S.</em></strong></span> <span class='ocrx_word' id='word_1_11' title='bbox 1435 875 1726 941; x_wconf 82' lang='lat' dir='ltr'><strong><em>Adriani</em></strong></span> <span class='ocrx_word' id='word_1_12' title='bbox 1768 875 2032 942; x_wconf 88' lang='lat' dir='ltr'><strong><em>diacono</em></strong></span> <span class='ocrx_word' id='word_1_13' title='bbox 2083 876 2426 941; x_wconf 83' lang='lat' dir='ltr'><strong><em>Cardinali</em></strong></span> <span class='ocrx_word' id='word_1_14' title='bbox 2468 875 2861 960; x_wconf 76' lang='lat' dir='ltr'><strong><em>indulqetur,</em></strong></span> <span class='ocrx_word' id='word_1_15' title='bbox 2910 874 3080 960; x_wconf 82' lang='lat' dir='ltr'><strong><em>quod</em></strong></span> <span class='ocrx_word' id='word_1_16' title='bbox 3118 881 3463 960; x_wconf 77' lang='lat' dir='ltr'><strong><em>postquam</em></strong></span> <span class='ocrx_word' id='word_1_17' title='bbox 3501 893 3687 938; x_wconf 91' lang='lat' dir='ltr'><strong><em>cano-</em></strong></span> 
     </span>
     <span class='ocr_line' id='line_1_4' title="bbox 833 976 3682 1067; baseline -0.002 -20"><span class='ocrx_word' id='word_1_18' title='bbox 833 984 1113 1065; x_wconf 89' lang='lat' dir='ltr'><strong><em>nicatus,</em></strong></span> <span class='ocrx_word' id='word_1_19' title='bbox 1165 980 1568 1067; x_wconf 88' lang='lat' dir='ltr'><strong><em>praebenda-e</em></strong></span> <span class='ocrx_word' id='word_1_20' title='bbox 1629 989 1690 1045; x_wconf 92' lang='lat' dir='ltr'><strong><em>et</em></strong></span> <span class='ocrx_word' id='word_1_21' title='bbox 1746 976 2168 1066; x_wconf 83' lang='lat' dir='ltr'><strong><em>supplementi</em></strong></span> <span class='ocrx_word' id='word_1_22' title='bbox 2227 983 2299 1045; x_wconf 93' lang='lat' dir='ltr'><strong><em>in</em></strong></span> <span class='ocrx_word' id='word_1_23' title='bbox 2360 981 2614 1045; x_wconf 89' lang='lat' dir='ltr'><strong><em>ecclesia</em></strong></span> <span class='ocrx_word' id='word_1_24' title='bbox 2671 980 3058 1063; x_wconf 83' lang='lat' dir='ltr'><strong><em>Trajectensi</em></strong></span> <span class='ocrx_word' id='word_1_25' title='bbox 3091 979 3432 1064; x_wconf 76' lang='lat' dir='ltr'><strong><em>pacificam</em></strong></span> <span class='ocrx_word' id='word_1_26' title='bbox 3476 979 3682 1061; x_wconf 79' lang='lat' dir='ltr'><strong><em>fuerit</em></strong></span> 
     </span>
     <span class='ocr_line' id='line_1_5' title="bbox 821 1087 3684 1177; baseline -0.002 -22"><span class='ocrx_word' id='word_1_27' title='bbox 821 1091 1273 1177; x_wconf 87' lang='lat' dir='ltr'><strong><em>possessionem</em></strong></span> <span class='ocrx_word' id='word_1_28' title='bbox 1319 1096 1669 1171; x_wconf 88' lang='lat' dir='ltr'><strong><em>assecutus,</em></strong></span> <span class='ocrx_word' id='word_1_29' title='bbox 1715 1089 1972 1171; x_wconf 78' lang='lat' dir='ltr'><strong><em>fructus</em></strong></span> <span class='ocrx_word' id='word_1_30' title='bbox 2018 1090 2305 1173; x_wconf 84' lang='lat' dir='ltr'><strong><em>ipsorum</em></strong></span> <span class='ocrx_word' id='word_1_31' title='bbox 2321 1138 2338 1170; x_wconf 91' lang='lat'><strong><em>,</em></strong></span> <span class='ocrx_word' id='word_1_32' title='bbox 2391 1089 2530 1152; x_wconf 89' lang='lat' dir='ltr'><strong><em>licet</em></strong></span> <span class='ocrx_word' id='word_1_33' title='bbox 2557 1088 2989 1172; x_wconf 77' lang='lat' dir='ltr'><strong><em>personaliter</em></strong></span> <span class='ocrx_word' id='word_1_34' title='bbox 3027 1109 3153 1152; x_wconf 89' lang='lat' dir='ltr'><strong><em>non</em></strong></span> <span class='ocrx_word' id='word_1_35' title='bbox 3188 1087 3495 1168; x_wconf 80' lang='lat' dir='ltr'><strong><em>residens,</em></strong></span> <span class='ocrx_word' id='word_1_36' title='bbox 3531 1106 3684 1170; x_wconf 89' lang='lat' dir='ltr'><strong><em>per-</em></strong></span> 
     </span>
     <span class='ocr_line' id='line_1_6' title="bbox 836 1191 3677 1282; baseline -0.001 -21"><span class='ocrx_word' id='word_1_37' title='bbox 836 1198 1039 1282; x_wconf 80' lang='lat' dir='ltr'><strong><em>cipere</em></strong></span> <span class='ocrx_word' id='word_1_38' title='bbox 1082 1197 1332 1277; x_wconf 84' lang='lat' dir='ltr'><strong><em>valeat,</em></strong></span> <span class='ocrx_word' id='word_1_39' title='bbox 1380 1216 1508 1261; x_wconf 90' lang='lat' dir='ltr'><strong><em>non</em></strong></span> <span class='ocrx_word' id='word_1_40' title='bbox 1552 1194 1833 1261; x_wconf 88' lang='lat' dir='ltr'><strong><em>obstante</em></strong></span> <span class='ocrx_word' id='word_1_41' title='bbox 1885 1200 2175 1277; x_wconf 79' lang='lat' dir='ltr'><strong><em>„statuto</em></strong></span> <span class='ocrx_word' id='word_1_42' title='bbox 2227 1216 2345 1260; x_wconf 90' lang='lat' dir='ltr'><strong><em>seu</em></strong></span> <span class='ocrx_word' id='word_1_43' title='bbox 2386 1193 2865 1260; x_wconf 86' lang='lat' dir='ltr'><strong><em>consuetudine</em></strong></span> <span class='ocrx_word' id='word_1_44' title='bbox 2895 1195 3100 1282; x_wconf 90' lang='lat' dir='ltr'><strong><em>ipsius</em></strong></span> <span class='ocrx_word' id='word_1_45' title='bbox 3132 1195 3409 1260; x_wconf 88' lang='lat' dir='ltr'><strong><em>ecclesie</em></strong></span> <span class='ocrx_word' id='word_1_46' title='bbox 3430 1243 3448 1277; x_wconf 90' lang='lat'><strong><em>,</em></strong></span> <span class='ocrx_word' id='word_1_47' title='bbox 3498 1191 3677 1279; x_wconf 85' lang='lat' dir='ltr'><strong><em>quod</em></strong></span> 
     </span>
     <span class='ocr_line' id='line_1_7' title="bbox 833 1299 3681 1390; baseline -0.001 -20"><span class='ocrx_word' id='word_1_48' title='bbox 833 1304 1053 1370; x_wconf 82' lang='lat' dir='ltr'><strong><em>nullus</em></strong></span> <span class='ocrx_word' id='word_1_49' title='bbox 1117 1307 1337 1390; x_wconf 89' lang='lat' dir='ltr'><strong><em>potest</em></strong></span> <span class='ocrx_word' id='word_1_50' title='bbox 1398 1302 1649 1368; x_wconf 83' lang='lat' dir='ltr'><strong><em>fructus</em></strong></span> <span class='ocrx_word' id='word_1_51' title='bbox 1710 1301 1870 1367; x_wconf 87' lang='lat' dir='ltr'><strong><em>dicti</em></strong></span> <span class='ocrx_word' id='word_1_52' title='bbox 1936 1303 2379 1390; x_wconf 89' lang='lat' dir='ltr'><strong><em>supplementi</em></strong></span> <span class='ocrx_word' id='word_1_53' title='bbox 2443 1302 2777 1390; x_wconf 78' lang='lat' dir='ltr'><strong><em>percipere</em></strong></span> <span class='ocrx_word' id='word_1_54' title='bbox 2801 1352 2819 1386; x_wconf 90' lang='lat'><strong><em>,</em></strong></span> <span class='ocrx_word' id='word_1_55' title='bbox 2878 1303 3001 1367; x_wconf 90' lang='lat' dir='ltr'><strong><em>nisi</em></strong></span> <span class='ocrx_word' id='word_1_56' title='bbox 3056 1303 3337 1390; x_wconf 88' lang='lat' dir='ltr'><strong><em>primum</em></strong></span> <span class='ocrx_word' id='word_1_57' title='bbox 3381 1301 3450 1366; x_wconf 91' lang='lat' dir='ltr'><strong><em>in</em></strong></span> <span class='ocrx_word' id='word_1_58' title='bbox 3499 1299 3681 1366; x_wconf 86' lang='lat' dir='ltr'><strong><em>dicta</em></strong></span> 
     </span>
     <span class='ocr_line' id='line_1_8' title="bbox 836 1407 3580 1496; baseline -0.001 -19"><span class='ocrx_word' id='word_1_59' title='bbox 836 1410 1112 1477; x_wconf 90' lang='lat' dir='ltr'><strong><em>ecclesia</em></strong></span> <span class='ocrx_word' id='word_1_60' title='bbox 1156 1408 1386 1475; x_wconf 86' lang='lat' dir='ltr'><strong><em>fecerit</em></strong></span> <span class='ocrx_word' id='word_1_61' title='bbox 1430 1408 1853 1474; x_wconf 80' lang='lat' dir='ltr'><strong><em>residentiam</em></strong></span> <span class='ocrx_word' id='word_1_62' title='bbox 1900 1409 2317 1496; x_wconf 82' lang='lat' dir='ltr'><strong><em>personalem</em></strong></span> <span class='ocrx_word' id='word_1_63' title='bbox 2367 1414 2436 1475; x_wconf 88' lang='lat' dir='ltr'><strong><em>et</em></strong></span> <span class='ocrx_word' id='word_1_64' title='bbox 2483 1410 2827 1496; x_wconf 89' lang='lat' dir='ltr'><strong><em>epistolam</em></strong></span> <span class='ocrx_word' id='word_1_65' title='bbox 2879 1410 3116 1495; x_wconf 88' lang='lat' dir='ltr'><strong><em>legerit</em></strong></span> <span class='ocrx_word' id='word_1_66' title='bbox 3162 1410 3233 1473; x_wconf 90' lang='lat' dir='ltr'><strong><em>in</em></strong></span> <span class='ocrx_word' id='word_1_67' title='bbox 3280 1407 3580 1475; x_wconf 87' lang='lat' dir='ltr'><strong><em>eadem.’&#39;</em></strong></span> 
     </span>
    </p>
   </div>
   <div class='ocr_carea' id='block_1_4' title="bbox 829 1591 3492 1775">
    <p class='ocr_par' dir='ltr' id='par_1_4' title="bbox 829 1591 3492 1775">
     <span class='ocr_line' id='line_1_9' title="bbox 829 1591 3492 1687; baseline 0 -29"><span class='ocrx_word' id='word_1_68' title='bbox 829 1594 1057 1687; x_wconf 59' lang='lat' dir='ltr'><strong><em>Bagigit</em></strong></span> <span class='ocrx_word' id='word_1_69' title='bbox 1102 1601 1383 1660; x_wconf 88' lang='lat' dir='ltr'><strong><em>tuorum.</em></strong></span> <span class='ocrx_word' id='word_1_70' title='bbox 1414 1641 1430 1657; x_wconf 89' lang='lat'><strong><em>.</em></strong></span> <span class='ocrx_word' id='word_1_71' title='bbox 1459 1641 1475 1657; x_wconf 89' lang='lat'><strong><em>.</em></strong></span> <span class='ocrx_word' id='word_1_72' title='bbox 1504 1642 1521 1659; x_wconf 93' lang='lat'><strong><em>.</em></strong></span> <span class='ocrx_word' id='word_1_73' title='bbox 1578 1593 1732 1658; x_wconf 88' lang='lat' dir='ltr'><strong><em>Dat.</em></strong></span> <span class='ocrx_word' id='word_1_74' title='bbox 1783 1592 2155 1675; x_wconf 80' lang='lat' dir='ltr'><strong><em>Avinione,</em></strong></span> <span class='ocrx_word' id='word_1_75' title='bbox 2205 1592 2446 1658; x_wconf 85' lang='lat' dir='ltr'><strong>XVIII</strong></span> <span class='ocrx_word' id='word_1_76' title='bbox 2491 1592 2602 1658; x_wconf 87' lang='lat' dir='ltr'><strong><em>Kl.</em></strong></span> <span class='ocrx_word' id='word_1_77' title='bbox 2651 1591 2991 1675; x_wconf 81' lang='lat' dir='ltr'><strong><em>Januarii,</em></strong></span> <span class='ocrx_word' id='word_1_78' title='bbox 3038 1613 3213 1659; x_wconf 92' lang='lat' dir='ltr'><strong><em>anno</em></strong></span> <span class='ocrx_word' id='word_1_79' title='bbox 3262 1594 3492 1680; x_wconf 88' lang='lat' dir='ltr'><strong><em>primo.</em></strong></span> 
     </span>
     <span class='ocr_line' id='line_1_10' title="bbox 1027 1709 1714 1775; baseline -0.003 -13"><span class='ocrx_word' id='word_1_80' title='bbox 1027 1713 1153 1775; x_wconf 66' lang='lat' dir='ltr'><strong><em>Ray.</em></strong></span> <span class='ocrx_word' id='word_1_81' title='bbox 1188 1713 1286 1761; x_wconf 75' lang='lat' dir='ltr'><strong><em>Ao.</em></strong></span> <span class='ocrx_word' id='word_1_82' title='bbox 1330 1713 1388 1762; x_wconf 82' lang='lat' dir='ltr'><strong><em>T.</em></strong></span> <span class='ocrx_word' id='word_1_83' title='bbox 1418 1712 1475 1774; x_wconf 89' lang='lat'><strong><em>5,</em></strong></span> <span class='ocrx_word' id='word_1_84' title='bbox 1502 1712 1563 1774; x_wconf 83' lang='lat' dir='ltr'><strong><em>s.</em></strong></span> <span class='ocrx_word' id='word_1_85' title='bbox 1598 1709 1714 1761; x_wconf 87' lang='lat'><strong><em>183.</em></strong></span> 
     </span>
    </p>
   </div>
   <div class='ocr_carea' id='block_1_5' title="bbox 601 2055 2736 2139">
    <p class='ocr_par' dir='ltr' id='par_1_5' title="bbox 601 2055 2736 2139">
     <span class='ocr_line' id='line_1_11' title="bbox 601 2055 2736 2139; baseline 0 -17"><span class='ocrx_word' id='word_1_86' title='bbox 601 2055 799 2124; x_wconf 79' lang='grc'><strong>1499.</strong></span> <span class='ocrx_word' id='word_1_87' title='bbox 1538 2057 1750 2139; x_wconf 90' lang='grc'><em>1353,</em></span> <span class='ocrx_word' id='word_1_88' title='bbox 1800 2056 2157 2122; x_wconf 81' lang='lat' dir='ltr'><strong><em>Decembris</em></strong></span> <span class='ocrx_word' id='word_1_89' title='bbox 2204 2058 2288 2121; x_wconf 89' lang='grc'><strong><em>31</em></strong></span> <span class='ocrx_word' id='word_1_90' title='bbox 2306 2105 2324 2139; x_wconf 93' lang='grc'><em>,</em></span> <span class='ocrx_word' id='word_1_91' title='bbox 2371 2057 2736 2122; x_wconf 82' lang='lat' dir='ltr'><strong><em>Avenionis.</em></strong></span> 
     </span>
    </p>
   </div>
   <div class='ocr_carea' id='block_1_6' title="bbox 825 2207 3674 2490">
    <p class='ocr_par' dir='ltr' id='par_1_6' title="bbox 825 2207 3674 2490">
     <span class='ocr_line' id='line_1_12' title="bbox 916 2207 3674 2296; baseline -0.002 -20"><span class='ocrx_word' id='word_1_92' title='bbox 916 2210 1153 2276; x_wconf 89' lang='lat' dir='ltr'><strong><em>Jacobo</em></strong></span> <span class='ocrx_word' id='word_1_93' title='bbox 1214 2209 1379 2275; x_wconf 84' lang='lat' dir='ltr'><strong><em>Last</em></strong></span> <span class='ocrx_word' id='word_1_94' title='bbox 1425 2210 1847 2292; x_wconf 79' lang='lat' dir='ltr'><strong><em>conferuntur</em></strong></span> <span class='ocrx_word' id='word_1_95' title='bbox 1894 2212 2306 2275; x_wconf 81' lang='lat' dir='ltr'><strong><em>canonicatus</em></strong></span> <span class='ocrx_word' id='word_1_96' title='bbox 2355 2217 2414 2275; x_wconf 85' lang='lat' dir='ltr'><strong><em>et</em></strong></span> <span class='ocrx_word' id='word_1_97' title='bbox 2450 2209 2817 2296; x_wconf 89' lang='lat' dir='ltr'><strong><em>praebenda</em></strong></span> <span class='ocrx_word' id='word_1_98' title='bbox 2862 2212 2931 2274; x_wconf 88' lang='lat' dir='ltr'><strong><em>in</em></strong></span> <span class='ocrx_word' id='word_1_99' title='bbox 2976 2211 3231 2275; x_wconf 88' lang='lat' dir='ltr'><strong><em>ecclesia</em></strong></span> <span class='ocrx_word' id='word_1_100' title='bbox 3282 2207 3674 2273; x_wconf 86' lang='lat' dir='ltr'><strong><em>Embricensi</em></strong></span> 
     </span>
     <span class='ocr_line' id='line_1_13' title="bbox 825 2315 3668 2402; baseline -0.001 -19"><span class='ocrx_word' id='word_1_101' title='bbox 825 2326 1115 2383; x_wconf 86' lang='lat' dir='ltr'><strong><em>vacantes</em></strong></span> <span class='ocrx_word' id='word_1_102' title='bbox 1150 2338 1274 2402; x_wconf 85' lang='lat' dir='ltr'><strong><em>per</em></strong></span> <span class='ocrx_word' id='word_1_103' title='bbox 1318 2316 1554 2382; x_wconf 83' lang='lat' dir='ltr'><strong><em>obitum</em></strong></span> <span class='ocrx_word' id='word_1_104' title='bbox 1603 2316 1949 2382; x_wconf 77' lang='lat' dir='ltr'><strong><em>Guillermi</em></strong></span> <span class='ocrx_word' id='word_1_105' title='bbox 1993 2316 2070 2380; x_wconf 87' lang='lat' dir='ltr'><strong><em>de</em></strong></span> <span class='ocrx_word' id='word_1_106' title='bbox 2118 2317 2404 2399; x_wconf 88' lang='lat' dir='ltr'><strong><em>Palude,</em></strong></span> <span class='ocrx_word' id='word_1_107' title='bbox 2452 2316 2629 2402; x_wconf 90' lang='lat' dir='ltr'><strong><em>apud</em></strong></span> <span class='ocrx_word' id='word_1_108' title='bbox 2674 2320 2921 2381; x_wconf 88' lang='lat' dir='ltr'><strong><em>curiam</em></strong></span> <span class='ocrx_word' id='word_1_109' title='bbox 2965 2317 3269 2399; x_wconf 80' lang='lat' dir='ltr'><strong><em>defuncti.</em></strong></span> <span class='ocrx_word' id='word_1_110' title='bbox 3320 2354 3401 2364; x_wconf 94' lang='lat'>—</span> <span class='ocrx_word' id='word_1_111' title='bbox 3445 2315 3668 2400; x_wconf 88' lang='lat' dir='ltr'><strong><em>Depu-</em></strong></span> 
     </span>
     <span class='ocr_line' id='line_1_14' title="bbox 831 2431 2305 2490; baseline -0.002 0"><span class='ocrx_word' id='word_1_112' title='bbox 831 2432 1052 2490; x_wconf 87' lang='lat' dir='ltr'><strong><em>tantur</em></strong></span> <span class='ocrx_word' id='word_1_113' title='bbox 1097 2431 1467 2489; x_wconf 76' lang='lat' dir='ltr'><strong><em>executores.</em></strong></span> <span class='ocrx_word' id='word_1_114' title='bbox 2297 2443 2305 2452; x_wconf 90' lang='lat'><strong>·</strong></span> 
     </span>
    </p>
   </div>
   <div class='ocr_carea' id='block_1_7' title="bbox 830 2578 3400 2789">
    <p class='ocr_par' dir='ltr' id='par_1_7' title="bbox 830 2578 3400 2789">
     <span class='ocr_line' id='line_1_15' title="bbox 830 2578 3400 2689; baseline -0 -18"><span class='ocrx_word' id='word_1_115' title='bbox 830 2606 1220 2672; x_wconf 87' lang='lat' dir='ltr'><strong><em>Laudabilia</em></strong></span> <span class='ocrx_word' id='word_1_116' title='bbox 1266 2614 1400 2672; x_wconf 88' lang='lat' dir='ltr'><strong><em>tue.</em></strong></span> <span class='ocrx_word' id='word_1_117' title='bbox 1430 2655 1447 2672; x_wconf 93' lang='lat'><strong><em>.</em></strong></span> <span class='ocrx_word' id='word_1_118' title='bbox 1475 2655 1491 2671; x_wconf 89' lang='lat'><strong><em>.</em></strong></span> <span class='ocrx_word' id='word_1_119' title='bbox 1521 2655 1537 2671; x_wconf 95' lang='lat'><strong><em>.</em></strong></span> <span class='ocrx_word' id='word_1_120' title='bbox 1585 2578 1739 2672; x_wconf 83' lang='lat' dir='ltr'><strong><em>Dat.</em></strong></span> <span class='ocrx_word' id='word_1_121' title='bbox 1786 2606 2153 2689; x_wconf 85' lang='lat' dir='ltr'><strong><em>Avinione,</em></strong></span> <span class='ocrx_word' id='word_1_122' title='bbox 2201 2604 2273 2670; x_wconf 89' lang='lat' dir='ltr'>H</span> <span class='ocrx_word' id='word_1_123' title='bbox 2325 2604 2434 2670; x_wconf 88' lang='lat' dir='ltr'><strong><em>Kl.</em></strong></span> <span class='ocrx_word' id='word_1_124' title='bbox 2484 2604 2813 2688; x_wconf 81' lang='lat' dir='ltr'><strong><em>Januarii,</em></strong></span> <span class='ocrx_word' id='word_1_125' title='bbox 2864 2625 3037 2670; x_wconf 91' lang='lat' dir='ltr'><strong><em>anno</em></strong></span> <span class='ocrx_word' id='word_1_126' title='bbox 3085 2605 3400 2672; x_wconf 87' lang='lat' dir='ltr'><strong><em>secundo.</em></strong></span> 
     </span>
     <span class='ocr_line' id='line_1_16' title="bbox 1021 2723 1708 2789; baseline 0.001 -15"><span class='ocrx_word' id='word_1_127' title='bbox 1021 2726 1149 2788; x_wconf 69' lang='lat' dir='ltr'><strong><em>Bey.</em></strong></span> <span class='ocrx_word' id='word_1_128' title='bbox 1182 2727 1280 2775; x_wconf 75' lang='lat' dir='ltr'><strong><em>Av.</em></strong></span> <span class='ocrx_word' id='word_1_129' title='bbox 1323 2728 1379 2776; x_wconf 86' lang='lat' dir='ltr'><strong><em>T.</em></strong></span> <span class='ocrx_word' id='word_1_130' title='bbox 1413 2724 1469 2789; x_wconf 89' lang='grc'><strong><em>7,</em></strong></span> <span class='ocrx_word' id='word_1_131' title='bbox 1495 2727 1556 2789; x_wconf 83' lang='lat' dir='ltr'><strong><em>s.</em></strong></span> <span class='ocrx_word' id='word_1_132' title='bbox 1592 2723 1708 2776; x_wconf 77' lang='lat'><strong><em>254.</em></strong></span> 
     </span>
    </p>
   </div>
   <div class='ocr_carea' id='block_1_8' title="bbox 600 3050 2715 3134">
    <p class='ocr_par' dir='ltr' id='par_1_8' title="bbox 600 3050 2715 3134">
     <span class='ocr_line' id='line_1_17' title="bbox 600 3050 2715 3134; baseline -0.001 -17"><span class='ocrx_word' id='word_1_133' title='bbox 600 3050 806 3119; x_wconf 80' lang='lat'><strong><em>1500.</em></strong></span> <span class='ocrx_word' id='word_1_134' title='bbox 1559 3054 1735 3117; x_wconf 77' lang='grc'><em>1354</em></span> <span class='ocrx_word' id='word_1_135' title='bbox 1753 3102 1770 3134; x_wconf 94' lang='grc'><em>,</em></span> <span class='ocrx_word' id='word_1_136' title='bbox 1817 3052 2135 3118; x_wconf 87' lang='lat' dir='ltr'><strong><em>Januarii</em></strong></span> <span class='ocrx_word' id='word_1_137' title='bbox 2182 3054 2303 3134; x_wconf 76' lang='lat'><strong><em>24,</em></strong></span> <span class='ocrx_word' id='word_1_138' title='bbox 2354 3053 2715 3117; x_wconf 87' lang='lat' dir='ltr'><strong><em>Avenionis.</em></strong></span> 
     </span>
    </p>
   </div>
   <div class='ocr_carea' id='block_1_9' title="bbox 829 3205 3674 3505">
    <p class='ocr_par' dir='ltr' id='par_1_9' title="bbox 829 3205 3674 3505">
     <span class='ocr_line' id='line_1_18' title="bbox 920 3205 3670 3288; baseline -0 -17"><span class='ocrx_word' id='word_1_139' title='bbox 920 3205 1137 3271; x_wconf 87' lang='lat' dir='ltr'><strong><em>Ottoni</em></strong></span> <span class='ocrx_word' id='word_1_140' title='bbox 1180 3206 1257 3270; x_wconf 87' lang='lat' dir='ltr'><strong><em>de</em></strong></span> <span class='ocrx_word' id='word_1_141' title='bbox 1290 3205 1580 3271; x_wconf 86' lang='lat' dir='ltr'><strong><em>Oemeren</em></strong></span> <span class='ocrx_word' id='word_1_142' title='bbox 1613 3209 1852 3272; x_wconf 88' lang='lat' dir='ltr'><strong><em>intuitu</em></strong></span> <span class='ocrx_word' id='word_1_143' title='bbox 1887 3206 2076 3270; x_wconf 87' lang='lat' dir='ltr'><strong><em>Petri</em></strong></span> <span class='ocrx_word' id='word_1_144' title='bbox 2106 3206 2174 3270; x_wconf 80' lang='lat' dir='ltr'><strong><em>S.</em></strong></span> <span class='ocrx_word' id='word_1_145' title='bbox 2209 3205 2467 3270; x_wconf 87' lang='lat' dir='ltr'><strong><em>Mariae</em></strong></span> <span class='ocrx_word' id='word_1_146' title='bbox 2500 3205 2719 3271; x_wconf 84' lang='lat' dir='ltr'><strong><em>Novae</em></strong></span> <span class='ocrx_word' id='word_1_147' title='bbox 2748 3206 2999 3271; x_wconf 90' lang='lat' dir='ltr'><strong><em>diaconi</em></strong></span> <span class='ocrx_word' id='word_1_148' title='bbox 3032 3205 3437 3288; x_wconf 83' lang='lat' dir='ltr'><strong><em>Cardinalis,</em></strong></span> <span class='ocrx_word' id='word_1_149' title='bbox 3485 3207 3670 3288; x_wconf 86' lang='lat' dir='ltr'><strong><em>cujus</em></strong></span> 
     </span>
     <span class='ocr_line' id='line_1_19' title="bbox 830 3312 3674 3400; baseline -0.001 -22"><span class='ocrx_word' id='word_1_150' title='bbox 830 3316 1199 3399; x_wconf 78' lang='lat' dir='ltr'><strong><em>capellanus</em></strong></span> <span class='ocrx_word' id='word_1_151' title='bbox 1253 3322 1312 3379; x_wconf 87' lang='lat' dir='ltr'><strong><em>et</em></strong></span> <span class='ocrx_word' id='word_1_152' title='bbox 1356 3316 1425 3378; x_wconf 86' lang='lat' dir='ltr'><strong><em>in</em></strong></span> <span class='ocrx_word' id='word_1_153' title='bbox 1461 3313 1762 3400; x_wconf 88' lang='lat' dir='ltr'><strong><em>partibus</em></strong></span> <span class='ocrx_word' id='word_1_154' title='bbox 1816 3312 2326 3397; x_wconf 83' lang='lat' dir='ltr'><strong><em>Trajectensibus</em></strong></span> <span class='ocrx_word' id='word_1_155' title='bbox 2362 3320 2753 3398; x_wconf 86' lang='lat' dir='ltr'><strong><em>procurator</em></strong></span> <span class='ocrx_word' id='word_1_156' title='bbox 2798 3315 3043 3395; x_wconf 72' lang='lat' dir='ltr'><strong><em>existit,</em></strong></span> <span class='ocrx_word' id='word_1_157' title='bbox 3108 3313 3435 3394; x_wconf 81' lang='lat' dir='ltr'><strong><em>confertur</em></strong></span> <span class='ocrx_word' id='word_1_158' title='bbox 3486 3332 3674 3377; x_wconf 89' lang='lat' dir='ltr'><strong><em>cano·</em></strong></span> 
     </span>
     <span class='ocr_line' id='line_1_20' title="bbox 829 3418 3665 3505; baseline -0 -20"><span class='ocrx_word' id='word_1_159' title='bbox 829 3423 1077 3485; x_wconf 86' lang='lat' dir='ltr'><strong><em>nicatus</em></strong></span> <span class='ocrx_word' id='word_1_160' title='bbox 1122 3428 1182 3485; x_wconf 90' lang='lat' dir='ltr'><strong><em>et</em></strong></span> <span class='ocrx_word' id='word_1_161' title='bbox 1225 3428 1586 3485; x_wconf 86' lang='lat' dir='ltr'><strong><em>reservatur</em></strong></span> <span class='ocrx_word' id='word_1_162' title='bbox 1621 3419 1990 3505; x_wconf 83' lang='lat' dir='ltr'><strong><em>praebenda</em></strong></span> <span class='ocrx_word' id='word_1_163' title='bbox 2039 3440 2178 3484; x_wconf 88' lang='lat' dir='ltr'><strong><em>cum</em></strong></span> <span class='ocrx_word' id='word_1_164' title='bbox 2227 3420 2657 3504; x_wconf 86' lang='lat' dir='ltr'><strong><em>supplemento</em></strong></span> <span class='ocrx_word' id='word_1_165' title='bbox 2705 3422 2773 3482; x_wconf 90' lang='lat' dir='ltr'><strong><em>in</em></strong></span> <span class='ocrx_word' id='word_1_166' title='bbox 2818 3420 3072 3483; x_wconf 89' lang='lat' dir='ltr'><strong><em>ecclesia</em></strong></span> <span class='ocrx_word' id='word_1_167' title='bbox 3128 3418 3531 3499; x_wconf 69' lang='lat' dir='ltr'><strong><em>Traiectensi.</em></strong></span> <span class='ocrx_word' id='word_1_168' title='bbox 3582 3456 3665 3469; x_wconf 93' lang='lat'><strong><em>-—</em></strong></span> 
     </span>
    </p>
   </div>
   <div class='ocr_carea' id='block_1_10' title="bbox 823 3527 1655 3612">
    <p class='ocr_par' dir='ltr' id='par_1_10' title="bbox 823 3527 1655 3612">
     <span class='ocr_line' id='line_1_21' title="bbox 823 3527 1655 3612; baseline -0.004 -20"><span class='ocrx_word' id='word_1_169' title='bbox 823 3527 1125 3612; x_wconf 83' lang='lat' dir='ltr'><strong><em>Deputan</em></strong></span> <span class='ocrx_word' id='word_1_170' title='bbox 1132 3534 1239 3591; x_wconf 85' lang='lat' dir='ltr'><strong><em>tur</em></strong></span> <span class='ocrx_word' id='word_1_171' title='bbox 1283 3536 1655 3592; x_wconf 75' lang='lat' dir='ltr'><strong><em>eccecutores.</em></strong></span> 
     </span>
    </p>
   </div>
   <div class='ocr_carea' id='block_1_11' title="bbox 603 3706 3662 3903">
    <p class='ocr_par' dir='ltr' id='par_1_11' title="bbox 603 3706 3662 3903">
     <span class='ocr_line' id='line_1_22' title="bbox 823 3706 3662 3795; baseline -0.001 -21"><span class='ocrx_word' id='word_1_172' title='bbox 823 3707 1261 3794; x_wconf 78' lang='lat' dir='ltr'><strong><em>Exigentibus</em></strong></span> <span class='ocrx_word' id='word_1_173' title='bbox 1291 3707 1657 3795; x_wconf 83' lang='lat' dir='ltr'><strong><em>probitatis.</em></strong></span> <span class='ocrx_word' id='word_1_174' title='bbox 1690 3755 1706 3771; x_wconf 95' lang='lat'><strong><em>.</em></strong></span> <span class='ocrx_word' id='word_1_175' title='bbox 1735 3755 1751 3772; x_wconf 95' lang='lat'><strong><em>.</em></strong></span> <span class='ocrx_word' id='word_1_176' title='bbox 1780 3753 1797 3772; x_wconf 91' lang='lat'><strong><em>.</em></strong></span> <span class='ocrx_word' id='word_1_177' title='bbox 1844 3708 1995 3773; x_wconf 86' lang='lat' dir='ltr'><strong><em>Non</em></strong></span> <span class='ocrx_word' id='word_1_178' title='bbox 2034 3706 2453 3773; x_wconf 81' lang='lat' dir='ltr'><strong><em>obstantibus</em></strong></span> <span class='ocrx_word' id='word_1_179' title='bbox 2503 3756 2518 3772; x_wconf 91' lang='lat'><strong><em>.</em></strong></span> <span class='ocrx_word' id='word_1_180' title='bbox 2546 3755 2562 3771; x_wconf 94' lang='lat'><strong><em>.</em></strong></span> <span class='ocrx_word' id='word_1_181' title='bbox 2594 3756 2610 3773; x_wconf 93' lang='lat'><strong><em>.</em></strong></span> <span class='ocrx_word' id='word_1_182' title='bbox 2638 3755 2654 3772; x_wconf 90' lang='lat'><strong><em>.</em></strong></span> <span class='ocrx_word' id='word_1_183' title='bbox 2704 3707 2880 3795; x_wconf 85' lang='lat' dir='ltr'><strong><em>quod</em></strong></span> <span class='ocrx_word' id='word_1_184' title='bbox 2912 3708 3238 3795; x_wconf 85' lang='lat' dir='ltr'><strong><em>quandam</em></strong></span> <span class='ocrx_word' id='word_1_185' title='bbox 3270 3714 3662 3795; x_wconf 88' lang='lat' dir='ltr'><strong><em>perpetuam</em></strong></span> 
     </span>
     <span class='ocr_line' id='line_1_23' title="bbox 603 3814 3656 3903; baseline -0 -23"><span class='ocrx_word' id='word_1_186' title='bbox 603 3814 1027 3903; x_wconf 80' lang='lat' dir='ltr'><strong><em>capellaniam</em></strong></span> <span class='ocrx_word' id='word_1_187' title='bbox 1069 3815 1141 3880; x_wconf 89' lang='lat' dir='ltr'><strong><em>in</em></strong></span> <span class='ocrx_word' id='word_1_188' title='bbox 1180 3815 1571 3901; x_wconf 83' lang='lat' dir='ltr'><strong><em>parrochiali</em></strong></span> <span class='ocrx_word' id='word_1_189' title='bbox 1602 3815 1880 3880; x_wconf 87' lang='lat' dir='ltr'><strong><em>ecclesia</em></strong></span> <span class='ocrx_word' id='word_1_190' title='bbox 1910 3814 2119 3879; x_wconf 89' lang='lat' dir='ltr'><strong><em>sancti</em></strong></span> <span class='ocrx_word' id='word_1_191' title='bbox 2150 3814 2408 3879; x_wconf 85' lang='lat' dir='ltr'><strong><em>Nicolai</em></strong></span> <span class='ocrx_word' id='word_1_192' title='bbox 2442 3815 2846 3900; x_wconf 85' lang='lat' dir='ltr'><strong><em>Trajeotensi</em></strong></span> <span class='ocrx_word' id='word_1_193' title='bbox 2880 3816 3166 3880; x_wconf 89' lang='lat' dir='ltr'><strong><em>nosceris</em></strong></span> <span class='ocrx_word' id='word_1_194' title='bbox 3200 3815 3497 3881; x_wconf 90' lang='lat' dir='ltr'><strong><em>obtinere</em></strong></span> <span class='ocrx_word' id='word_1_195' title='bbox 3526 3864 3540 3879; x_wconf 94' lang='lat'><strong><em>.</em></strong></span> <span class='ocrx_word' id='word_1_196' title='bbox 3565 3863 3580 3879; x_wconf 91' lang='lat'><strong><em>.</em></strong></span> <span class='ocrx_word' id='word_1_197' title='bbox 3603 3864 3617 3879; x_wconf 94' lang='lat'><strong><em>.</em></strong></span> <span class='ocrx_word' id='word_1_198' title='bbox 3639 3861 3656 3880; x_wconf 92' lang='lat'><strong><em>.</em></strong></span> 
     </span>
    </p>
   </div>
   <div class='ocr_carea' id='block_1_12' title="bbox 597 3920 2594 4104">
    <p class='ocr_par' dir='ltr' id='par_1_12' title="bbox 597 3920 2594 4104">
     <span class='ocr_line' id='line_1_24' title="bbox 597 3920 2594 4005; baseline -0.002 -18"><span class='ocrx_word' id='word_1_199' title='bbox 597 3920 750 3988; x_wconf 80' lang='lat' dir='ltr'><strong><em>Dat.</em></strong></span> <span class='ocrx_word' id='word_1_200' title='bbox 797 3922 1164 4005; x_wconf 80' lang='lat' dir='ltr'><strong><em>Avinione,</em></strong></span> <span class='ocrx_word' id='word_1_201' title='bbox 1211 3921 1418 3988; x_wconf 85' lang='lat' dir='ltr'><strong>VIIII</strong></span> <span class='ocrx_word' id='word_1_202' title='bbox 1463 3922 1573 3987; x_wconf 88' lang='lat' dir='ltr'><strong><em>Kl.</em></strong></span> <span class='ocrx_word' id='word_1_203' title='bbox 1624 3921 2010 4003; x_wconf 83' lang='lat' dir='ltr'><strong><em>Februarii,</em></strong></span> <span class='ocrx_word' id='word_1_204' title='bbox 2058 3941 2234 3987; x_wconf 89' lang='lat' dir='ltr'><strong><em>anno</em></strong></span> <span class='ocrx_word' id='word_1_205' title='bbox 2285 3920 2594 3987; x_wconf 87' lang='lat' dir='ltr'><strong><em>secundo.</em></strong></span> 
     </span>
     <span class='ocr_line' id='line_1_25' title="bbox 1017 4037 1704 4104; baseline 0.001 -15"><span class='ocrx_word' id='word_1_206' title='bbox 1017 4040 1141 4103; x_wconf 65' lang='lat' dir='ltr'><strong><em>Ray.</em></strong></span> <span class='ocrx_word' id='word_1_207' title='bbox 1177 4041 1273 4090; x_wconf 71' lang='lat' dir='ltr'><strong><em>Ao.</em></strong></span> <span class='ocrx_word' id='word_1_208' title='bbox 1319 4041 1374 4088; x_wconf 74' lang='grc' dir='ltr'><strong><em>Τ.</em></strong></span> <span class='ocrx_word' id='word_1_209' title='bbox 1405 4038 1466 4104; x_wconf 81' lang='lat' dir='ltr'><strong><em>o,</em></strong></span> <span class='ocrx_word' id='word_1_210' title='bbox 1492 4041 1555 4103; x_wconf 83' lang='lat' dir='ltr'><strong><em>s.</em></strong></span> <span class='ocrx_word' id='word_1_211' title='bbox 1588 4037 1704 4090; x_wconf 76' lang='lat'><strong><em>286.</em></strong></span> 
     </span>
    </p>
   </div>
   <div class='ocr_carea' id='block_1_13' title="bbox 1832 4206 2321 4215">
    <p class='ocr_par' dir='ltr' id='par_1_13' title="bbox 1832 4206 2321 4215">
     <span class='ocr_line' id='line_1_26' title="bbox 1832 4206 2321 4215; baseline 0 2469"><span class='ocrx_word' id='word_1_212' title='bbox 1832 4206 2321 4215; x_wconf 95' lang='lat' dir='ltr'><strong><em> </em></strong></span> 
     </span>
    </p>
   </div>
   <div class='ocr_carea' id='block_1_14' title="bbox 598 4365 2713 4450">
    <p class='ocr_par' dir='ltr' id='par_1_14' title="bbox 598 4365 2713 4450">
     <span class='ocr_line' id='line_1_27' title="bbox 598 4365 2713 4450; baseline -0 -19"><span class='ocrx_word' id='word_1_213' title='bbox 598 4365 786 4434; x_wconf 81' lang='lat'><strong><em>1501.</em></strong></span> <span class='ocrx_word' id='word_1_214' title='bbox 1533 4369 1745 4450; x_wconf 78' lang='grc'><em>1354,</em></span> <span class='ocrx_word' id='word_1_215' title='bbox 1793 4367 2137 4431; x_wconf 84' lang='lat' dir='ltr'><strong><em>Februarii</em></strong></span> <span class='ocrx_word' id='word_1_216' title='bbox 2182 4368 2302 4449; x_wconf 83' lang='lat'><strong><em>13,</em></strong></span> <span class='ocrx_word' id='word_1_217' title='bbox 2351 4368 2713 4431; x_wconf 86' lang='lat' dir='ltr'><strong><em>Avenionis.</em></strong></span> 
     </span>
    </p>
   </div>
   <div class='ocr_carea' id='block_1_15' title="bbox 811 4518 3660 5351">
    <p class='ocr_par' dir='ltr' id='par_1_15' title="bbox 811 4518 3660 5351">
     <span class='ocr_line' id='line_1_28' title="bbox 911 4518 3660 4609; baseline 0 -22"><span class='ocrx_word' id='word_1_218' title='bbox 911 4522 1326 4609; x_wconf 81' lang='lat' dir='ltr'><strong><em>(Wilhelmo)</em></strong></span> <span class='ocrx_word' id='word_1_219' title='bbox 1387 4524 1850 4609; x_wconf 78' lang='lat' dir='ltr'><strong><em>archiepiscopo</em></strong></span> <span class='ocrx_word' id='word_1_220' title='bbox 1919 4524 2277 4590; x_wconf 83' lang='lat' dir='ltr'><strong><em>Coloniensi</em></strong></span> <span class='ocrx_word' id='word_1_221' title='bbox 2339 4518 2596 4609; x_wconf 82' lang='lat' dir='ltr'><strong><em>ejusque</em></strong></span> <span class='ocrx_word' id='word_1_222' title='bbox 2654 4523 3085 4607; x_wconf 72' lang='lat' dir='ltr'><strong><em>suffrayaneis</em></strong></span> <span class='ocrx_word' id='word_1_223' title='bbox 3146 4521 3523 4605; x_wconf 84' lang='lat' dir='ltr'><strong><em>mandatur,</em></strong></span> <span class='ocrx_word' id='word_1_224' title='bbox 3585 4529 3660 4587; x_wconf 89' lang='lat' dir='ltr'><strong><em>ut</em></strong></span> 
     </span>
     <span class='ocr_line' id='line_1_29' title="bbox 824 4626 3657 4714; baseline 0 -21"><span class='ocrx_word' id='word_1_225' title='bbox 824 4628 1079 4714; x_wconf 81' lang='lat' dir='ltr'><strong><em>quando</em></strong></span> <span class='ocrx_word' id='word_1_226' title='bbox 1140 4635 1198 4693; x_wconf 84' lang='lat' dir='ltr'><strong><em>et</em></strong></span> <span class='ocrx_word' id='word_1_227' title='bbox 1258 4629 1367 4693; x_wconf 90' lang='lat' dir='ltr'><strong><em>ubi</em></strong></span> <span class='ocrx_word' id='word_1_228' title='bbox 1426 4629 1717 4713; x_wconf 67' lang='lat' dir='ltr'><strong><em>expedire</em></strong></span> <span class='ocrx_word' id='word_1_229' title='bbox 1780 4629 2092 4710; x_wconf 85' lang='lat' dir='ltr'><strong><em>viderint,</em></strong></span> <span class='ocrx_word' id='word_1_230' title='bbox 2159 4631 2224 4692; x_wconf 87' lang='lat' dir='ltr'><strong><em>in</em></strong></span> <span class='ocrx_word' id='word_1_231' title='bbox 2288 4631 2419 4692; x_wconf 88' lang='lat' dir='ltr'><strong><em>suis</em></strong></span> <span class='ocrx_word' id='word_1_232' title='bbox 2476 4627 2847 4692; x_wconf 82' lang='lat' dir='ltr'><strong><em>dioecesibus</em></strong></span> <span class='ocrx_word' id='word_1_233' title='bbox 2899 4629 3258 4692; x_wconf 84' lang='lat' dir='ltr'><strong><em>solemniter</em></strong></span> <span class='ocrx_word' id='word_1_234' title='bbox 3292 4626 3657 4712; x_wconf 79' lang='lat' dir='ltr'><strong><em>publicent,</em></strong></span> 
     </span>
     <span class='ocr_line' id='line_1_30' title="bbox 820 4733 3658 4819; baseline 0.001 -22"><span class='ocrx_word' id='word_1_235' title='bbox 820 4733 1141 4798; x_wconf 83' lang='lat' dir='ltr'><strong><em>dominum</em></strong></span> <span class='ocrx_word' id='word_1_236' title='bbox 1188 4734 1442 4817; x_wconf 84' lang='lat' dir='ltr'><strong><em>Papam</em></strong></span> <span class='ocrx_word' id='word_1_237' title='bbox 1487 4733 1780 4815; x_wconf 84' lang='lat' dir='ltr'><strong><em>fidelibus</em></strong></span> <span class='ocrx_word' id='word_1_238' title='bbox 1815 4733 2285 4819; x_wconf 86' lang='lat' dir='ltr'><strong><em>poenitentibus</em></strong></span> <span class='ocrx_word' id='word_1_239' title='bbox 2325 4741 2384 4797; x_wconf 85' lang='lat' dir='ltr'><strong><em>et</em></strong></span> <span class='ocrx_word' id='word_1_240' title='bbox 2423 4734 2751 4816; x_wconf 79' lang='lat' dir='ltr'><strong><em>confessis,</em></strong></span> <span class='ocrx_word' id='word_1_241' title='bbox 2800 4735 2915 4819; x_wconf 81' lang='lat' dir='ltr'><strong><em>qui</em></strong></span> <span class='ocrx_word' id='word_1_242' title='bbox 2959 4735 3275 4798; x_wconf 84' lang='lat' dir='ltr'><strong><em>ecclesiam</em></strong></span> <span class='ocrx_word' id='word_1_243' title='bbox 3322 4734 3419 4799; x_wconf 88' lang='lat' dir='ltr'><strong><em>vel</em></strong></span> <span class='ocrx_word' id='word_1_244' title='bbox 3448 4733 3658 4819; x_wconf 87' lang='lat' dir='ltr'><strong><em>capel-</em></strong></span> 
     </span>
     <span class='ocr_line' id='line_1_31' title="bbox 822 4839 3653 4926; baseline 0 -21"><span class='ocrx_word' id='word_1_245' title='bbox 822 4842 977 4922; x_wconf 84' lang='lat' dir='ltr'><strong><em>lam,</em></strong></span> <span class='ocrx_word' id='word_1_246' title='bbox 1027 4840 1136 4904; x_wconf 88' lang='lat' dir='ltr'><strong><em>ubi</em></strong></span> <span class='ocrx_word' id='word_1_247' title='bbox 1181 4840 1248 4905; x_wconf 84' lang='lat' dir='ltr'><strong><em>S.</em></strong></span> <span class='ocrx_word' id='word_1_248' title='bbox 1297 4839 1551 4905; x_wconf 89' lang='lat' dir='ltr'><strong><em>Lancea</em></strong></span> <span class='ocrx_word' id='word_1_249' title='bbox 1597 4849 1655 4905; x_wconf 85' lang='lat' dir='ltr'><strong><em>et</em></strong></span> <span class='ocrx_word' id='word_1_250' title='bbox 1703 4862 1834 4905; x_wconf 90' lang='lat' dir='ltr'><strong><em>una</em></strong></span> <span class='ocrx_word' id='word_1_251' title='bbox 1879 4861 1959 4907; x_wconf 74' lang='lat' dir='ltr'><strong><em>ex</em></strong></span> <span class='ocrx_word' id='word_1_252' title='bbox 2005 4840 2071 4904; x_wconf 86' lang='lat' dir='ltr'><strong><em>S.</em></strong></span> <span class='ocrx_word' id='word_1_253' title='bbox 2122 4840 2190 4904; x_wconf 81' lang='lat' dir='ltr'><strong><em>S.</em></strong></span> <span class='ocrx_word' id='word_1_254' title='bbox 2247 4839 2542 4904; x_wconf 83' lang='lat' dir='ltr'><strong><em>Clavibus</em></strong></span> <span class='ocrx_word' id='word_1_255' title='bbox 2586 4840 2977 4904; x_wconf 86' lang='lat' dir='ltr'><strong><em>venerandae</em></strong></span> <span class='ocrx_word' id='word_1_256' title='bbox 3021 4848 3433 4926; x_wconf 75' lang='lat' dir='ltr'><strong><em>eaponentur,</em></strong></span> <span class='ocrx_word' id='word_1_257' title='bbox 3479 4841 3653 4923; x_wconf 79' lang='lat' dir='ltr'><strong><em>feria</em></strong></span> 
     </span>
     <span class='ocr_line' id='line_1_32' title="bbox 815 4947 3654 5032; baseline 0.001 -22"><span class='ocrx_word' id='word_1_258' title='bbox 815 4955 991 5011; x_wconf 73' lang='lat' dir='ltr'><strong><em>seoeta</em></strong></span> <span class='ocrx_word' id='word_1_259' title='bbox 1025 4954 1175 5032; x_wconf 83' lang='lat' dir='ltr'><strong><em>post</em></strong></span> <span class='ocrx_word' id='word_1_260' title='bbox 1219 4956 1499 5013; x_wconf 88' lang='lat' dir='ltr'><strong><em>octavam</em></strong></span> <span class='ocrx_word' id='word_1_261' title='bbox 1547 4948 2046 5014; x_wconf 84' lang='lat' dir='ltr'><strong><em>Resurrectionis</em></strong></span> <span class='ocrx_word' id='word_1_262' title='bbox 2089 4948 2462 5012; x_wconf 87' lang='lat' dir='ltr'><strong><em>Dominicae</em></strong></span> <span class='ocrx_word' id='word_1_263' title='bbox 2498 4947 2707 5012; x_wconf 87' lang='lat' dir='ltr'><strong><em>devote</em></strong></span> <span class='ocrx_word' id='word_1_264' title='bbox 2744 4950 3163 5031; x_wconf 84' lang='lat' dir='ltr'><strong><em>visitaverint,</em></strong></span> <span class='ocrx_word' id='word_1_265' title='bbox 3219 4951 3415 5013; x_wconf 83' lang='lat' dir='ltr'><strong><em>trium</em></strong></span> <span class='ocrx_word' id='word_1_266' title='bbox 3453 4969 3654 5014; x_wconf 90' lang='lat' dir='ltr'><strong><em>anno-</em></strong></span> 
     </span>
     <span class='ocr_line' id='line_1_33' title="bbox 813 5053 3655 5140; baseline 0.001 -23"><span class='ocrx_word' id='word_1_267' title='bbox 813 5075 958 5118; x_wconf 88' lang='lat' dir='ltr'><strong><em>rum</em></strong></span> <span class='ocrx_word' id='word_1_268' title='bbox 1003 5062 1063 5118; x_wconf 94' lang='lat' dir='ltr'><strong><em>et</em></strong></span> <span class='ocrx_word' id='word_1_269' title='bbox 1110 5057 1304 5118; x_wconf 84' lang='lat' dir='ltr'><strong><em>trium</em></strong></span> <span class='ocrx_word' id='word_1_270' title='bbox 1336 5055 1895 5140; x_wconf 74' lang='lat' dir='ltr'><strong><em>quadraqenarum</em></strong></span> <span class='ocrx_word' id='word_1_271' title='bbox 1924 5074 2162 5119; x_wconf 89' lang='lat' dir='ltr'><strong><em>necnon</em></strong></span> <span class='ocrx_word' id='word_1_272' title='bbox 2193 5054 2363 5118; x_wconf 85' lang='lat' dir='ltr'><strong><em>alias</em></strong></span> <span class='ocrx_word' id='word_1_273' title='bbox 2394 5053 2825 5139; x_wconf 73' lang='lat' dir='ltr'><strong><em>indulqentias</em></strong></span> <span class='ocrx_word' id='word_1_274' title='bbox 2855 5057 3250 5134; x_wconf 91' lang='lat' dir='ltr'><strong><em>concessisse;</em></strong></span> <span class='ocrx_word' id='word_1_275' title='bbox 3285 5092 3366 5104; x_wconf 93' lang='lat'><strong>—</strong></span> <span class='ocrx_word' id='word_1_276' title='bbox 3398 5055 3655 5120; x_wconf 78' lang='lat' dir='ltr'><strong><em>iisdem-</em></strong></span> 
     </span>
     <span class='ocr_line' id='line_1_34' title="bbox 812 5161 3654 5247; baseline 0 -22"><span class='ocrx_word' id='word_1_277' title='bbox 812 5182 930 5247; x_wconf 83' lang='lat' dir='ltr'><strong><em>que</em></strong></span> <span class='ocrx_word' id='word_1_278' title='bbox 991 5164 1389 5247; x_wconf 75' lang='lat' dir='ltr'><strong><em>injunqitur,</em></strong></span> <span class='ocrx_word' id='word_1_279' title='bbox 1451 5170 1525 5226; x_wconf 91' lang='lat' dir='ltr'><strong><em>ut</em></strong></span> <span class='ocrx_word' id='word_1_280' title='bbox 1587 5163 1824 5227; x_wconf 86' lang='lat' dir='ltr'><strong><em>dictum</em></strong></span> <span class='ocrx_word' id='word_1_281' title='bbox 1883 5164 2118 5245; x_wconf 84' lang='lat' dir='ltr'><strong><em>festum</em></strong></span> <span class='ocrx_word' id='word_1_282' title='bbox 2172 5162 2487 5246; x_wconf 82' lang='lat' dir='ltr'><strong><em>praefata</em></strong></span> <span class='ocrx_word' id='word_1_283' title='bbox 2550 5161 2652 5226; x_wconf 89' lang='lat' dir='ltr'><strong><em>die</em></strong></span> <span class='ocrx_word' id='word_1_284' title='bbox 2696 5163 2967 5247; x_wconf 73' lang='lat' dir='ltr'><strong><em>sinyulis</em></strong></span> <span class='ocrx_word' id='word_1_285' title='bbox 3011 5164 3199 5226; x_wconf 86' lang='lat' dir='ltr'><strong><em>annis</em></strong></span> <span class='ocrx_word' id='word_1_286' title='bbox 3244 5161 3546 5227; x_wconf 85' lang='lat' dir='ltr'><strong><em>celebrent</em></strong></span> <span class='ocrx_word' id='word_1_287' title='bbox 3593 5168 3654 5226; x_wconf 84' lang='lat' dir='ltr'><strong><em>et</em></strong></span> 
     </span>
     <span class='ocr_line' id='line_1_35' title="bbox 811 5267 1750 5351; baseline 0.002 -20"><span class='ocrx_word' id='word_1_288' title='bbox 811 5267 889 5331; x_wconf 93' lang='lat' dir='ltr'><strong><em>ab</em></strong></span> <span class='ocrx_word' id='word_1_289' title='bbox 934 5269 1084 5332; x_wconf 86' lang='lat' dir='ltr'><strong><em>aliis</em></strong></span> <span class='ocrx_word' id='word_1_290' title='bbox 1129 5267 1432 5332; x_wconf 88' lang='lat' dir='ltr'><strong><em>celebrari</em></strong></span> <span class='ocrx_word' id='word_1_291' title='bbox 1479 5269 1750 5351; x_wconf 79' lang='lat' dir='ltr'><strong><em>faciant.</em></strong></span> 
     </span>
    </p>
   </div>
   <div class='ocr_carea' id='block_1_16' title="bbox 813 5443 3584 5633">
    <p class='ocr_par' dir='ltr' id='par_1_16' title="bbox 813 5443 3584 5633">
     <span class='ocr_line' id='line_1_36' title="bbox 813 5443 3584 5536; baseline -0.001 -22"><span class='ocrx_word' id='word_1_292' title='bbox 813 5447 895 5513; x_wconf 92' lang='lat' dir='ltr'><strong><em>In</em></strong></span> <span class='ocrx_word' id='word_1_293' title='bbox 939 5448 1403 5536; x_wconf 85' lang='lat' dir='ltr'><strong><em>Redemptoris</em></strong></span> <span class='ocrx_word' id='word_1_294' title='bbox 1448 5451 1676 5517; x_wconf 86' lang='lat' dir='ltr'><strong><em>nostri.</em></strong></span> <span class='ocrx_word' id='word_1_295' title='bbox 1705 5499 1722 5516; x_wconf 93' lang='lat'><strong><em>.</em></strong></span> <span class='ocrx_word' id='word_1_296' title='bbox 1747 5498 1765 5516; x_wconf 94' lang='lat'><strong><em>.</em></strong></span> <span class='ocrx_word' id='word_1_297' title='bbox 1792 5497 1810 5516; x_wconf 93' lang='lat'><strong><em>.</em></strong></span> <span class='ocrx_word' id='word_1_298' title='bbox 1855 5449 2013 5516; x_wconf 90' lang='lat' dir='ltr'><strong><em>Dat.</em></strong></span> <span class='ocrx_word' id='word_1_299' title='bbox 2061 5447 2432 5529; x_wconf 78' lang='lat' dir='ltr'><strong><em>Avinione,</em></strong></span> <span class='ocrx_word' id='word_1_300' title='bbox 2479 5445 2579 5511; x_wconf 87' lang='lat' dir='ltr'><strong><em>Id.</em></strong></span> <span class='ocrx_word' id='word_1_301' title='bbox 2626 5446 3005 5530; x_wconf 84' lang='lat' dir='ltr'><strong><em>Februarii,</em></strong></span> <span class='ocrx_word' id='word_1_302' title='bbox 3051 5466 3225 5511; x_wconf 92' lang='lat' dir='ltr'><strong><em>anno</em></strong></span> <span class='ocrx_word' id='word_1_303' title='bbox 3273 5443 3584 5511; x_wconf 85' lang='lat' dir='ltr'><strong><em>secundo.</em></strong></span> 
     </span>
     <span class='ocr_line' id='line_1_37' title="bbox 1009 5563 3293 5633; baseline 0 -19"><span class='ocrx_word' id='word_1_304' title='bbox 1009 5565 1136 5630; x_wconf 67' lang='lat' dir='ltr'><strong><em>Ray.</em></strong></span> <span class='ocrx_word' id='word_1_305' title='bbox 1170 5568 1269 5617; x_wconf 76' lang='grc' dir='ltr'><strong><em>Αο.</em></strong></span> <span class='ocrx_word' id='word_1_306' title='bbox 1313 5568 1366 5617; x_wconf 83' lang='grc' dir='ltr'><strong><em>Τ.</em></strong></span> <span class='ocrx_word' id='word_1_307' title='bbox 1403 5565 1463 5633; x_wconf 82' lang='grc'><strong><em>6,</em></strong></span> <span class='ocrx_word' id='word_1_308' title='bbox 1486 5568 1551 5632; x_wconf 78' lang='lat' dir='ltr'><strong><em>s.</em></strong></span> <span class='ocrx_word' id='word_1_309' title='bbox 1583 5565 1697 5619; x_wconf 82' lang='lat'><strong><em>553.</em></strong></span> <span class='ocrx_word' id='word_1_310' title='bbox 1766 5565 1830 5617; x_wconf 87' lang='lat' dir='ltr'><strong><em>In</em></strong></span> <span class='ocrx_word' id='word_1_311' title='bbox 1865 5580 1910 5618; x_wconf 88' lang='lat' dir='ltr'><strong><em>e.</em></strong></span> <span class='ocrx_word' id='word_1_312' title='bbox 1946 5581 2018 5617; x_wconf 88' lang='lat' dir='ltr'><strong><em>m.</em></strong></span> <span class='ocrx_word' id='word_1_313' title='bbox 2052 5580 2115 5617; x_wconf 81' lang='lat' dir='ltr'><strong><em>ac</em></strong></span> <span class='ocrx_word' id='word_1_314' title='bbox 2148 5565 2401 5617; x_wconf 76' lang='lat' dir='ltr'><strong><em>omnibus</em></strong></span> <span class='ocrx_word' id='word_1_315' title='bbox 2435 5565 2557 5616; x_wconf 81' lang='lat' dir='ltr'><strong><em>aliis</em></strong></span> <span class='ocrx_word' id='word_1_316' title='bbox 2590 5564 2906 5617; x_wconf 83' lang='lat' dir='ltr'><strong><em>Germaniae</em></strong></span> <span class='ocrx_word' id='word_1_317' title='bbox 2939 5563 3293 5630; x_wconf 73' lang='lat' dir='ltr'><strong><em>praesulibus.</em></strong></span> 
     </span>
    </p>
   </div>
  </div>
 </body>
</html>
