4450 6684
1866 618 2353 684 Imaonuc-no.
3428 635 3634 682 xxvn

813 833 1017 920 Cujus
1064 831 1303 898 indulti
1349 833 1601 921 papalis
1646 835 1985 900 occasione
2018 832 2173 900 data
2205 834 2250 901 J
2254 834 2544 900 ohannes
2575 835 2997 923 Apostolicus
3033 844 3165 903 tam
3200 838 3633 905 Wilhelmum

583 937 891 1003 comitem
961 959 1155 1024 quam
1226 938 1600 1005 Johannam
1664 939 1808 1023 ejus
1872 940 2254 1025 conjugem,
2320 946 2394 1003 ut
2455 940 2524 1003 in
2586 938 2937 1006 devotione
2998 947 3066 1007 et
3111 940 3431 1009 fidelitate
3479 964 3637 1030 erga

588 1041 955 1106 Romanam
1012 1042 1377 1109 Ecclesiam
1439 1047 1819 1108 constanter
1878 1042 2306 1128 persisterent
2370 1064 2626 1109 necnon
2690 1049 2763 1108 ut
2829 1044 3301 1132 dispensationi
3356 1048 3636 1133 gratiam

584 1145 815 1210 sedulo
862 1145 1213 1229 referrent,
1259 1145 1623 1212 identidem
1671 1147 1929 1232 putavit
1976 1145 2423 1212 admonendos
2470 1147 2744 1229 (numm.
2797 1150 3173 1234 727--728,
3227 1134 3633 1234 738-739).

587 1248 752 1315 Inde
814 1270 932 1337 per
993 1250 1245 1336 aliquot
1291 1250 1524 1316 saltem
1570 1271 1777 1314 annos
1822 1248 2220 1315 Wilhelmus
2269 1272 2486 1317 comes
2533 1252 2710 1339 pacis
2758 1254 3082 1318 rationem
3129 1275 3276 1319 cum
3323 1254 3632 1321 Johanne

587 1374 759 1441 papa
817 1353 1024 1420 XXII
1083 1353 1389 1420 habuisse
1451 1353 1742 1437 videtur3
1806 1355 2079 1420 ineunte
2142 1377 2246 1419 an.
2315 1357 2483 1420 1328
2535 1355 2787 1422 Summi
2831 1357 3171 1423 Pontificis
3217 1358 3441 1423 literas
3488 1379 3635 1445 per·

589 1458 906 1543 benignas
978 1458 1380 1545 nunciosque
1449 1479 1670 1523 secum
1735 1458 1817 1525 de
1881 1458 2163 1544 negotiis
2225 1459 2558 1525 Ecclesiae
2620 1461 3056 1527 collocuturos
3117 1463 3368 1549 recepit
3424 1464 3630 1545 (num.

588 1563 768 1646 750).
830 1563 1064 1650 Neque
1111 1564 1281 1628 circa
1325 1564 1449 1628 hoc
1489 1570 1748 1650 tempus
1788 1565 2017 1651 quovis
2057 1564 2251 1629 modo
2296 1566 2437 1650 ejus
2476 1564 2582 1629 vel
2620 1586 2767 1630 cum
2807 1565 3142 1632 Ludovico
3182 1567 3437 1631 Bavaro
3480 1586 3632 1631 con·

586 1667 858 1732 sortium
922 1667 1027 1732 vel
1089 1688 1236 1732 cum
1293 1669 1510 1755 papali
1557 1668 1738 1733 curia
1784 1667 2130 1733 discrimen
2179 1675 2470 1755 apparet.
2566 1667 2881 1735 Similiter
2927 1670 3276 1736 dicendum
3324 1670 3406 1736 de
3453 1671 3634 1756 Ray·

589 1770 784 1836 naldo
833 1773 1070 1837 comite
1119 1771 1188 1836 11
1236 1772 1516 1838 Gelriae.
1588 1773 1719 1839 Hic
1767 1772 2031 1859 quidem
2079 1794 2211 1837 una
2260 1794 2407 1837 cum
2454 1773 2598 1839 aliis
2645 1773 2981 1839 Inferioris
3031 1775 3422 1841 Germaniae
3457 1775 3633 1862 prin-

584 1875 875 1962 cipibus,
938 1875 1336 1942 Hollandiae
1396 1876 1703 1944 videlicet
1765 1884 1832 1943 et
1881 1876 1962 1942 de
2010 1876 2269 1943 Juliaco
2316 1877 2691 1960 comitibus,
2741 1899 2846 1943 an.
2903 1880 3070 1943 1327
3120 1879 3248 1944 iter
3292 1879 3634 1961 Italicum,

597 1986 710 2060 „ut
754 1979 1091 2046 Ludovico
1139 1981 1572 2068 personaliter
1617 1980 2109 2063 subvenirent”,
2155 1981 2520 2047 intendisse
2568 1988 2766 2068 atque
2815 2004 3077 2069 parasse
3127 1984 3354 2049 fertur.
3386 1984 3437 2067 l)
3502 1982 3632 2049 Sed

589 2085 930 2150 Wilhelmi
999 2087 1255 2151 comitis
1326 2086 1534 2151 instar
1602 2085 2024 2174 profectionis
2095 2086 2438 2151 consilium
2512 2107 2667 2151 mox
2736 2107 2888 2153 eum
2960 2088 3277 2173 abjecisse
3340 2094 3637 2153 autumo.

590 2188 758 2255 Nam
819 2191 946 2256 iter
1007 2211 1160 2256 eum
1221 2211 1451 2257 revera
1510 2191 1775 2273 fecisse,
1837 2190 1963 2255 etsi
2018 2189 2319 2254 nonnulli
2369 2195 2668 2255 auctores
2715 2198 3168 2274 asseruerunt,
3210 2193 3363 2277 jure
3413 2197 3633 2257 tamen

590 2294 834 2359 infitias
879 2296 974 2360 ire
1021 2300 1333 2382 praestat.
1360 2296 1415 2379 2)
1463 2295 1647 2371 Quae
1697 2295 1915 2382 opinio
1964 2294 2205 2359 firmari
2254 2294 2482 2380 utique
2531 2299 2750 2380 potest
2796 2295 3160 2360 rationibus
3209 2315 3294 2361 ex
3340 2296 3632 2361 Bullario

591 2403 814 2464 nostro
863 2397 1244 2486 desumptis.
1318 2399 1582 2465 Etenim
1631 2420 1855 2465 mense
1901 2399 2261 2464 Februario
2310 2420 2415 2462 an.
2471 2399 2640 2463 1328
2689 2398 3028 2465 Johannes
3060 2421 3231 2487 papa
3261 2420 3378 2487 per
3409 2400 3632 2465 literas

590 2502 828 2567 amoris
875 2509 944 2569 et
989 2503 1181 2569 officii
1229 2505 1458 2591 plenas
1504 2502 1850 2590 Raynaldo
1897 2502 2253 2590 respondet
2299 2503 2550 2585 comiti,
2600 2503 2709 2590 qui
2743 2510 2876 2568 tam
2910 2526 3026 2591 per
3060 2505 3402 2590 epistolam
3436 2526 3630 2591 quam

592 2626 709 2692 per
776 2609 1050 2673 nuncios
1118 2609 1414 2696 proprios
1484 2630 1554 2675 se
1623 2609 1690 2674 in
1768 2608 1934 2690 „fide
2005 2629 2079 2672 ac
2150 2607 2500 2673 devotione
2563 2608 2942 2694 perstetisse
3007 2608 3327 2673 hactenus
3390 2614 3459 2674 et
3519 2610 3636 2673 im-

592 2716 926 2796 posterum
974 2713 1144 2778 velle
1190 2718 1569 2778 constanter
1615 2710 2029 2800 persistere'’,
2078 2712 2463 2799 praesertim
2510 2716 2740 2777 contra
2785 2711 3193 2777 Ludovicum
3243 2711 3325 2778 de
3356 2713 3637 2778 Bavaria

593 2812 866 2903 ejusque
928 2817 1253 2899 fautores,
1317 2818 1689 2905 nuperrime
1753 2816 2196 2906 spoponderat
2254 2819 2460 2901 (num.
2530 2817 2708 2899 781).
2803 2816 3052 2882 Eodem
3115 2824 3407 2904 tempore
3464 2839 3638 2882 com-

593 2922 891 3008 pluribus
951 2921 1281 2988 favoribus
1344 2930 1410 2989 et
1456 2923 1814 3010 privilegiis
1861 2923 2116 2987 comitis
2164 2922 2499 2987 Gelrensis
2548 2927 2686 2985 tum
2735 2942 3081 3007 personam
3128 2942 3277 2986 cum
3327 2921 3637 2987 familiam

597 3024 803 3091 Sedes
872 3027 1255 3113 Apostolica
1324 3028 1614 3092 cumulat
1682 3028 1889 3109 (num.
1958 3028 2084 3091 759
2134 3026 2319 3112 seq.).
2414 3027 2669 3090 Paucos
2718 3031 2867 3111 post
2913 3046 3171 3091 menses
3217 3025 3636 3111 Raynaldum

596 3132 900 3197 comitem
963 3132 1166 3197 semel
1226 3138 1423 3220 atque
1484 3132 1726 3197 iterum
1784 3129 2090 3196 laudibus
2154 3130 2463 3196 Summus
2525 3129 2839 3195 Pontifex
2902 3130 3168 3195 extollit
3216 3131 3421 3213 (num.
3474 3132 3636 3214 786,

597 3237 763 3319 800,
815 3238 981 3319 846,
1032 3239 1210 3322 849).
2825 3238 2830 3243 ’

820 3340 1077 3406 Pariter
1143 3341 1515 3407 Johannem
1585 3341 1667 3406 de
1736 3340 1927 3405 Diest
1997 3344 2153 3404 tunc
2224 3339 2604 3425 episcopum
2665 3339 2842 3425 Traj.
2906 3337 2977 3403 in
3039 3338 3160 3403 hac
3209 3337 3635 3403 altercatione
3705 3339 3933 3420 Episcopi
3967 3344 4018 3389 ot

598 3444 863 3512 minime
911 3446 1175 3533 quidem
1221 3469 1265 3511 a
1308 3446 1534 3532 regiis,
1583 3446 1697 3511 sed
1744 3467 1783 3510 a
1830 3444 2174 3532 papalibus
2205 3443 2467 3509 stetisse
2499 3443 2825 3531 partibus,
2875 3464 2960 3509 ex
2994 3442 3366 3531 diplomatis
3400 3441 3639 3506 nostris
3661 3408 4057 3527 εὲξζιῶῗῦξαῗ,

592 3552 897 3640 superius
963 3552 1339 3617 memoratis
1409 3552 1567 3616 satis
1628 3552 1768 3636 jam
1837 3549 2025 3615 licuit
2087 3554 2285 3636 atque
2341 3549 2611 3635 insuper
2656 3569 2738 3613 ex
2788 3569 2965 3613 num.
3018 3549 3144 3612 857
3196 3546 3637 3612 confirmatur.
3742 3543 3976 3622 1ιῦᾶονὶῩὶ

596 3656 748 3721 Non
812 3661 1033 3722 tamen
1087 3657 1158 3720 in
1203 3655 1578 3742 hujusmodi
1627 3654 1843 3720 studio
1892 3654 2238 3719 universus
2285 3652 2727 3738 Trajectensis
2777 3652 3151 3717 dioeceseos
3200 3651 3411 3716 clerus
3461 3669 3647 3736 prae·
3773 3613 3966 3661 Bavm.

599 3760 722 3825 suli
792 3782 910 3827 suo
982 3767 1140 3825 tunc
1209 3760 1590 3846 congruisse
1659 3759 1940 3825 videtur.
2044 3758 2214 3822 Nam
2286 3779 2389 3822 au.
2469 3759 2639 3822 1328
2711 3778 2859 3822 cum
2929 3755 3335 3822 Theoderico
3406 3752 3646 3817 abbate

599 3864 1032 3951 Egmundano
1079 3885 1196 3952 per
1240 3865 1463 3930 literas
1509 3863 1916 3929 familiariter
1962 3862 2100 3949 egit
2146 3862 2519 3947 Margareta
2563 3860 2949 3947 imperatrix
2995 3860 3248 3925 Romae
3292 3862 3430 3922 tum
3476 3877 3648 3922 com·

598 3976 851 4035 morata
874 3969 956 4054 ³);
1023 3970 1292 4057 insuper
1350 3969 1708 4035 Annalium
1765 3969 2043 4054 scriptor
2088 3965 2485 4032 Wilhelmus
2532 3965 2966 4048 Procurator,
3016 3965 3125 4051 qui
3179 3960 3650 4050 Egmundauus

602 4080 758 4140 tunc
805 4074 1196 4158 monachus,
1249 4074 1383 4138 suis
1427 4074 1497 4138 in
1545 4074 1866 4140 chronicis
1914 4070 2203 4138 Johanni
2253 4089 2492 4157 papae,
2544 4089 2738 4155 quem
2787 4066 3040 4134 Herodi
3087 4085 3465 4155 comparare
3517 4083 3651 4128 non

600 4186 897 4263 veretur,
968 4179 1158 4245 valde
1226 4179 1554 4262 infensus,
1631 4178 1967 4244 Ludovico
2041 4182 2263 4241 autem
2332 4174 2722 4260 Imperatori
2791 4172 3336 4259 propensissimus
3408 4167 3649 4257 passim

601 4290 891 4372 apparet.
958 4284 1097 4351 Sub
1145 4305 1250 4349 an.
1305 4285 1476 4348 1324
1524 4290 1750 4349 auctor
1796 4281 2072 4348 candide
2119 4280 2380 4360 asserit,
2433 4299 2549 4364 per
2598 4297 2904 4342 censuras
2952 4276 3022 4340 in
3064 4274 3469 4340 Ludovicum
3506 4293 3650 4359 pro-

601 4390 923 4475 mulgatas
993 4393 1260 4474 gentem
1332 4394 1655 4470 nostram,
1726 4385 2035 4451 videlicet
2106 4381 2543 4465 Hollandiae,
2615 4381 2895 4446 multum
2967 4378 3316 4465 compungi
3384 4375 3648 4464 quidem

609 4500 912 4582 „propter
971 4492 1228 4558 comitis
1291 4492 1392 4556 sui
1454 4491 1683 4574 filiam,
1748 4491 1860 4577 qui
1922 4487 2098 4553 dicto
2160 4487 2303 4572 regi
2366 4506 2577 4572 nuper
2642 4486 2711 4549 in
2767 4484 3115 4569 conjugem
3165 4482 3484 4563 sociatur3
3533 4478 3649 4545 sed

596 4599 831 4665 eadem
878 4617 1041 4684 gens
1089 4597 1205 4661 tali
1251 4595 1590 4682 cujusdam
1637 4595 2028 4659 auctoritate
2076 4591 2380 4677 erigitur:
2432 4590 2632 4676 Spem
2675 4594 2745 4654 et
2775 4594 3023 4653 metum
3056 4585 3365 4653 examina
3397 4590 3467 4651 et
3499 4606 3647 4650 cum

600 4704 850 4768 incerta
881 4702 1126 4767 fuerint
1157 4700 1376 4766 omina
1409 4699 1530 4765 tibi
1560 4699 1735 4782 fave3
1785 4718 1987 4785 quum
2018 4695 2098 4761 ad
2133 4716 2328 4783 quem
2361 4694 2559 4759 finem
2595 4691 2771 4757 dicta
2803 4697 3031 4757 contra
3061 4712 3284 4777 regem
3317 4689 3647 4755 sententia

600 4808 822 4873 veniet
882 4803 1365 4892 ignoratur.’'4)
1457 4801 1746 4868 Proinde
1809 4801 2111 4887 exempla
2171 4820 2306 4864 non
2364 4796 2636 4880 desunt,
2706 4796 2878 4861 viros
2925 4799 3231 4881 potentes
3279 4800 3346 4860 et
3396 4792 3649 4859 nobiles

601 4909 937 4975 Ludovico
985 4930 1101 4995 per
1148 4908 1367 4972 omnia
1412 4905 1639 4972 fideles
1685 4926 1992 4972 censuras
2037 4904 2109 4968 in
2156 4924 2308 4968 eum
2354 4901 2640 4989 prolatas
2687 4903 2936 4965 temere
2984 4898 3386 4985 despexisse.
3438 4893 3645 4961 Immo

596 5013 800 5078 etiam
847 5012 929 5077 ad
968 5013 1270 5099 regiones
1306 5017 1561 5076 nostras
1594 5031 1741 5075 cum
1773 5008 2028 5075 Nicolai
2058 5008 2411 5095 antipapae
2446 5003 2640 5070 bullis
2673 5002 2938 5091 quidam
2971 5006 3296 5067 venerunt
3350 5000 3643 5084 „clerici,

604 5265 1095 5273 ——-—-—-———-

769 5446 826 5508 1)
860 5444 1182 5495 Wnlhelmus
1218 5442 1533 5492 Procurator
1569 5438 1628 5488 A.
1668 5437 1967 5488 Matthaeus
2003 5436 2255 5485 Analecta
2291 5434 2362 5484 11.
2395 5432 2509 5485 665.

769 5525 825 5591 2)
861 5525 963 5577 cfr.
1000 5539 1102 5574 vau
1137 5523 1310 5587 Spaen
1346 5521 1582 5570 Historia
1613 5535 1711 5569 van
1752 5517 2066 5568 Golden-land
2101 5515 2167 5566 11.
2203 5514 2317 5565 457.

771 5607 825 5671 3)
860 5605 1120 5670 Epistolae
1156 5603 1293 5667 apud
1330 5601 1657 5651 Matthacum
1694 5599 1949 5648 Analecta
1988 5596 2056 5647 11.
2089 5595 2184 5647 691
2222 5602 2277 5647 et
2312 5594 2435 5659 707;
2472 5610 2573 5645 van
2611 5594 2790 5645 Mieris
2831 5591 3177 5645 Charcerboek
3214 5591 3283 5641 ΙΙ.
3315 5589 3415 5641 450
3445 5595 3498 5641 et
3522 5590 3622 5640 455

592 5688 648 5740 J.
685 5689 750 5739 de
786 5687 922 5737 Belua
964 5685 1212 5736 Chronica
1245 5682 1362 5733 114.

770 5769 826 5833 4)
860 5767 1165 5819 Matthaeus
1201 5766 1217 5815 Ι
1272 5765 1306 5815 l.
1341 5764 1469 5828 62⁴2,
1502 5761 1602 5814 653
1659 5760 1772 5812 700.
