4450 6684
1608 508 1952 574 Amnum
1996 528 2078 575 m·
2126 509 2604 577 CORRIGENDA.
3503 519 3632 583 297

661 722 797 802 (35)
841 737 918 787 Ad
955 738 1089 789 oba:
1128 738 1328 789 Mazza-
1368 741 1556 790 ouante
1595 741 1943 791 Gau-lazarium
1965 758 2026 806 p.
2059 742 2179 807 ‘2183
2222 743 2643 794 ooekommk
2673 760 2720 795 v.
2760 745 3049 810 aronam
3088 748 3149 798 η’
3182 747 3267 799 ss.

658 820 795 899 (46)
839 834 916 885 Ad
952 835 1084 886 obs.:
1124 834 1458 886 Probabilius
1491 837 1578 886 hic
1612 837 1788 902 agitur
1822 838 1886 888 de
1919 837 2158 900 Trajecto
2191 839 2258 888 ad
2293 838 2508 889 Mosam.

657 916 794 995 (48)
837 930 916 980 Ad
950 932 1085 982 oba:
1129 931 1355 997 Colmjon
1388 932 1623 996 Regiae,-
1657 934 1714 982 κθ
1746 932 1862 983 47*.

656 1013 793 1093 (57)
838 1028 899 1077 ln
935 1033 1178 1092 excerpto
1214 1043 1329 1093 pro:
1369 1031 1776 1096 archiepiscopi,
1810 1032 1979 1098 legas:
2017 1033 2458 1097 archiepiscopus.

655 1111 791 1191 (60)
836 1126 913 1176 Λα
948 1125 1085 1177 obs.:
1121 1126 1320 1178 unzter
1352 1129 1595 1192 Regem„
1628 1130 1684 1177 ,ιο
1720 1129 1842 1193 14*;
1884 1129 2302 1179 corkonaenboeh
2334 1146 2378 1179 ο.
2420 1128 2708 1191 oronim„
2743 1129 2800 1177 η’
2833 1128 2917 1179 58.

655 1207 791 1286 (65)
834 1223 914 1272 Ad
948 1222 1081 1274 obs.:
1117 1224 1432 1274 muham
1464 1226 1603 1290 apua
1634 1242 1733 1275 00„
1768 1225 2014 1275 maere-10
2046 1225 2190 1289 Lonq
2226 1224 2448 1274 mamm
2497 1225 2560 1276 ν.
2594 1224 2707 1275 142.

653 1305 950 1384 (75-76)
993 1319 1071 1368 Ad
1105 1321 1241 1371 obs.:
1289 1319 1529 1371 vanem
1571 1322 1725 1371 rabie
1757 1322 1976 1372 ctu-ml.
2022 1322 2157 1372 VII.
2193 1321 2344 1372 513¹&

653 1401 949 1480 (87—90)
993 1416 1071 1466 Ad
1104 1415 1234 1467 oba:
1285 1416 1524 1466 Wauaem
1567 1416 1718 1466 rame
1749 1417 1968 1467 chronol.
2014 1417 2147 1466 VII.
2182 1415 2508 1468 &fii-522&

651 1499 788 1578 (95)
831 1512 909 1564 Ad
944 1513 1076 1564 obs,:
1125 1512 1367 1564 Waoetere
1408 1513 1559 1563 Tablo
1590 1513 1813 1564 chemel.
1860 1514 1992 1565 VH.
2025 1511 2175 1563 533*.

649 1596 826 1674 (104)
869 1609 948 1660 Ad
981 1611 1117 1660 oba:
1162 1610 1385 1675 Colmjon
1418 1610 1652 1674 Reyistor
1685 1609 1745 1659 2⁸⁰
1765 1609 1888 1673 51*;
1923 1609 2120 1659 Muller
2160 1609 2354 1658 Omitto
2392 1609 2740 1660 Cartalarium
2764 1627 2823 1675 p.
2854 1609 2971 1676 190,
3005 1614 3268 1663 secuudum
3298 1615 3646 1677 apographum

550 1709 678 1744 eaeo.
713 1695 773 1743 X
784 1695 867 1742 VI
894 1694 952 1743 in
982 1694 1187 1744 archivo
1210 1709 1359 1759 prov.
1406 1695 1601 1759 Ultraj.

648 1776 1025 1856 (106-108)
1068 1791 1147 1841 Ad
1181 1789 1316 1842 ob3.:
1359 1789 1775 1840 Oorkondenboek
1809 1805 1908 1838 van
1947 1788 2235 1851 G-roninyen
2269 1789 2328 1838 n·
2361 1786 2574 1838 72—74.

644 1874 821 1952 (118)
864 1889 943 1938 Ad
988 1888 1119 1939 oba:
1183 1888 1421 1938 wauton
1474 1888 1625 1937 Table
1670 1886 1890 1937 chronol.
1947 1886 2078 1936 VII.
2124 1883 2282 1951 609*,
2333 1885 2423 1935 ubi
2467 1900 2743 1950 perperam
2777 1887 2876 1938 sub
2912 1888 2995 1938 die
3028 1887 3095 1939 26
3132 1889 3326 1954 Aprilis
3362 1906 3450 1942 an.
3481 1890 3641 1956 12273

548 1973 762 2038 Auci-ay
796 1972 1054 2035 R69istres
1088 1970 1205 2022 31¹².

646 2054 823 2132 (120)
867 2068 945 2117 Ad
980 2067 1114 2117 obs.:
1152 2067 1366 2132 Auta-ay
1401 2065 1661 2130 Rbyietres
1693 2064 1844 2117 199*.

778 2551 954 2630 (122)
1005 2601 1063 2619 ..
1112 2552 1435 2640 Episcopo
1483 2554 1925 2639 Trajectensi:

774 2659 959 2724 Illius
1002 2660 1218 2726 locum
1266 2665 1569 2725 tenentes
1614 2661 1682 2724 in
1732 2661 1951 2742 terris,
2000 2659 2110 2746 qui
2159 2679 2308 2723 cum
2356 2657 2538 2724 dives
2586 2665 2797 2743 esset,
2845 2681 2963 2748 pro
3012 2662 3203 2726 nobis
3249 2662 3465 2726 factus
3515 2668 3617 2727 est

547 2786 832 2852 pauper,
897 2772 972 2831 ut
1034 2787 1151 2831 sua
1213 2788 1331 2832 nos
1389 2772 1779 2853 paupertate
1842 2764 2115 2850 ditaret,
2180 2785 2329 2830 cum
2392 2764 2473 2831 de
2533 2786 2896 2853 pauperum
2968 2787 3199 2831 sumus
3247 2768 3622 2855 provisione

547 2871 837 2954 solliciti,
886 2872 1079 2938 officii
1124 2874 1328 2937 nostri
1375 2872 1663 2938 debitam
1709 2873 2161 2960 prosequimur
2202 2873 2548 2937 actionem.
2616 2871 2783 2938 Inde
2832 2878 2961 2956 est,
3002 2873 3175 2961 quod
3217 2872 3458 2938 dilecti
3495 2874 3611 2937 filii

544 2976 805 3043 Ciconis
873 2978 1028 3042 olim
1097 2979 1255 3044 dicti
1323 2979 1595 3044 Henrici
1656 2979 1961 3066 pauperis
2023 2978 2245 3042 clerici
2305 2978 2532 3044 latoris
2585 2978 2989 3066 presentium
3035 2999 3269 3065 preces
3316 2979 3604 3064 benigno

543 3091 1015 3172 prosequentes
1075 3087 1330 3169 favore,
1392 3086 1870 3151 fraternitatem
1934 3090 2114 3149 tuam
2167 3083 2524 3171 rogandam
2573 3085 2882 3149 duximus
2930 3091 2998 3150 et
3045 3084 3448 3151 monendam
3493 3105 3613 3172 per

541 3192 899 3276 apostolica
958 3192 1079 3257 tibi
1139 3193 1381 3278 scripta
1435 3190 1860 3275 mandantes,
1924 3192 2233 3277 quatinus
2292 3191 2362 3255 in
2424 3190 2644 3277 aliqua
2689 3192 3109 3257 ecclesiarum
3161 3192 3447 3257 civitatis
3494 3191 3602 3256 vel

543 3295 817 3363 diocesis
880 3303 1027 3382 tue,
1090 3319 1218 3384 que
1278 3303 1574 3363 nostrum
1637 3318 1769 3362 non
1830 3296 2153 3383 receperit
2197 3316 2395 3382 super
2440 3296 2709 3361 alterius
2755 3298 3129 3385 provisione
3178 3295 3607 3379 mandatum,

538 3404 665 3490 ipsi
725 3404 880 3470 alibi
941 3426 1074 3471 non
1119 3411 1382 3492 recepto
1430 3410 1499 3470 et
1543 3410 1772 3491 parato
1822 3402 2110 3469 residere
2156 3403 2226 3467 in
2272 3403 2419 3485 illa,
2477 3404 2546 3467 in
2593 3424 2722 3490 qua
2769 3404 2891 3469 sibi
2941 3402 3212 3468 duxeris
3259 3402 3608 3489 providen-

541 3510 730 3594 dum,
802 3510 1151 3577 dummodo
1221 3510 1484 3597 aliquod
1553 3510 1942 3575 rationabile
2013 3530 2146 3574 non
2212 3509 2525 3591 obsistat,
2591 3510 2674 3575 ob
2735 3510 3177 3576 reverentiam
3245 3509 3604 3596 apostolice

540 3615 712 3682 sedis
773 3623 841 3682 et
899 3622 1189 3682 nostram
1233 3616 1623 3682 auctoritate
1670 3621 1895 3680 nostra
1938 3617 2009 3680 in
2055 3615 2375 3681 beneficio
2422 3614 2766 3702 provideas
2812 3615 3262 3702 competenti,
3310 3636 3395 3681 ne
3440 3636 3608 3701 pau-

538 3728 794 3810 pertate
863 3730 1126 3789 coactus
1194 3728 1369 3788 retro
1438 3723 1761 3808 respicere
1832 3721 2296 3809 compellatur,
2369 3728 2471 3789 set
2538 3723 2757 3810 potius
2824 3723 3127 3787 insistere
3192 3727 3443 3804 aratro,
3515 3719 3601 3786 ad

543 3829 715 3916 quod
761 3830 1015 3895 misisse
1061 3829 1352 3894 noscitur
1395 3851 1659 3894 manum
1706 3850 1909 3894 suam.
1981 3828 2134 3893 Dat.
2181 3828 2467 3912 Perusii‚
2516 3828 2658 3893 ΙΙΠ
2702 3826 2802 3893 Id.
2849 3828 3129 3915 Aprilis,
3177 3827 3598 3915 pontificatus

542 3935 748 4000 nostri
794 3955 968 4000 anno
1017 3936 1233 4000 tertio.

959 4070 1173 4134 Auvray
1208 4068 1465 4132 Re'qt'stres
1499 4066 1649 4118 331⁸.

617 4536 765 4614 (123
806 4539 868 4595 et
920 4534 1057 4613 125)
1101 4547 1179 4598 Ad
1212 4549 1345 4599 obs.:
1380 4549 1594 4616 Auen-ay
1628 4548 1886 4613 Regiam
1920 4547 2045 4597 324*
2079 4552 2130 4597 «ι
2168 4544 2313 4599 528*.

619 4633 677 4683 P.
713 4631 776 4682 47
812 4633 869 4683 in
904 4633 1075 4696 capite
1108 4646 1222 4696 pro:
1261 4632 1543 4697 Gregorius
1580 4633 1688 4697 111,
1725 4633 1893 4699 legas:
1934 4632 2085 4698 Greg.
2122 4631 2215 4683 IX.

756 5120 932 5199 (126)
979 5121 1065 5186 In
1112 5143 1162 5186 e.
1210 5143 1290 5186 m.
1339 5123 1533 5187 eidem
1578 5123 2075 5207 (archiepiscopo
2126 5121 2511 5203 Coloniensi)
2544 5142 2674 5205 pro
2720 5118 2944 5184 eodem.

752 5225 918 5292 Cum
971 5228 1079 5314 pie
1124 5226 1594 5294 recordationis
1638 5236 1748 5293 etc.
1800 5236 1874 5294 ut
1917 5249 2120 5314 supra
2163 5247 2392 5313 usque:
2455 5226 2750 5292 debitum
2797 5228 3172 5311 respectum
3218 5218 3585 5300 habentes,

522 5330 600 5396 L.
663 5332 858 5398 titulo
914 5332 1154 5400 Sancte
1200 5334 1427 5401 Crucis
1472 5335 1839 5423 presbyteri
1885 5333 2278 5418 Oardinalis,
2327 5334 2545 5422 patrui
2592 5332 2813 5397 dilecti
2858 5330 2976 5396 filii
3024 5329 3100 5393 Τ.
3150 5325 3297 5392 nati
3343 5324 3580 5391 nobilis

523 5436 647 5502 viri
684 5438 770 5503 Ο.
818 5439 1313 5525 Brancaleonis,
1360 5441 1536 5528 apud
1581 5462 1702 5506 nos
1748 5443 2028 5508 viventis
2074 5441 2388 5506 memoria
2433 5459 2565 5504 non
2614 5436 2931 5503 deciderit
2978 5455 3126 5499 cum
3175 5430 3580 5510 decedente,

524 5543 828 5628 caritate,
893 5566 1088 5631 quam
1142 5547 1489 5612 habuimus
1535 5546 1618 5612 ad
1666 5547 1984 5631 eundem,
2034 5567 2182 5630 eos,
2232 5545 2345 5631 qui
2390 5546 2491 5610 sui
2538 5564 2681 5609 esse
2728 5545 3126 5622 noscuntur,
3180 5536 3391 5625 ipsius
3441 5533 3586 5598 dili·

521 5652 734 5736 gimus
793 5652 1204 5738 interventu,
1268 5674 1347 5719 eo
1408 5654 1898 5721 habundantius
1962 5652 2043 5718 ad
2105 5672 2449 5741 personam
2510 5648 2807 5736 ejusdem
2866 5646 3084 5713 clerici
3133 5640 3578 5710 extendentes

741 5787 828 5850 IL
890 5818 900 5829 ·
3285 5780 3362 5837 38
