4450 6684
870 516 1002 579 322
2217 515 2601 578 Arm-:snm

867 737 949 801 In
995 756 1272 824 quorum
1319 734 1766 800 testimonium
1813 741 1883 801 et
1928 735 2127 799 robur
2173 734 2290 799 has
2338 742 2593 800 nostras
2641 741 2978 822 presentes
3026 741 3093 800 ct
3139 740 3442 822 patentes
3487 735 3740 801 litteras
3787 737 3924 801 fieri

867 843 1140 910 fecimus
1187 847 1255 909 et
1302 863 1412 908 eas
1460 842 1655 928 sigilli
1703 843 1909 907 nostri
1956 843 2357 929 appensione
2407 842 2665 907 muniri.
2736 842 2984 915 Datum
3031 842 3400 925 cameraci,
3448 863 3620 908 anno
3668 842 3929 909 Domini

868 950 1303 1018 MOOGLXX
1352 951 1668 1037 septimo,
1719 950 1826 1016 die
1875 950 2125 1015 decima
2173 951 2454 1038 septima
2499 950 2741 1015 mensis
2788 950 3151 1016 Februarii.

1292 1067 1681 1132 Anto-cropheum
1723 1066 1780 1116 in
1822 1067 2030 1117 archivo
2057 1082 2205 1133 prov.
2253 1068 2306 1115 U
2310 1068 2459 1132 ltraj.
2473 1090 2492 1125 ‚·
2537 1067 2759 1131 εἰρίῑῑοηιι
2802 1071 2854 1116 ot
2887 1067 3071 1116 literae
3103 1068 3222 1118 olim
3256 1069 3539 1133 transfixae
3571 1064 3919 1118 desiderantur
3928 1090 3951 1125 ,-

1226 1153 1333 1218 esr.
1368 1152 1435 1204 R.
1469 1152 1637 1203 Frenis
1678 1152 1770 1203 Tra.
1805 1153 1899 1202 Ax.
1969 1151 2263 1202 Inmtariae
2295 1169 2394 1202 van
2428 1153 2513 1202 lact
2545 1152 2758 1217 ambies
2785 1153 2877 1202 der
2909 1153 3113 1202 Eme„
3144 1169 3244 1203 van
3279 1153 3585 1218 Montsoort
3615 1152 3675 1201 n·
3707 1151 3847 1202 127*.

871 1526 1042 1596 XII.
1864 1529 2076 1611 1379,
2128 1527 2410 1592 Octobris
2455 1531 2534 1612 3,
2580 1528 2943 1593 AvenioniS.

1191 1684 1470 1748 Clemens
1545 1680 1693 1746 VII
1747 1682 2060 1767 antipapa
2120 1682 2416 1747 Arnoldo
2470 1682 2577 1765 (de
2623 1681 2884 1767 Hoern)
2929 1684 3115 1746 electo
3172 1681 3354 1764 Traj.
3403 1683 3702 1765 mandat,
3749 1691 3821 1746 ut
3864 1683 3940 1746 ab

1096 1791 1496 1876 Hcydenrico
1527 1791 1713 1854 electo
1745 1788 2234 1854 Monastericnsi
2263 1792 2474 1876 exiqat
2502 1797 2561 1854 et
2593 1792 2860 1875 recipiat
2890 1811 3200 1854 summam
3232 1793 3439 1871 3000,
3475 1811 3668 1877 quam
3700 1792 3939 1855 ratione

1096 1899 1437 1964 communis
1474 1899 1743 1976 servitii,
1784 1918 2019 1960 necnon
2056 1918 2366 1961 summam
2405 1900 2494 1962 60
2524 1898 2907 1980 florenorum
2946 1900 3128 1982 auri,
3169 1919 3362 1984 quam
3389 1920 3520 1984 pro
3559 1899 3938 1983 expeditione

1095 2006 1305 2070 bullae
1350 2003 1541 2068 debet.

1098 2174 1357 2239 Dilecto
1407 2172 1540 2236 filio
1589 2171 1885 2237 Arnaldo
1936 2173 2147 2237 electo
2194 2173 2604 2258 Trajectensi
2652 2174 2930 2240 salutem
2977 2183 3088 2241 etc.

1098 2281 1326 2372 Nuper
1385 2280 1661 2346 ecclesia
1715 2280 2218 2346 Monasteriensi
2267 2288 2445 2347 certo
2495 2281 2687 2347 modo
2737 2289 3041 2365 vacante,
3097 2304 3217 2348 nos
3265 2283 3348 2349 de
3396 2304 3676 2370 persona
3723 2281 3940 2348 dilecti

872 2391 994 2456 filii
1041 2387 1445 2475 Heydenrici
1494 2386 1688 2452 electi
1734 2387 2273 2452 Monasteriensis
2322 2388 2538 2454 eidem
2587 2389 2862 2455 ecclesie
2906 2390 3215 2455 duximus
3259 2392 3651 2456 auctoritate
3691 2399 3945 2478 aposto-

875 2499 1004 2564 lica
1064 2493 1579 2583 providendum,
1643 2494 2041 2582 preficiendo
2105 2496 2321 2580 ipsum
2380 2496 2553 2562 dicte
2602 2498 2877 2563 ecclesie
2925 2498 2992 2562 in
3042 2499 3422 2584 episcopum
3469 2504 3537 2563 et
3584 2505 3942 2584 pastorem,

880 2609 1077 2692 prout
1138 2601 1206 2668 in
1274 2603 1514 2667 nostris
1578 2600 1733 2666 inde
1801 2601 2114 2667 consectis
2175 2602 2449 2685 litteris,
2515 2625 2675 2689 quas
2735 2605 2856 2670 tibi
2905 2626 3037 2670 una
3083 2627 3232 2670 cum
3277 2606 3695 2692 presentibus
3744 2611 3946 2669 trans-

877 2712 1240 2792 mittimus,
1288 2710 1547 2796 plenius
1596 2709 1989 2774 continetur.
2088 2710 2206 2775 Set
2254 2712 2408 2796 quia
2455 2712 2673 2776 nullus
2721 2718 2821 2777 est
2869 2712 2937 2777 in
2985 2714 3287 2778 Romana
3334 2713 3548 2794 curia,
3599 2712 3710 2800 qui
3757 2731 3946 2797 pecu·

890 2820 1063 2883 niam
1110 2839 1229 2905 pro
1278 2817 1689 2883 confectione
1738 2823 1806 2882 et
1853 2816 2287 2904 expedicione
2336 2839 2410 2882 ac
2460 2818 2918 2906 redempcione
2968 2820 3335 2885 litterarum
3374 2820 3661 2906 ipsarum
3701 2819 3944 2883 solvere

887 2926 1169 2990 voluerit
1238 2926 1375 2990 sive
1444 2925 1608 2990 velit
1678 2931 1793 2990 aut
1863 2945 1981 3011 pro
2053 2926 2379 2990 communi
2452 2927 2725 2991 servicio
2791 2928 2980 2991 nobis
3041 2934 3110 2992 et
3157 2927 3434 3013 collegio
3483 2925 3946 2991 venerabilium

880 3035 1154 3099 fratrum
1195 3037 1564 3097 nostrorum
1610 3036 1836 3098 sancte
1874 3032 2175 3097 Romane
2215 3032 2489 3098 ecclesie
2532 3032 2975 3098 cardinalium
3017 3033 3240 3099 debito
3282 3034 3600 3121 obligare,
3639 3033 3939 3118 idemque

883 3145 1134 3210 electus
1180 3148 1448 3230 propter
1493 3162 1794 3226 guerras,
1841 3161 1968 3226 que
2017 3141 2086 3205 in
2118 3141 2247 3205 illis
2281 3141 2578 3227 partibus
2609 3142 2835 3226 vigent
2867 3149 2934 3207 et
2968 3142 3217 3207 viarum
3250 3143 3569 3230 pericula,
3604 3140 3940 3228 pecuniam

877 3257 994 3315 aut
1065 3254 1521 3336 procuratores
1593 3247 1674 3313 ad
1745 3249 2063 3335 premissa
2124 3268 2322 3312 ausus
2379 3269 2512 3312 non
2561 3247 2684 3312 fuit
2732 3247 3089 3330 destinare,
3160 3249 3538 3314 earumdem
3584 3249 3945 3314 litterarum

881 3355 1225 3443 expedicio
1272 3356 1610 3443 hucusque
1659 3356 1883 3420 extitit
1930 3354 2282 3420 retardata.
2348 3355 2486 3421 Nos
2533 3355 2735 3440 igitur
2781 3356 3113 3439 nolentes,
3164 3356 3338 3443 quod
3387 3363 3734 3442 propterea
3777 3355 3946 3419 dicta

877 3462 1414 3528 Monasteriensis
1493 3462 1769 3527 ecclesia
1836 3462 2124 3547 patiatur
2196 3462 2266 3526 in
2337 3462 2783 3549 spiritualibus
2849 3469 2918 3528 et
2985 3464 3454 3550 temporalibus
3518 3463 3945 3543 detrimenta,

880 3570 1186 3656 idemque
1233 3570 1483 3634 electus
1530 3569 1600 3633 in
1646 3569 2067 3655 adipiscenda
2106 3570 2518 3656 possessione
2562 3570 2662 3635 sui
2706 3571 3121 3657 episcopatus
3163 3571 3560 3659 impediatur
3599 3571 3704 3637 vel
3747 3570 3946 3636 eciam

876 3675 1326 3762 perturbetur,
1380 3676 1764 3740 discrecioni
1813 3681 1926 3740 tue
1973 3696 2090 3763 per
2138 3677 2498 3762 apostolica
2530 3678 2772 3764 scripta
2806 3678 3221 3760 mandamus,
3260 3679 3567 3765 quatinus
3598 3679 3683 3744 ab
3717 3677 3940 3742 eodem

882 3791 1093 3855 electo
1144 3786 1225 3854 de
1273 3786 1587 3854 solvenda
1631 3788 1911 3874 pecunia
1955 3788 2024 3851 in
2065 3787 2369 3852 Romana
2401 3788 2580 3852 curia
2611 3808 2729 3875 pro
2762 3788 3051 3874 ipsarum
3082 3788 3451 3854 litterarum
3486 3788 3944 3875 expedicione,

881 3896 1191 3963 videlicet
1235 3917 1353 3984 pro
1391 3896 1654 3983 juribus
1701 3896 2103 3961 notariorum
2151 3894 2324 3958 sedis
2369 3894 2726 3982 apostolice
2760 3915 3157 3980 suorumque
3190 3895 3704 3978 abreviatorum,
3753 3896 3946 3981 scrip-

883 4011 1098 4069 torum
1168 4003 1348 4069 bulle
1416 4010 1640 4068 nostre
1712 4008 1781 4068 et
1841 4002 2168 4088 Registri,
2237 4001 2544 4067 videlicet
2608 4002 2955 4088 sexaginta
3014 4003 3295 4067 florenos
3356 4003 3497 4068 auri
3548 4002 3630 4068 de
3679 4003 3948 4069 Camera

882 4130 1139 4175 necnon
1201 4108 1282 4173 de
1344 4107 1661 4174 solvendo
1720 4106 1995 4173 Camere
2043 4107 2401 4194 apostolice
2450 4113 2518 4172 et
2565 4107 2812 4172 eisdem
2863 4107 3320 4173 cardinalibus
3372 4109 3494 4173 tria
3537 4109 3719 4173 milia
3764 4110 3946 4173 flore-

883 4237 1116 4282 norum
1177 4217 1318 4282 auri
1382 4215 1464 4282 de
1529 4216 1805 4281 Camera
1864 4221 1973 4279 etc.
2039 4216 2288 4278 omissa.
2383 4214 2535 4279 Dat.
2589 4214 2955 4298 Avinione,
3003 4215 3065 4279 V
3114 4215 3284 4280 Non.
3335 4214 3674 4299 Octobris,
3737 4217 3948 4303 ponti-

882 4325 1116 4390 ficatus
1162 4323 1371 4389 nostri
1418 4343 1591 4387 anno
1640 4321 1949 4387 secundo.
2421 4379 2430 4388 .

1304 4440 1427 4503 neq.
1477 4439 1640 4488 Vane.
1674 4438 1969 4502 (cummis
2016 4438 2135 4487 VII
2166 4437 2353 4502 antip.)
2398 4439 2528 4488 rom.
2565 4437 2692 4500 292,
2718 4439 2774 4503 s.
2812 4437 2928 4490 225.

884 4814 1094 4881 XIII.
1922 4816 2130 4897 1386,
2179 4814 2415 4878 Martii
2457 4816 2575 4895 19,
2622 4815 2900 4879 Januac.

1199 4968 1527 5033 Florentio
1574 4968 1680 5050 (de
1741 4968 2327 5054 Wevelinckhoven)
2374 4968 2654 5054 episcopo
2710 4968 2891 5052 Traj.
2946 4969 3280 5052 terminus,
3340 4988 3463 5053 quo
3509 4970 3765 5033 servitia
3811 4989 3952 5032 con-

1109 5082 1288 5140 sueta
1334 5075 1568 5139 solvere
1613 5073 1817 5158 debet,
1864 5095 2061 5160 usquc
2106 5074 2193 5137 ad
2238 5074 2402 5138 diem
2445 5074 2532 5137 24
2581 5073 2775 5137 Junii
2809 5081 3224 5160 proroyatur.

1108 5254 1245 5319 Nos
1292 5254 1602 5320 Nicolaus
1649 5261 1758 5319 etc.

1111 5361 1300 5436 Quod
1365 5362 1703 5427 intellecta
1763 5362 1935 5426 mole
1997 5362 2448 5446 gravaminum
2512 5385 2628 5449 pro
2690 5369 2877 5451 parte
2933 5364 3277 5429 reverendi
3323 5365 3393 5430 in
3439 5364 3701 5431 Christo
3748 5367 3951 5453 patris

885 5467 1133 5534 domini
1203 5468 1530 5534 Florencii
1600 5468 1730 5532 Dei
1799 5468 2019 5554 gracia
2081 5469 2369 5555 episcopi
2433 5470 2873 5556 Trajectensis
2937 5492 3153 5536 coram
3202 5471 3390 5537 nobis
3439 5472 3774 5559 exposita,
3823 5493 3951 5559 que

884 5576 1099 5661 ipsum
1168 5574 1251 5640 ad
1320 5573 1707 5640 solvendum
1775 5574 1878 5658 id,
1951 5576 2021 5639 in
2092 5595 2220 5661 quo
2293 5575 2565 5641 Camere
2629 5583 2696 5642 et
2758 5577 3184 5643 familiaribus
3247 5586 3315 5643 et
3364 5579 3747 5645 officialibus
3793 5579 3950 5644 dicti

884 5681 1145 5766 collegii
1189 5681 1510 5746 dictorum
1558 5680 1967 5746 dominorum
2015 5680 2459 5747 Cardinalium
2505 5704 2623 5771 pro
2671 5705 2790 5749 suo
2837 5685 3167 5750 communi
3211 5690 3281 5751 et
3327 5706 3459 5750 uno
3508 5686 3761 5751 minuto
3813 5707 3946 5751 ser-
