4450 6684
825 508 957 572 292
2081 503 2486 567 (ἰΒΕοοΒιυε
2531 502 2654 568 XI.

826 733 894 792 et
941 726 1150 814 quod,
1197 726 1350 791 licet
1397 725 1551 790 olim
1596 744 1715 812 per
1761 730 1828 789 te
1876 744 1962 789 ex
2002 723 2458 789 commissione
2506 729 2728 789 nostra
2774 725 2843 788 in
2876 724 3108 790 eodem
3141 726 3536 790 monasterio
3574 727 3895 791 nonnulla

822 835 1111 900 salubria
1155 839 1406 899 statuta
1451 837 1520 898 et
1566 831 2018 898 ordinaciones
2064 831 2239 898 circa
2284 830 2717 897 dormiciones
2764 838 2832 898 et
2875 833 3376 898 commestiones
3419 833 3892 899 monachorum

825 947 894 1007 et
956 961 1381 1028 personarum
1443 937 1741 1025 ejusdem
1802 939 2183 1004 monasterii
2228 938 2405 1004 facta
2449 938 2734 1021 fuerint,
2785 944 3005 1005 tamen
3053 946 3322 1027 propter
3365 939 3891 1007 inobedienciam

825 1049 1148 1114 dictorum
1217 1047 1681 1113 monachorum
1747 1046 2091 1112 rebellium
2155 1052 2407 1111 statuta
2468 1052 2535 1113 et
2597 1047 3052 1112 ordinaciones
3115 1046 3492 1134 hujusmodi
3538 1047 3610 1113 in
3657 1047 3889 1114 eodem

825 1156 1223 1221 monasterio
1271 1155 1537 1220 minime
1586 1154 2046 1235 observantur,
2095 1152 2404 1241 quodque
2447 1159 2580 1219 tam
2613 1160 2881 1241 propter
2913 1155 3229 1242 premissa
3259 1175 3457 1242 quam
3489 1157 3696 1221 eciam
3729 1157 3887 1220 alias

827 1262 1295 1328 monasterium
1342 1262 1555 1348 ipsum
1603 1282 1842 1347 magna
1886 1260 2355 1326 reformacione
2405 1262 2696 1326 noscitur
2740 1261 3057 1347 indigere.
3121 1262 3257 1326 Nos
3288 1262 3493 1348 igitur
3524 1262 3895 1348 cupientes,

828 1368 1003 1456 quod
1061 1369 1531 1434 monasterium
1575 1368 1789 1455 ipsum
1838 1368 2187 1433 salubriter
2233 1369 2656 1451 reformetur,
2707 1368 3271 1454 circumspectioni
3322 1374 3471 1451 tue,
3522 1367 3604 1433 de
3653 1389 3783 1456 qua
3827 1370 3898 1434 in

826 1475 953 1540 hiis
1015 1481 1083 1539 et
1145 1475 1287 1539 aliis
1351 1474 1699 1559 specialem
1764 1475 1831 1538 in
1897 1474 2181 1538 Domino
2247 1473 2550 1538 fiduciam
2612 1475 3023 1556 obtinemus,
3088 1495 3206 1560 per
3252 1474 3612 1560 apostolica
3660 1475 3899 1561 scripta

827 1579 1293 1646 committimus
1340 1589 1407 1645 et
1454 1579 1861 1662 mandamus,
1919 1581 2228 1668 quatinus
2277 1580 2528 1646 habens
2577 1603 2690 1667 pre
2734 1581 2938 1646 oculis
2981 1582 3191 1646 solum
3231 1581 3480 1665 Deum,
3529 1602 3647 1669 per
3688 1587 3753 1646 te
3794 1582 3897 1646 vel

828 1689 1027 1754 alium
1090 1708 1206 1752 seu
1268 1688 1431 1753 alios
1494 1687 1575 1752 de
1639 1686 1971 1774 premissis
2033 1693 2099 1752 te
2163 1686 2516 1774 diligenter
2565 1687 2874 1754 informes
2921 1694 2989 1752 et
3038 1709 3118 1754 ea
3164 1710 3239 1753 ac
3287 1689 3414 1754 alia
3462 1689 3718 1772 omnia,
3767 1709 3894 1775 que

825 1796 895 1859 in
943 1793 1117 1859 dicto
1165 1793 1559 1859 monasterio
1608 1799 1742 1858 tam
1790 1795 1859 1858 in
1906 1795 2120 1880 capite
2168 1815 2364 1880 quam
2411 1796 2481 1858 in
2529 1794 2837 1859 membris
2882 1795 3285 1861 correctione
3320 1817 3396 1860 ac
3426 1795 3895 1860 reformacione

831 1902 1089 1966 noveris
1149 1900 1479 1987 indigere,
1538 1901 1929 1965 auctoritate
1978 1907 2203 1965 nostra
2251 1901 2574 1987 corrigere
2621 1923 2696 1966 ac
2745 1901 3096 1967 reformare
3143 1923 3487 1989 procures,
3537 1901 3896 1968 contradic·

829 2013 1003 2071 tores
1070 2027 1188 2094 per
1256 2027 1597 2071 censuram
1668 2006 2176 2073 ecclesiasticam
2248 2007 2695 2094 appellacione
2758 2008 3124 2094 postposita
3186 2007 3698 2096 compescend03
3762 2029 3895 2073 non

832 2113 1246 2178 obstantibus
1308 2120 1442 2178 tam
1503 2114 1709 2179 felicis
1769 2113 2249 2179 recordacionis
2310 2114 2631 2180 Bonifacii
2689 2136 2857 2201 pape
2904 2115 3076 2180 VIII
3122 2114 3599 2203 predecessoris
3645 2115 3885 2197 nostri,

831 2220 901 2284 in
964 2220 1200 2307 quibus
1264 2227 1562 2303 cavetur,
1629 2242 1711 2286 ne
1775 2221 2010 2307 aliquis
2073 2226 2265 2286 extra
2317 2243 2500 2287 suam
2549 2221 2883 2288 civitatem
2939 2228 3007 2288 et
3056 2222 3365 2287 diocesim
3416 2223 3541 2288 nisi
3585 2223 3655 2288 in
3702 2223 3895 2288 certis

833 2329 1133 2414 exceptis
1196 2327 1452 2392 casibus
1515 2333 1583 2391 et
1643 2327 1713 2391 in
1760 2328 1889 2391 illis
1937 2328 2110 2392 ultra
2157 2348 2356 2392 unam
2405 2326 2649 2394 dietam
2697 2350 2737 2394 a
2783 2328 2913 2393 fine
2962 2348 3078 2394 sue
3125 2329 3403 2394 diocesis
3451 2328 3533 2394 ad
3573 2328 3894 2415 judicium

834 2441 1174 2517 evocetur,
1224 2455 1339 2499 seu
1388 2455 1470 2498 ne
1516 2433 1774 2519 judices
1817 2455 1856 2498 a
1897 2433 2051 2499 sede
2094 2434 2455 2521 apostolica
2494 2434 2792 2521 deputati
2834 2436 3088 2523 aliquos
3127 2436 3302 2500 ultra
3340 2456 3539 2500 unam
3581 2434 3822 2500 dietam
3863 2459 3903 2500 a

836 2540 968 2606 fine
1016 2539 1294 2606 diocesis
1343 2540 1721 2606 eorumdem
1772 2540 2030 2606 trabere
2078 2547 2462 2629 presumant
2510 2548 2577 2607 et
2625 2542 2707 2608 de
2741 2541 2997 2608 duabus
3033 2542 3226 2608 dietis
3258 2542 3491 2626 (edita)
3525 2543 3593 2608 in
3625 2544 3902 2609 concilio

836 2646 1127 2731 generali
1192 2667 1386 2732 quam
1450 2646 1591 2711 aliis
1640 2647 2228 2712 constitucionibus
2277 2648 2650 2735 apostolicis
2698 2650 3041 2713 contrariis
3088 2649 3628 2737 quibuscunque,
3676 2670 3793 2715 seu
3841 2650 3897 2714 si

835 2752 1105 2839 prefatis
1169 2754 1390 2818 abbati
1455 2759 1524 2819 et
1571 2754 1924 2819 conventui
1973 2755 2078 2819 vel
2126 2755 2465 2841 quibusvis
2513 2755 2657 2820 aliis
2704 2755 3137 2821 communiter
3182 2756 3287 2821 vel
3336 2755 3594 2822 divisim
3641 2778 3680 2821 a
3725 2755 3902 2821 dicta

838 2860 923 2924 sit
985 2860 1139 2926 sede
1201 2860 1566 2945 indultum,
1624 2859 1796 2947 quod
1845 2861 2184 2944 interdici,
2235 2861 2546 2948 suspendi
2594 2863 2698 2928 vel
2746 2863 3300 2928 excommunicari
3345 2865 3450 2929 vel
3499 2865 3671 2929 ultra
3716 2869 3902 2929 certa

835 2966 982 3032 loca
1027 2967 1108 3032 ad
1148 2968 1470 3054 judicium
1507 2969 1762 3034 evocari
1797 2989 1929 3033 non
1964 2970 2220 3057 possint
2251 2990 2368 3057 per
2402 2971 2627 3035 literas
2659 2971 3078 3058 apostolicas,
3127 2991 3260 3035 non
3293 2971 3607 3037 facientes
3638 2972 3904 3058 plenam

837 3080 907 3137 et
969 3094 1346 3160 expressam
1409 3097 1484 3140 ac
1546 3074 1629 3139 de
1690 3076 1891 3140 verbo
1940 3074 2022 3140 ad
2071 3076 2345 3141 verbum
2395 3075 2476 3142 de
2522 3076 2780 3143 indulto
2830 3076 3203 3163 hujusmodi
3251 3078 3673 3144 mentionem.
3748 3078 3902 3143 Dat.

842 3181 1184 3267 Anagnie,
1233 3181 1331 3246 Id.
1382 3181 1722 3264 Octobris,
1772 3204 1943 3248 anno
1992 3183 2293 3268 septimo.

1259 3317 1383 3379 Περ.
1418 3317 1515 3366 Au.
1560 3318 1613 3366 T.
1647 3315 1736 3376 29,
1769 3319 1829 3382 s.
1863 3315 1977 3367 240.

836 3684 1036 3751 2267.
1557 3688 1770 3766 1377,
1821 3686 2179 3751 Decembris
2226 3693 2307 3771 3,
2357 3690 2592 3754 Romae
2638 3711 2743 3774 ap.
2794 3690 2862 3754 S.
2915 3690 3201 3754 Petrum.

1164 3838 1545 3924 Coloniensi,
1603 3840 1998 3924 Treverensi,
2047 3841 2526 3926 Moquntinensi
2569 3842 2842 3926 aliisque
2887 3842 3372 3927 archiepiscopis
3418 3849 3477 3907 et
3521 3863 3737 3907 eorum
3777 3843 3920 3923 suf-

1068 3945 1402 4032 fraqaneis
1436 3968 1561 4032 per
1608 3948 2099 4030 Alamanniam,
2148 3948 2574 4013 Brabantiam
2619 3955 2680 4012 et
2723 3948 3112 4013 Flandriam
3157 3950 3513 4013 constitutis
3544 3947 3917 4028 mandatur,

1072 4059 1143 4116 ut
1183 4055 1468 4137 ipsorum
1502 4053 1763 4139 quilibet
1794 4055 1927 4117 suis
1960 4055 2027 4118 in
2058 4056 2307 4119 civitate
2338 4062 2397 4119 et
2426 4055 2686 4119 dioecesi
2714 4054 2965 4118 devotas
2999 4056 3332 4140 utriusque
3361 4075 3545 4119 sexus
3573 4075 3916 4139 personas,

1073 4180 1234 4245 quae
1302 4162 1369 4224 in
1427 4168 1816 4246 paupertate
1884 4169 1942 4226 et
2010 4165 2299 4226 castitate
2360 4164 2613 4244 vivunt,
2679 4163 2993 4226 occasione
3047 4164 3308 4227 vestium
3343 4183 3468 4247 per
3513 4163 3921 4247 inquisitores

1073 4265 1416 4330 haereticae
1468 4269 1819 4352 pravitatis
1868 4270 2099 4351 injuste
2133 4268 2518 4352 perturbari
2561 4269 2659 4332 vel
2703 4289 2745 4331 a
2793 4266 3218 4333 Sacramentis
3266 4270 3474 4332 arceri
3518 4290 3922 4354 nequaquam

1060 4375 1463 4457 permittant.

1075 4554 1184 4620 Ad
1232 4554 1633 4620 audientiam
1688 4562 1995 4620 nostram.
2025 4604 2040 4622 .
2070 4605 2085 4622 .
2117 4607 2130 4621 .
2181 4558 2336 4623 Dat.
2386 4559 2597 4623 Rome
2645 4556 2819 4644 apud
2871 4557 3184 4622 Sanctum
3231 4557 3534 4640 Petrum,
3583 4557 3688 4622 III
3737 4557 3907 4623 Non.

854 4661 1269 4745 Decembris,
1325 4661 1747 4749 pontificatus
1793 4664 2001 4727 nostri
2048 4684 2221 4729 anno
2272 4664 2571 4750 septimo.

1274 4796 1524 4846 Mosbeim
1570 4799 1646 4846 De
1691 4796 1980 4862 Boqlaardis
2015 4816 2071 4864 p.
2118 4797 2244 4863 4013
2293 4799 2566 4862 Fredericq
2617 4799 2809 4862 Corpus
2844 4798 3032 4848 docum.
3079 4800 3128 4852 I.
3169 4798 3283 4850 238.
3319 4800 3381 4849 ιι·
3413 4798 3537 4857 QQ,
3590 4799 3681 4850 ubi
3714 4799 3816 4850 sub
3851 4800 3936 4849 die

1206 4878 1239 4929 2
1273 4879 1594 4935 Decembris.

844 5175 1061 5245 2268.
1561 5182 1767 5263 1378,
1816 5180 2160 5243 Februarii
2204 5181 2327 5260 22,
2381 5180 2614 5244 Romae
2659 5201 2765 5264 ap.
2816 5181 2883 5244 S.
2937 5179 3224 5244 Petrum.

1172 5335 1421 5400 Amelio
1482 5334 1558 5400 de
1623 5334 1908 5420 Mynden
1934 5334 1986 5417 l)
2044 5333 2406 5420 presbytero
2474 5332 2655 5414 Traj.
2704 5332 2895 5396 dioec.
2942 5331 3302 5396 conceditur
3337 5331 3750 5417 privileqium
3790 5332 3926 5415 ple-

1084 5443 1310 5506 nariae
1358 5449 1763 5527 peccatorum
1826 5442 2208 5507 remissionis
2269 5441 2338 5505 in
2394 5440 2668 5504 articulo
2714 5440 2966 5523 mortis,
3014 5438 3347 5503 dummodo
3380 5460 3506 5524 per
3554 5446 3679 5503 tres
3723 5457 3928 5501 annos

1073 5550 1367 5632 proxime
1410 5555 1756 5635 sequentes,
1804 5549 2037 5613 scilicet
2071 5568 2196 5633 per
2242 5568 2442 5612 armos
2487 5545 2645 5611 duos
2687 5547 2959 5632 sinqulis
2994 5546 3179 5629 feriis
3208 5548 3399 5612 sextis
3432 5553 3491 5610 et
3511 5567 3635 5631 per
3668 5545 3925 5610 tertium

1084 5655 1358 5739 sinyulis
1403 5655 1617 5720 diebus
1661 5655 1906 5720 sabbati
1930 5656 2200 5738 Jejunet.
