4450 6684
1702 519 2105 585 Ganoonms
2150 518 2274 584 XI.
3192 520 3201 525 ’
3395 521 3526 587 207

680 740 1085 806 Litterarum
1130 738 1427 804 scicntia.
1457 787 1471 802 .
1501 785 1517 802 .
1544 786 1560 802 .
1611 739 1762 804 Non
1803 739 2217 804 obstantibus
2266 787 2283 804 .
2311 787 2327 804 .
2356 786 2373 805 .
2401 786 2417 804 .
2467 737 2642 826 quod
2674 740 3151 827 parrochialem
3184 741 3530 807 ecclesiam

462 846 548 914 dc
594 847 943 914 Sasssnsm
967 847 1020 931 1)
1069 845 1514 932 TraJ'cctonsis
1561 844 1870 930 diocesis,
1918 867 2036 932 pro
2085 868 2217 933 qua
2263 845 2378 911 diu
2423 847 2494 911 in
2539 847 2794 933 palacio
2827 848 3188 933 apostolico
3220 847 3528 934 litigasti,

464 954 751 1020 nosceris
821 953 1120 1019 obtinere
1191 957 1260 1017 ot
1329 951 1505 1038 quod
1569 973 1784 1039 nuper
1844 952 1926 1017 do
1991 954 2385 1018 canonicatu
2448 959 2517 1018 st
2562 954 2901 1040 prebenda
2946 975 3022 1019 ac
3070 954 3530 1041 supplemento

463 1060 738 1126 ecclesio
797 1060 1009 1125 sancti
1070 1059 1257 1124 Petri
1320 1059 1765 1145 Trajsctsnsis
1830 1106 1846 1123 .
1876 1107 1891 1122 .
1921 1104 1938 1123 .
1967 1103 1984 1124 .
2051 1059 2172 1125 tibi
2224 1059 2511 1145 gratiose
2559 1060 2999 1125 concessimus
3044 1057 3396 1146 provideri.
3425 1106 3442 1123 .
3470 1104 3488 1123 .
3513 1104 3531 1124 .

464 1165 619 1231 Dat.
666 1165 1036 1249 Avinionc,
1084 1165 1257 1231 Non.
1308 1164 1648 1248 Octobris,
1699 1185 1872 1229 anno
1921 1164 2152 1250 primo.

877 1301 1004 1363 περ.
1038 1300 1140 1350 Ao.
1178 1295 1238 1349 T.
1275 1298 1366 1363 ιο,
1392 1301 1453 1364 s.
1488 1298 1604 1350 392.

616 1444 673 1508 1)
709 1442 1067 1495 Sasscnheim.

467 1784 665 1853 2027.
1472 1787 1682 1870 1371,
1737 1785 2020 1852 Octobris
2065 1790 2138 1870 8,
2186 1790 2554 1853 Avenionis.

790 1939 1082 2024 Officiali
1150 1940 1542 2023 Trajectensi
1601 1940 1977 2023 mandatur,
2045 1948 2119 2005 ut
2179 1940 2519 2027 Wynando
2576 1942 2653 2008 de
2697 1944 3038 2028 Aversteye
3080 1944 3302 2008 clerico
3357 1942 3543 2027 Traj.

699 2047 889 2113 dioec.
907 2097 925 2132 ,
973 2047 1049 2112 de
1094 2048 1371 2111 militari
1411 2067 1634 2131 qenere
1667 2054 2037 2132 procreata,
2088 2047 2379 2130 conferat
2424 2052 2861 2115 canonicatum
2909 2056 2969 2114 et
3000 2049 3430 2136 praebendam
3477 2051 3548 2115 in

700 2156 955 2220 ecclesia
1001 2155 1451 2220 Daventriensi
1494 2161 1785 2219 vacantes
1821 2176 1945 2240 per
1990 2154 2227 2219 obitum
2280 2155 2547 2221 Henrici
2592 2156 2857 2243 Streqel.

699 2336 994 2422 Dignum
1041 2335 1454 2400 arbitramur.
1484 2382 1500 2399 .
1529 2384 1545 2400 .
1573 2383 1589 2399 .
1640 2336 1793 2401 Dat.
1842 2336 2175 2401 Avinionc
2199 2384 2219 2420 ,
2264 2336 2436 2402 VIII
2481 2338 2582 2403 Id.
2633 2338 2977 2425 Octobris,
3027 2361 3200 2406 anno
3247 2340 3479 2427 primo.

894 2470 1021 2535 1209.
1056 2472 1153 2521 Ao.
1200 2472 1254 2521 r.
1291 2468 1347 2532 7,
1372 2472 1434 2535 f.
1469 2469 1610 2520 soca

482 2954 683 3025 2028.
1445 2959 1656 3042 1371,
1709 2957 1991 3023 Octobris
2034 2960 2154 3042 11,
2201 2960 2568 3025 Avenionis.

798 3112 1078 3178 Henrico
1141 3111 1218 3178 de
1278 3112 1527 3197 Bereia,
1590 3113 1666 3177 de
1709 3115 1916 3179 soluto
1961 3121 2021 3178 et
2065 3116 2281 3180 soluta
2318 3116 2566 3202 yenito,
2623 3117 2728 3181 cui
2771 3115 3015 3180 dudum
3058 3114 3135 3179 de
3179 3115 3555 3180 canonicatu

710 3226 771 3284 et
821 3219 1190 3306 praebenda
1250 3220 1538 3284 ecclesiae
1597 3218 1666 3283 S.
1717 3219 2075 3285 Salvatoris
2127 3221 2311 3305 Traj.
2348 3224 2681 3308 provisum
2726 3229 2850 3305 est,
2899 3221 3050 3287 haec
3081 3221 3368 3306 provisio
3414 3241 3556 3286 con-

711 3325 1044 3410 firmatur,
1080 3325 1352 3411 perinde
1399 3347 1474 3391 ac
1518 3327 1588 3390 in
1634 3325 1853 3391 iisdem
1903 3328 2104 3392 literis
2148 3330 2377 3394 mentio
2424 3335 2579 3395 esset
2605 3329 2786 3412 facta
2815 3329 2892 3394 de
2922 3328 3169 3411 defectu
3198 3328 3545 3412 natalium,

703 3453 895 3519 super
940 3453 1065 3519 quo
1111 3432 1635 3518 dispensationem
1663 3435 1813 3517 jam
1858 3435 2027 3499 alias
2073 3435 2365 3501 obtinuit.

706 3618 1100 3684 Laudabilia
1144 3619 1513 3704 probitatis.
1543 3667 1558 3683 .
1584 3664 1604 3686 .
1632 3666 1649 3683 .
1698 3618 1853 3683 Dat.
1901 3617 2232 3684 Avinions
2253 3668 2270 3703 ,
2317 3618 2383 3686 V
2428 3617 2526 3683 Id.
2577 3617 2918 3702 Octobris,
2967 3637 3139 3683 anno
3185 3616 3418 3704 primo.

895 3753 1025 3816 Beg-
1057 3752 1156 3802 Ao.
1198 3749 1259 3802 T.
1292 3751 1346 3814 1,
1372 3753 1433 3817 s.
1466 3751 1582 3804 569.

1732 4021 2225 4031 ——ss—„ae—

482 4235 681 4306 2029.
1457 4242 1668 4323 1371,
1720 4240 2004 4306 Octobris
2046 4242 2168 4325 11,
2215 4241 2580 4305 Avenionis.

797 4390 995 4456 Petro
1075 4391 1151 4456 de
1223 4393 1648 4480 Campostella
1715 4394 2044 4477 confertur
2113 4396 2520 4459 canonicatus
2588 4399 3117 4477 reservanturque
3181 4390 3551 4477 praebenda

709 4519 946 4563 necnon
978 4507 1364 4584 personatus
1408 4502 1507 4566 vel
1550 4501 1837 4585 officium
1882 4506 1953 4567 in
1996 4502 2253 4566 ecclesia
2306 4500 2486 4584 Traj.
2539 4536 2622 4549 —
2671 4498 3089 4585 anutantur
3133 4505 3503 4564 executores.

708 4678 1100 4746 Laudabilia
1145 4683 1514 4768 probitatis.
1547 4731 1562 4748 .
1591 4731 1608 4748 .
1637 4730 1654 4747 .
1703 4683 1857 4749 Dat.
1907 4684 2276 4767 Avinionc,
2325 4684 2390 4750 V
2435 4682 2535 4748 Id.
2585 4682 2919 4768 Octobris,
2967 4702 3142 4748 anno
3188 4682 3421 4770 primo.
3457 4748 3464 4755 ,

899 4816 1025 4881 1209.
1062 4819 1155 4868 Αυ.
1201 4820 1257 4869 r.
1290 4818 1346 4883 2,
1372 4821 1436 4885 s.
1470 4819 1608 4871 213⁹.

479 5300 687 5372 2⁰80.
1455 5310 1666 5393 1371,
1718 5309 1998 5376 octobris
2041 5273 2152 5391 27,
2198 5308 2566 5372 Avenionis.

802 5457 1260 5545 Infrascriptis
1329 5461 1704 5546 mandatur,
1776 5471 1849 5528 ut
1913 5463 2186 5529 Oliverio
2246 5463 2323 5528 de
2381 5462 2579 5528 Melle
2633 5460 2927 5525 canonico
2971 5457 3257 5522 ecclesiae
3299 5455 3550 5519 Daven-

707 5565 958 5630 iriensis
991 5566 1377 5650 provideant
1421 5567 1498 5632 de
1541 5570 2003 5654 supplemento,
2051 5570 2222 5655 quod
2251 5571 2321 5634 in
2352 5568 2564 5633 eadem
2595 5566 2850 5633 ecclesia
2880 5562 3199 5650 quondam
3231 5558 3540 5625 Nicotaus

706 5671 1030 5757 episcopus
1082 5671 1488 5739 Tusculanus
1533 5695 1673 5739 cum
1718 5679 2093 5742 canonicatu
2139 5684 2199 5741 et
2231 5674 2601 5761 praebenda
2646 5671 2977 5738 obtinebat.
