4450 6684
1826 534 2142 600 Cumanus
2187 535 2307 599 VI.
3516 538 3603 602 29

539 751 991 821 1355-1356.
1586 756 1795 836 1350,
1844 754 2021 819 Jalii
2064 757 2138 836 8,
2186 755 2557 820 Αυεηίοηίε.

847 906 932 972 Α.
1000 906 1237 972 Jacobo
1298 907 1375 970 de
1436 905 1781 971 Binchorst
1835 908 2028 972 militi
2074 915 2133 972 et
2183 908 2590 993 Marqaritae
2635 911 2769 992 ejas
2816 910 3006 973 icxori
3050 909 3359 974 nobilibus
3417 910 3602 996 Traj.

761 1013 948 1078 dioec.
996 1013 1194 1078 datar
1242 1014 1494 1078 licentia
1541 1012 1811 1077 habendi
1856 1015 2065 1079 altare
2101 1017 2438 1100 portatile.

847 1118 927 1183 B.
996 1119 1287 1184 Johanni
1346 1118 1423 1182 de
1483 1118 1803 1184 Pollanen
1864 1120 2114 1186 domino
2176 1122 2253 1185 de
2298 1121 2512 1186 Lecka
2557 1128 2615 1185 et
2665 1121 2836 1185 Odae
2882 1125 3016 1205 ejus
3066 1125 3254 1186 uxori
3297 1122 3607 1188 nobilibus

773 1224 952 1308 Traj.
999 1225 1188 1289 dioec.
1237 1223 1400 1288 idem
1434 1225 1869 1310 privileqium.

765 1408 1032 1474 Sincere
1083 1407 1480 1474 devotionis.
1509 1455 1525 1472 .
1554 1455 1571 1471 .
1600 1454 1616 1471 .
1666 1408 1818 1472 Dat.
1869 1407 2238 1489 Avinione,
2288 1408 2459 1473 VIII
2505 1407 2603 1472 Id.
2653 1407 2855 1488 Julii,
2906 1428 3078 1471 anno
3126 1428 3322 1471 nono·

956 1524 1078 1587 Ray.
1117 1525 1215 1573 Ac.
1260 1526 1315 1574 T.
1348 1522 1444 1585 58,
1469 1525 1529 1588 s.
1565 1522 1690 1574 169v
1722 1528 1773 1573 st
1796 1526 1856 1589 s.
1891 1522 2008 1574 191.

543 1942 728 2011 1357.
1589 1946 1797 2025 1350,
1844 1944 2022 2009 Julii
2066 1947 2140 2026 9,
2189 1945 2552 2008 Avenionis.

869 2098 1101 2183 Eyidio
1142 2098 1465 2163 Johannis
1511 2098 1843 2180 confertur
1887 2098 2296 2162 canonicatus
2342 2106 2401 2162 et
2446 2103 2807 2161 reservatur
2841 2096 3208 2181 praebenda
3255 2117 3393 2160 cum
3436 2117 3588 2181 sup-

747 2205 1067 2289 plemento
1114 2206 1185 2269 in
1231 2206 1484 2269 ecclesia
1538 2205 1946 2287 Trajectensi.
1997 2242 2078 2259 --
2127 2204 2542 2289 Deputantur
2588 2211 2954 2268 executores.

762 2386 921 2452 Vite
981 2408 1058 2452 ac
1119 2407 1435 2452 morum..
1466 2434 1482 2451 .
1511 2433 1526 2450 .
1597 2386 1749 2452 Non
1806 2385 2222 2452 obstantibus
2271 2432 2288 2450 .
2317 2434 2333 2450 .
2364 2434 2379 2450 .
2429 2384 2607 2471 quod
2651 2386 2721 2451 in
2770 2385 2852 2451 de
2899 2385 3324 2471 Oloenonghe
3370 2386 3519 2470 (sic)
3547 2388 3599 2470 l)

543 2511 738 2556 unam
757 2539 775 2573 ,
823 2491 1130 2557 Ternisse
1155 2493 1211 2575 2)
1262 2493 1490 2575 aliam,
1539 2493 1800 2557 Zierixe
1847 2492 2073 2573 aliam,
2123 2492 2360 2556 Brielis
2410 2491 2675 2557 Veteris
2722 2492 2916 2557 aliam
2965 2497 3034 2557 et
3081 2490 3347 2576 Capelle
3385 2491 3605 2557 Duve-

544 2596 764 2662 landie
811 2597 1007 2663 aliam
1055 2599 1453 2685 capellanias
1498 2603 1850 2685 perpetuas
1898 2618 1973 2662 ac
2019 2597 2088 2661 in
2137 2596 2220 2662 de
2267 2597 2500 2662 Veteri
2547 2596 2961 2663 Duvelandie
3005 2596 3299 2684 predicte
3346 2597 3608 2682 Trajec-

553 2701 758 2767 tensis
812 2701 1089 2768 diocesis
1138 2703 1622 2791 parochialibus
1670 2703 1961 2769 ecclesiis
2011 2701 2377 2767 custodiam
2423 2723 2572 2767 cum
2617 2703 2934 2789 pensione
2979 2702 3268 2775 nosceris
3315 2700 3612 2768 obtinere

551 2806 857 2894 quodque
904 2807 987 2873 de
1033 2809 1392 2896 parochiali
1440 2809 1717 2875 ecclesia
1762 2807 1845 2872 de
1891 2807 2417 2892 Meyloeffkerke
2465 2809 2616 2891 (sic)
2643 2807 2699 2891 3)
2747 2807 2921 2872 dicte
2968 2806 3245 2872 diocesis
3279 2812 3345 2870 te
3378 2808 3613 2873 asseris

547 2909 619 2974 in
695 2912 940 2998 palatio
1021 2914 1380 3000 apostolico
1458 2914 1753 2999 litigare,
1834 2933 2108 2998 quarum
2179 2959 2194 2975 .
2232 2960 2248 2976 .
2285 2960 2301 2975 .
2338 2960 2353 2975 .
2427 2918 2786 2999 proventus
2857 2912 3132 2996 triginta
3195 2911 3611 2990 marcharum

551 3016 811 3099 argenti
861 3063 878 3079 .
909 3063 926 3080 .
954 3063 971 3081 .
999 3064 1016 3080 .
1063 3018 1358 3083 valorem
1402 3038 1732 3100 annuum,
1792 3023 1867 3081 ut
1914 3016 2187 3097 asseris,
2240 3037 2373 3080 non
2421 3014 2755 3081 excedunt
2802 3022 2870 3080 et
2916 3036 3086 3100 quae
3134 3015 3216 3080 de
3262 3021 3616 3102 patronatu

556 3118 790 3205 laycali
836 3122 1154 3187 existunt.
1180 3169 1197 3187 .
1227 3171 1244 3187 .
1274 3170 1292 3188 .
1361 3124 1514 3189 Dat.
1562 3123 1892 3189 Avinione
1912 3171 1930 3205 ,
1978 3121 2115 3187 VII
2160 3121 2260 3186 Id.
2308 3122 2352 3187 J
2356 3122 2508 3204 ulii,
2556 3141 2728 3185 anno
2778 3141 2973 3185 nono.

965 3240 1091 3303 Ray.
1127 3242 1226 3290 Aa.
1271 3243 1325 3290 T.
1360 3239 1454 3304 57,
1479 3242 1541 3305 s.
1575 3238 1713 3291 1430.

710 3354 767 3418 1)
800 3354 993 3422 Legae:
1033 3357 1374 3425 Cloettinghe
1405 3374 1475 3408 ε
1509 3359 1787 3425 Kloetinge

708 3436 763 3500 2)
797 3437 956 3490 Νίκα
991 3441 1101 3491 sive
1135 3439 1422 3492 ,Γπ-ΝΜΟ
1799 3358 1896 3503 }in
1934 3399 2365 3453 Sutbevelandia.
2563 3398 2620 3465 3)
2656 3398 2970 3452 Meliskerke
3004 3401 3062 3450 in
3097 3398 3419 3452 Walachria.

555 3854 752 3923 1358.
981 3876 987 3883 ·
1582 3863 1793 3944 1350,
1841 3862 2016 3927 Julii
2058 3864 2180 3944 26,
2227 3862 2592 3926 Avenanis.

872 4010 1165 4076 Johanni
1221 4012 1586 4099 Mercoyrol
1630 4017 1861 4080 rectori
1895 4015 2298 4102 parochialis
2345 4016 2630 4079 ecclesiae
2675 4014 2744 4079 S.
2792 4014 3104 4099 Stephani
3146 4016 3222 4080 de
3270 4015 3628 4082 Casaveteri
3706 4005 3709 4007 ’

785 4115 1260 4202 Mayalonensis
1309 4119 1498 4184 dioec.
1546 4121 1994 4203 conferendam
2038 4129 2402 4185 reservatur
2448 4121 2807 4203 beneficium
2852 4123 2984 4185 sine
3029 4141 3187 4184 cura
3223 4129 3509 4206 spectans
3540 4124 3628 4186 ad

785 4222 1254 4307 dispositionem
1321 4227 1592 4310 capituli
1661 4226 2079 4310 Trajectensis
2141 4235 2200 4290 et
2261 4230 2351 4292 50
2414 4226 2724 4291 librarum
2780 4225 3239 4291 Turonensium
3272 4248 3628 4311 parvorum

787 4329 1065 4392 valorem
1111 4349 1398 4394 annuum
1442 4351 1570 4395 non
1615 4332 1922 4396 excedens.
1978 4370 2059 4380 —
2107 4332 2525 4417 Deputantar
2571 4338 2937 4396 accentores·

789 4507 1197 4574 Litterarum
1242 4511 1535 4577 scientia.
1568 4559 1584 4575 .
1614 4559 1630 4575 .
1659 4559 1676 4576 .
1734 4512 1889 4577 Dat.
1939 4511 2310 4595 Avinione,
2356 4513 2493 4580 VH
2541 4513 2652 4579 Kl.
2699 4514 3025 4600 Augusti,
3075 4534 3249 4579 anno
3298 4536 3493 4581 nono·

982 4625 1108 4688 Rey.
1144 4628 1240 4677 Ac.
1286 4629 1340 4677 T.
1372 4626 1463 4689 60,
1492 4629 1552 4692 s.
1587 4627 1727 4679 316⁶.

565 5037 762 5107 1359.
1588 5045 1804 5128 1350,
1850 5045 2026 5111 Julii
2070 5050 2190 5129 27,
2240 5049 2599 5113 Avenionis.

894 5196 1182 5261 Gerardo
1243 5196 1405 5260 Foec
1463 5196 1694 5262 decano
1742 5199 2026 5263 ecclesiae
2072 5200 2140 5264 S.
2191 5202 2549 5267 Salvatoris
2605 5202 2784 5286 Traj.
2832 5205 3187 5269 conceditur
3219 5207 3632 5291 privilegium

785 5302 1120 5386 plenariae
1165 5305 1440 5367 omnium
1477 5311 1880 5387 peccatorum
1926 5308 2309 5372 remissionis
2354 5311 2423 5372 in
2469 5312 2741 5375 articulo
2787 5313 3026 5375 mortis.

798 5483 1113 5551 Provenit
1159 5507 1266 5552 ex.
1296 5533 1312 5550 .
1338 5534 1356 5551 .
1383 5534 1398 5550 .
1448 5486 1601 5552 Dat.
1649 5486 2021 5572 Avinione,
2070 5490 2169 5555 VI
2216 5491 2326 5555 Kl.
2376 5489 2702 5578 Augusti,
2750 5513 2923 5557 anno
2969 5513 3163 5558 nono.

989 5602 1114 5666 Rey.
1156 5604 1247 5654 Ac.
1292 5605 1346 5654 T.
1380 5601 1468 5667 58,
1494 5605 1557 5667 f.
1590 5602 1710 5655 449.
