4450 6684
1811 510 2214 575 Ganoonms
2259 506 2382 573 XI.
3499 503 3630 566 203

561 734 889 802 Anthonii
949 731 1032 799 de
1094 733 1251 798 Fiez
1314 732 1611 797 canonici
1673 730 2097 813 Leodiensis,
2161 728 2617 817 protendentia
2680 728 2803 792 sibi
2867 725 2949 792 de
3011 727 3170 813 ipsis
3215 727 3631 813 prepositura

566 848 634 908 et
693 840 1229 906 archidiaconatu
1291 840 1383 904 sic
1446 838 1833 904 vacantibus
1897 838 2292 902 auctoritate
2355 835 2717 923 apostolica
2762 835 3096 920 provisum
3143 832 3346 898 fuisse
3394 854 3469 898 ac
3516 853 3630 898 eos

565 947 645 1013 ad
710 968 780 1013 se
843 946 925 1012 de
978 948 1131 1031 jure
1196 950 1525 1031 spectare,
1593 944 1664 1008 in
1723 943 2025 1008 manibus
2085 943 2258 1009 bone
2305 942 2619 1007 memorie
2667 941 2986 1027 Stephani
3034 946 3260 1006 sancte
3307 941 3514 1007 Marie
3561 943 3632 1006 in

566 1054 818 1141 Aquiro
842 1054 898 1137 2)
945 1053 1204 1117 diaconi
1243 1051 1608 1118 Cardinalis
1656 1050 1831 1136 apud
1880 1048 2105 1114 sedem
2153 1049 2577 1135 apostolicam
2626 1053 2861 1133 sponte
2902 1047 3141 1112 factam
3181 1054 3249 1113 et
3279 1048 3362 1112 ab
3396 1048 3627 1115 eodem

568 1160 901 1229 Cardinali
948 1161 1030 1226 de
1077 1160 1347 1247 speciali
1390 1158 1702 1224 mandato
1750 1157 1958 1222 felicis
2006 1156 2483 1222 recordacionis
2533 1156 2784 1220 Urbani
2832 1175 3002 1242 pape
3042 1155 3106 1219 V
3143 1156 3625 1242 predecessoris

568 1271 772 1333 nostri
836 1268 1011 1355 apud
1074 1267 1314 1331 dictam
1378 1266 1603 1331 sedem
1665 1265 2049 1346 admissam,
2113 1264 2448 1329 vacavisse
2510 1285 2585 1329 ac
2646 1264 2770 1328 sibi
2831 1263 3224 1328 auctoritate
3272 1264 3638 1349 apostolica

567 1377 838 1442 collatos
894 1375 1095 1439 fuisse
1144 1380 1212 1438 et
1259 1373 1538 1460 quilibet
1583 1378 1873 1437 vestrum
1922 1371 2004 1436 ad
2047 1392 2116 1436 se
2158 1370 2240 1436 de
2279 1372 2430 1455 jure
2480 1378 2775 1456 spectare
2824 1370 3116 1452 dicebat,
3166 1377 3362 1457 prout
3409 1371 3630 1436 adhuc

567 1483 648 1549 ad
698 1490 765 1548 te
813 1489 1109 1570 spectare
1157 1481 1422 1563 asseris,
1471 1480 1747 1544 materia
1795 1479 2158 1565 questionis
2206 1484 2276 1542 et
2324 1498 2521 1542 causa
2565 1477 2940 1563 hujusmodi
2981 1478 3059 1542 ad
3103 1479 3327 1545 sedem
3368 1487 3632 1566 aposto-

563 1591 756 1655 licam
803 1590 1095 1674 legitime
1143 1587 1519 1653 introducta
1566 1592 1633 1651 et
1681 1607 1898 1651 coram
1947 1585 2142 1650 certis
2192 1590 2417 1648 sancte
2465 1585 2763 1650 Romane
2812 1588 3086 1650 ecclesie
3134 1587 3621 1670 Cardinalibus,

567 1696 806 1783 quibus
852 1695 1082 1760 eadem
1130 1715 1328 1758 causa
1372 1694 1587 1758 fuerat
1633 1692 2001 1757 successive
2048 1713 2166 1777 per
2214 1690 2464 1755 dictum
2510 1690 3040 1777 predecessorem
3089 1692 3418 1758 audienda
3460 1715 3636 1758 com-

564 1803 796 1884 missa,
870 1802 1124 1866 diucius
1194 1802 1550 1882 ventilata,
1626 1799 1892 1864 tandem
1963 1799 2138 1863 dicto
2188 1797 2653 1884 predecessore
2701 1798 2838 1862 vita
2884 1799 3142 1881 functo,
3193 1821 3313 1864 nos
3361 1822 3626 1866 causam

568 1908 944 1993 hujusmodi
1011 1908 1249 1971 dilecto
1297 1907 1432 1971 filio
1480 1913 1705 1971 nostro
1753 1906 1954 1970 Petro
2004 1904 2183 1969 tituli
2232 1904 2458 1970 Sancti
2504 1904 2855 1969 Laurencii
2900 1907 2968 1969 in
3015 1906 3301 1972 Damaso
3351 1908 3626 1973 diacono

569 2015 898 2081 Cardinali
946 2014 1340 2079 audiendam
1390 2013 1830 2077 commisimus
1878 2020 1946 2077 et
1991 2011 2123 2076 fine
2172 2010 2398 2076 debito
2447 2011 2960 2094 terminandam,
3017 2034 3233 2078 coram
3282 2037 3411 2101 quo
3459 2017 3633 2080 inter

568 2119 774 2186 dictas
821 2129 1042 2209 partes
1088 2124 1158 2186 in
1206 2142 1403 2185 causa
1447 2119 1827 2204 hujusmodi
1873 2117 1954 2182 ad
2005 2119 2357 2183 nonnullos
2405 2125 2619 2201 actus,
2670 2118 2833 2183 citra
2880 2124 3102 2184 tamen
3144 2122 3630 2187 conclusionem

568 2246 944 2310 processum
994 2226 1233 2291 dicitur
1279 2224 1601 2291 extitisse.
1669 2224 2100 2289 Postmodum
2147 2245 2304 2288 vero
2353 2224 2730 2308 hujusmodi
2776 2225 2893 2290 lite
2943 2247 3158 2291 coram
3207 2228 3381 2293 dicto
3430 2230 3634 2295 Petro

570 2332 902 2398 Cardinali
971 2332 1342 2419 pendente,
1416 2352 1537 2395 nos
1603 2330 1684 2395 de
1750 2351 2032 2416 persona
2093 2331 2253 2394 dicti
2314 2330 2594 2395 Arnaldi
2642 2331 2856 2396 eidem
2905 2333 3312 2417 Trajectensi
3362 2337 3635 2403 ecclesie

570 2445 728 2503 tunc
798 2441 1059 2504 vacanti
1129 2439 1438 2504 duximus
1508 2440 1902 2504 auctoritate
1973 2438 2334 2525 apostolica
2394 2437 2912 2524 providendum,
2972 2440 3371 2525 preficiendo
3418 2444 3633 2530 ipsum

566 2546 780 2612 eidem
842 2547 1116 2612 ecclesie
1177 2547 1248 2611 in
1312 2548 1690 2634 episcopum
1746 2552 1816 2611 et
1861 2551 2213 2632 pastorem.
2310 2546 2473 2611 Cum
2524 2551 2744 2610 autem
2791 2567 2909 2634 per
2954 2548 3330 2633 hujusmodi
3376 2573 3632 2637 promo-

569 2654 822 2718 cionem
872 2661 940 2718 et
986 2675 1224 2718 munus
1271 2654 1787 2720 consecracionis
1835 2653 1917 2717 ab
1960 2652 2191 2718 eodem
2234 2653 2444 2717 electo
2487 2653 2974 2740 suscipiendum
3014 2657 3154 2739 jus,
3207 2657 3382 2742 quod
3416 2659 3631 2723 eidem

569 2761 779 2825 electo
843 2762 912 2825 in
975 2761 1167 2826 dictis
1228 2762 1642 2848 prepositura
1701 2768 1768 2825 et
1815 2759 2388 2842 archidiaconatu,
2438 2759 2677 2845 quibus
2724 2781 2880 2825 cura
2924 2762 3224 2828 imminet
3270 2765 3635 2830 animarum

569 2874 636 2932 et
699 2889 828 2954 que
889 2869 1304 2956 prepositura
1364 2870 1573 2954 maj0r
1632 2868 1919 2954 dignitas
1965 2868 2034 2931 in
2083 2865 2314 2931 eadem
2364 2866 2642 2932 ecclesia
2686 2873 2836 2953 post
2884 2869 3321 2956 episcopalem
3369 2873 3632 2957 existit,

568 2976 986 3063 competebat
1048 2983 1115 3041 et
1178 2977 1530 3063 competit,
1591 2976 1663 3039 in
1722 2976 2024 3061 proximo
2071 2995 2306 3039 vacare
2357 2980 2691 3061 speretur,
2754 2997 2872 3039 nos
2919 2996 3003 3040 ne
3051 2977 3122 3039 in
3166 2998 3363 3042 causa
3407 2980 3634 3065 hujus·

566 3080 773 3165 modi,
824 3085 1011 3168 cujus
1059 3089 1302 3148 statum
1351 3083 1581 3148 haberi
1627 3083 1927 3147 volumus
1972 3081 2390 3169 presentibus
2437 3103 2555 3168 pro
2603 3103 2946 3169 expresso,
2995 3104 3205 3149 novus
3245 3086 3363 3150 tibi
3402 3087 3635 3152 adver-

567 3192 774 3255 sarius
837 3192 1264 3277 subrogetur,
1330 3191 1452 3256 tibi
1512 3211 1708 3276 super
1752 3190 1877 3254 hoc
1925 3189 2260 3276 provideri
2308 3211 2383 3254 ac
2429 3190 2895 3275 premissorum
2942 3191 3326 3256 meritorum
3373 3198 3638 3259 tuorum

565 3297 813 3362 intuitu
873 3299 1158 3383 graciam
1220 3298 1571 3384 specialem
1632 3297 1847 3362 facere
1905 3295 2367 3374 intendentes,
2425 3295 2793 3383 predictum
2832 3298 2981 3381 jus,
3033 3320 3181 3363 cum
3228 3301 3445 3387 ipsum
3490 3326 3644 3390 pre-

567 3405 763 3470 misso
816 3406 913 3470 vel
963 3406 1092 3470 alio
1141 3406 1371 3492 quovis
1421 3403 1652 3486 modo,
1716 3408 2135 3490 preterquam
2182 3424 2302 3489 per
2349 3404 2555 3490 ipsius
2604 3404 2797 3469 electi
2849 3405 3100 3471 obitum
3148 3428 3381 3474 vacare
3427 3412 3644 3476 conti-

566 3512 769 3597 gerit,
833 3511 1300 3577 conferendum
1365 3512 1522 3594 tibi,
1586 3511 1791 3575 eciam
1855 3511 1910 3575 si
1970 3512 2387 3597 prepositura
2435 3517 2503 3575 et
2551 3511 3127 3579 archidiaconatus
3172 3515 3452 3601 predicti
3500 3519 3633 3586 sint

567 3616 987 3705 disposicioni
1042 3619 1401 3705 apostolice
1450 3618 1822 3704 specialiter
1868 3619 1975 3684 vel
2021 3617 2420 3703 generaliter
2466 3619 2819 3702 reservati,
2879 3619 3226 3686 donacioni
3274 3627 3638 3710 apostolice

568 3744 1008 3810 reservamus,
1073 3724 1503 3792 decernentes
1567 3731 1632 3790 te
1690 3726 1774 3790 ad
1821 3725 2150 3811 prefatum
2188 3727 2340 3810 jus,
2390 3746 2538 3790 cum
2584 3726 2801 3812 ipsum
2847 3748 3080 3792 vacare
3129 3730 3508 3815 contigerit,
3559 3738 3637 3798 ut

568 3832 928 3917 prefertur,
993 3835 1268 3920 ejusque
1324 3854 1400 3898 ac
1456 3834 1592 3898 litis
1637 3832 1935 3919 predicte
1982 3834 2519 3918 prosecucionem
2570 3838 2639 3898 et
2685 3831 3165 3900 dissencionem
3210 3836 3279 3899 in
3327 3856 3406 3900 eo
3454 3845 3632 3903 statu

568 3938 1048 4006 admittendum
1118 3940 1258 4007 fore
1329 3945 1397 4006 et
1464 3939 1726 4005 admitti
1801 3940 2079 4023 debere,
2142 3941 2212 4003 in
2278 3960 2407 4026 quo
2453 3939 2630 4004 idem
2680 3940 2960 4023 electus,
3009 3942 3063 4005 si
3111 3947 3447 4028 promotus
3495 3966 3628 4010 non
3680 3975 3684 3980 ·

567 4046 916 4129 existeret,
963 4053 1039 4111 ut
1083 4046 1443 4134 prefertur,
1490 4054 1715 4133 posset
1762 4052 1830 4111 et
1879 4045 2153 4111 deberet
2198 4046 2495 4128 admitti,
2543 4067 2619 4110 ac
2668 4066 2932 4111 exnunc
2979 4048 3235 4112 irritum
3284 4054 3352 4113 et
3397 4050 3627 4136 inane,

566 4152 622 4217 si
684 4173 872 4218 secus
935 4174 1133 4239 super
1193 4153 1320 4217 hiis
1382 4174 1421 4217 a
1468 4173 1798 4240 quoquam
1847 4153 2075 4240 quavis
2124 4152 2519 4217 auctoritate
2567 4152 2853 4217 scienter
2897 4154 3003 4217 vel
3050 4154 3432 4239 ignoranter
3477 4178 3631 4223 con-

567 4263 792 4348 tigerit
837 4265 1246 4351 attemptari3
1292 4285 1427 4329 non
1476 4264 1892 4329 obstantibus
1938 4262 2525 4327 consuetudinibus
2568 4262 2945 4348 apostolicis
2985 4264 3327 4328 contrariis
3367 4266 3632 4350 quibus·

567 4390 860 4457 cunque,
924 4392 1043 4437 seu
1105 4370 1280 4457 quod
1341 4371 1798 4436 canonicatum
1856 4376 1925 4435 et
1971 4367 2376 4455 prebendam
2425 4389 2572 4432 cum
2620 4369 3077 4454 supplemento
3125 4369 3423 4454 ejusdem
3470 4373 3631 4437 Tra-

554 4476 873 4561 jectensis
938 4477 1211 4542 ecclesie
1273 4477 1562 4542 nosceris
1625 4476 1944 4541 obtinere.
2040 4474 2223 4540 Nulli
2286 4494 2441 4559 ergo
2490 4481 2598 4538 etc.
2648 4479 2871 4540 nostre
2919 4478 3421 4560 reservacionis,
3473 4499 3628 4543 con-

566 4583 933 4648 stitucionis
996 4590 1065 4649 et
1126 4584 1485 4650 voluntatis
1544 4583 1906 4669 infringere
1970 4590 2081 4646 etc.
2161 4581 2316 4645 Dat.
2384 4581 2558 4666 apud
2621 4582 3106 4647 Villamnovam
3163 4584 3630 4650 Avinionensis

566 4688 877 4772 diocesis,
925 4690 1026 4755 VI
1069 4690 1170 4755 Id.
1218 4690 1414 4774 Julii,
1467 4711 1641 4755 anno
1688 4690 1920 4775 primo.

789 4795 877 4860 In
907 4817 972 4864 e.
1021 4817 1102 4860 m.
1169 4795 1424 4862 dilectis
1471 4796 1623 4860 filiis
1672 4795 1896 4860 abbati
1944 4795 2328 4860 monasterii
2377 4793 2585 4860 sancti
2631 4795 2982 4860 Laurencii
3028 4796 3098 4859 in
3146 4796 3436 4863 Oesbroc
3482 4800 3634 4883 (sic)

568 4908 758 4966 extra
824 4923 1044 4966 muros
1114 4902 1572 4989 Trajectenses
1635 4908 1703 4966 et
1764 4902 1975 4965 sancti
2038 4901 2402 4966 Salvatoris
2461 4901 2912 4987 Trajectensis
2961 4923 3035 4967 ac
3082 4905 3293 4968 sancti
3338 4904 3632 4991 Agricoli

564 5006 1033 5073 Avinionensis
1081 5007 1501 5073 ecclesiarum
1550 5006 1813 5072 decanis
1861 5007 2139 5071 salutem
2186 5014 2296 5071 etc.

984 5140 1113 5203 Ray.
1146 5142 1245 5189 Δυ.
1286 5136 1346 5191 Τ.
1380 5139 1438 5204 4,
1464 5141 1526 5204 f.
1560 5138 1700 5190 358⁸.

715 5284 773 5350 1)
807 5285 998 5351 Legas:
1039 5285 1103 5335 de
1137 5284 1399 5336 Misi-laer.
1600 5283 1658 5348 2)
1694 5283 1867 5335 Codex
1904 5283 2090 5334 habet:
2129 5283 2358 5349 Aquino.
