4450 6684
1843 525 2175 591 Unnms
2219 525 2305 591 V.
3495 523 3573 586 17
3581 522 3621 586 5

768 746 1100 811 Nobilitas
1162 746 1444 832 generis.
1473 791 1490 810 .
1520 793 1535 808 .
1565 793 1580 808 .
1653 745 1807 810 Dat.
1856 744 2070 812 Romo
2117 744 2293 831 apud
2343 745 2658 811 Sanctum
2707 743 3020 827 Petrum,
3071 741 3280 808 XIIII
3326 742 3436 807 Κ1.
3484 741 3620 806 No-

546 853 864 937 vembris,
912 873 1087 918 anno
1133 853 1434 940 septimo.

966 972 1091 1035 Ray.
1127 974 1227 1023 Ao.
1273 972 1327 1021 Τ.
1364 969 1454 1033 20,
1478 973 1539 1035 f.
1574 969 1687 1020 255.

696 1080 755 1144 1)
790 1080 1175 1145 Diepenbroek.
1375 1080 1432 1144 2)
1467 1079 1710 1132 Groenlo.

482 1494 493 1504 ⁸
548 1500 738 1569 1882.
1278 1503 1489 1585 1369,
1540 1502 1822 1568 Octobris
1869 1505 1987 1586 30,
2037 1502 2274 1566 Romae
2320 1525 2426 1588 ap.
2476 1502 2543 1567 S.
2593 1503 2887 1568 Petrum.

864 1656 1101 1720 Abbati
1160 1658 1529 1720 monasterii
1592 1657 1656 1719 S.
1724 1657 1792 1720 S.
1858 1658 2046 1720 Petri
2105 1664 2165 1720 et
2226 1658 2434 1721 Pauli
2499 1657 3052 1722 Paderburnensis
3107 1657 3492 1738 mandatur,
3561 1663 3632 1720 ut

777 1762 1071 1826 Johanni
1130 1762 1209 1826 de
1257 1762 1623 1848 Oldendorp
1672 1764 1897 1829 clerico
1945 1762 2461 1849 Mayuntinensis
2506 1765 2702 1828 dioec.
2751 1764 3039 1846 conferat
3073 1771 3453 1848 perpetuam
3499 1764 3633 1827 sine

778 1888 935 1932 cura
996 1869 1455 1954 capellaniam,
1520 1871 1823 1933 vicariam
1888 1877 2366 1953 nuncupatam,
2414 1872 2650 1935 altaris
2700 1869 2768 1933 S.
2817 1870 3143 1934 Johannis
3188 1869 3634 1954 Evanqelistae

781 1975 850 2037 in
896 1976 1150 2039 ecclesia
1199 1974 1266 2038 S.
1318 1974 1504 2039 Petri
1558 1975 1771 2058 Traj.,
1820 1982 2141 2040 vacantem
2164 1997 2290 2061 per
2320 1977 2555 2041 obitum
2596 1976 2965 2041 Theoderici
2994 1976 3071 2040 de
3100 1975 3553 2040 Lederdamme
3577 1975 3632 2057 1)

778 2082 846 2144 in
894 2084 1079 2145 curia
1125 2081 1432 2163 defuncti.

785 2264 1077 2349 Dignum
1142 2266 1553 2331 arbitramur.
1583 2314 1599 2330 .
1627 2312 1642 2328 .
1672 2313 1689 2330 .
1762 2266 1911 2331 Dat.
1966 2267 2177 2332 Rome
2226 2266 2403 2354 apud
2453 2268 2768 2332 Sanctum
2816 2266 3128 2349 Petrum,
3189 2265 3295 2330 ΠΙ
3340 2264 3452 2331 Κ1.
3502 2265 3638 2330 Νο-

558 2370 879 2454 vembris,
928 2393 1102 2437 anno
1151 2374 1451 2460 septimo.

978 2508 1102 2571 Ray.
1136 2509 1236 2559 Aa.
1280 2511 1332 2559 T.
1370 2509 1460 2570 90,
1489 2510 1550 2572 f.
1586 2508 1702 2558 329.

717 2634 768 2698 1)
803 2635 1076 2685 Leerdam.

558 2959 754 3029 1883.
1284 2965 1501 3046 1369,
1553 2964 1838 3030 Octobris
1884 2968 2008 3048 30,
2071 2965 2305 3030 Romae
2349 2986 2456 3050 ap.
2507 2964 2575 3029 S.
2624 2965 2914 3030 Petrum.

883 3120 1177 3185 Gerardo
1239 3121 1316 3184 de
1390 3120 1560 3186 Veno
1623 3121 2045 3204 conferuntur
2097 3123 2506 3186 canonicatus
2523 3170 2541 3204 ,
2595 3121 2966 3207 praebenda
3010 3128 3069 3185 et
3115 3121 3523 3186 thesauraria
3567 3122 3640 3184 in

787 3228 1043 3292 ecclesia
1090 3227 1144 3291 b.
1189 3227 1450 3292 Mariae
1491 3228 1675 3311 Traj.
1710 3236 2003 3293 vacantes
2023 3249 2148 3313 per
2180 3227 2414 3292 obitum
2452 3228 2801 3293 Guillermi
2828 3229 3104 3314 episcopi
3135 3226 3517 3292 Sabinensis.
3555 3263 3637 3276 —

787 3334 1210 3419 inutantur
1258 3343 1610 3400 executores
1632 3386 1648 3419 ,
1694 3337 1864 3400 inter
1913 3355 2069 3421 quos
2117 3334 2438 3401 Lubertus
2483 3335 2673 3400 Bolle
2717 3330 3054 3400 canonicus
3108 3335 3292 3419 Traj.

792 3516 1121 3582 Nobilitas
1168 3518 1451 3603 generis·
1484 3565 1501 3582 .
1528 3563 1545 3582 .
1574 3566 1589 3581 .
1639 3517 1793 3584 Dat.
1842 3518 2054 3583 Rome
2103 3517 2280 3604 apud
2328 3518 2643 3584 Sanctum
2689 3517 3001 3601 Petrum,
3049 3517 3155 3582 HI
3199 3517 3311 3583 Κ1.
3357 3517 3643 3582 Novom-

566 3619 735 3705 bris,
787 3643 961 3687 anno
1010 3623 1310 3710 septimo.

982 3759 1106 3822 Ray.
1139 3757 1235 3809 Δυ.
1281 3761 1336 3811 T.
1368 3758 1458 3823 21,
1485 3761 1544 3823 f.
1582 3759 1696 3810 364.

558 4175 753 4246 1884.
1276 4182 1483 4263 1370,
1532 4181 1879 4247 Februarii
1924 4186 2033 4265 27,
2082 4182 2322 4248 Romae
2366 4205 2473 4270 ap.
2522 4184 2589 4248 S.
2639 4184 2930 4249 Petrum.

876 4335 1216 4400 Frederico
1279 4336 1446 4401 dicto
1511 4336 1893 4422 Capellaen,
1960 4358 2000 4400 a
2062 4340 2313 4401 civitate
2383 4336 2567 4420 Traj.
2637 4336 2943 4420 oriundo,
3006 4337 3248 4401 intuitu
3293 4332 3638 4400 Johannae

791 4443 1046 4526 reqinae
1104 4442 1365 4508 Siciliae
1391 4494 1408 4526 ,
1443 4464 1575 4528 pro
1622 4464 1735 4508 suo
1781 4446 2082 4509 servitore
2125 4445 2584 4530 supplicantis,
2634 4444 3037 4530 indulyetur,
3086 4444 3258 4529 quod
3289 4451 3638 4529 postquam

791 4557 1176 4634 perpetuum
1239 4550 1636 4634 beneficium,
1697 4551 2129 4637 praebendam
2189 4553 2554 4617 animarum
2615 4554 2970 4638 vulqariter
3028 4560 3499 4637 nuncupatum,
3568 4553 3640 4616 in

797 4656 1051 4720 ecclesia
1097 4656 1165 4721 S.
1207 4656 1568 4722 Salvatoris
1619 4657 1801 4741 Traj.
1848 4660 1976 4743 ipsi
2016 4658 2318 4723 collatum
2358 4666 2677 4723 assecutus
2714 4659 2945 4743 fuerit,
2982 4659 3421 4745 parochialem
3459 4660 3641 4724 eccle-

791 4763 953 4826 siam
1021 4762 1099 4826 de
1164 4763 1432 4828 Marsen
1460 4764 1542 4847 1),
1612 4766 1792 4847 cujus
1852 4765 2142 4829 redditus
2205 4766 2294 4829 25
2353 4766 2741 4847 florenorum
2803 4768 2956 4830 auri
3014 4765 3291 4831 valorem
3354 4785 3640 4830 annuum

794 4887 921 4931 non
965 4867 1296 4951 excedunt,
1349 4869 1516 4933 licite
1559 4871 1831 4934 retinere
1874 4870 2102 4934 valeat.
2127 4870 2182 4954 2)

795 5051 952 5117 Vite
1017 5073 1093 5118 ao
1154 5074 1430 5117 morum.
1459 5100 1475 5117 .
1504 5098 1521 5117 .
1549 5101 1564 5117 .
1637 5053 1792 5118 Dat.
1859 5053 2072 5118 Romo
2121 5051 2297 5138 apud
2345 5052 2660 5118 Sanctum
2710 5052 3014 5135 Petrum,
3063 5052 3169 5117 III
3214 5053 3324 5118 Κ1.
3373 5053 3638 5138 Marcii,

568 5175 743 5221 anno
789 5156 978 5222 VIII.

987 5274 1113 5338 Ray.
1149 5276 1248 5324 Aa.
1294 5276 1347 5325 T.
1382 5274 1472 5337 23,
1499 5277 1562 5339 f.
1596 5274 1712 5327 362.

716 5416 775 5482 1)
814 5417 1084 5469 Maarssen
1120 5433 1279 5483 prope
1316 5418 1680 5484 Ultrajectum.
1883 5419 1941 5482 2)
1978 5420 2083 5471 Cfr.
2119 5434 2284 5484 supra
2318 5434 2470 5470 num.
2505 5418 2657 5472 1872.
