4450 6684
877 524 1008 588 308
1914 518 2263 585 Annmma
2307 535 2390 583 m·
2437 516 2916 584 coamentem.

1099 742 1265 809 Cum
1328 764 1369 808 a
1431 743 1622 811 nobis
1684 743 1933 831 petitur
1995 741 2170 830 quod
2219 743 2477 828 justum
2523 746 2625 807 est
2671 749 2742 809 et
2785 741 3172 823 honestum,
3221 745 3357 806 tam
3405 739 3593 827 vigor
3638 742 3950 829 equitatis

875 873 1074 938 quam
1142 851 1301 918 ordo
1373 850 1583 937 exigit
1650 848 1967 933 racionis,
2037 855 2112 915 ut
2178 849 2247 915 id
2313 871 2432 938 per
2492 849 2979 916 solicitudinem
3025 847 3221 913 officii
3267 847 3476 913 nostri
3524 847 3608 913 ad
3656 847 3953 915 debitum

878 958 1275 1047 perducatur
1319 959 1648 1025 effectum.
1742 957 1917 1023 Sane
1964 963 2185 1024 vestra
2228 956 2472 1045 peticio
2520 956 2710 1023 nobis
2756 955 3057 1022 exhibita
3102 953 3490 1020 continebat
3512 1002 3530 1038 ,
3588 955 3763 1042 quod
3811 956 3950 1020 uni-

879 1067 1155 1133 versitas
1214 1066 1556 1132 hominum
1617 1065 1772 1131 ville
1833 1063 1916 1130 de
1978 1064 2242 1131 Stauria
2262 1114 2280 1147 ,
2341 1063 2682 1153 cupientes
2728 1068 2991 1129 terrena
3036 1083 3154 1149 pro
3202 1061 3557 1128 celestibus
3603 1067 3672 1127 et
3720 1062 3951 1127 transi-

882 1175 1052 1239 toria
1111 1194 1228 1260 pro
1287 1173 1529 1239 eternis
1575 1172 1748 1238 felici
1795 1173 2181 1238 commercio
2228 1175 2631 1237 commutare
2651 1219 2669 1254 ,
2708 1172 2821 1255 jus
2867 1175 3291 1257 patronatus,
3337 1168 3514 1255 quod
3559 1169 3629 1233 in
3679 1169 3952 1235 ecclesia

883 1284 1108 1344 sancte
1153 1278 1360 1344 Mario
1407 1277 1702 1364 ejusdem
1749 1278 1877 1343 loci
1922 1275 2004 1342 de
2054 1276 2319 1343 Stauris
2365 1276 2808 1361 TraJectensis
2851 1275 3148 1362 dyocesis
3187 1275 3610 1358 obtinebant,
3657 1274 3842 1339 vobis
3882 1280 3952 1341 et

880 1386 1276 1451 monasterio
1323 1390 1541 1451 vestro
1586 1385 1696 1470 pia
1741 1388 1809 1449 et
1854 1383 2129 1470 provida
2166 1382 2647 1449 deliberacione
2679 1381 3039 1465 donarunt,
3087 1381 3171 1447 ad
3201 1381 3268 1446 id
3303 1380 3695 1448 venerabilis
3725 1380 3940 1446 fratris

883 1493 1092 1558 nostri
1160 1491 1449 1579 episcopi
1516 1491 1958 1576 Trajectensis
2028 1489 2386 1556 accedente
2455 1509 2815 1572 consensu,
2879 1494 3075 1576 prout
3134 1489 3206 1554 in
3251 1488 3633 1577 patentibus
3675 1487 3947 1570 litteris,

883 1600 1171 1687 ipsorum
1220 1599 1508 1686 episcopi
1555 1603 1627 1663 et
1670 1598 2115 1664 universitatis
2161 1598 2392 1683 sigillis
2437 1598 2737 1679 munitis,
2784 1596 3046 1684 plenius
3092 1594 3334 1661 dicitur
3375 1595 3720 1662 contineri.
3813 1595 3950 1661 Nos

884 1707 1146 1793 itaque,
1217 1707 1451 1771 vestris
1520 1704 2108 1791 supplicationibus
2176 1704 2507 1784 inclinati,
2572 1702 2748 1789 quod
2806 1724 3002 1790 super
3046 1702 3171 1767 hoc
3219 1701 3303 1768 ab
3350 1701 3599 1768 eisdem
3646 1702 3947 1789 episcopo

884 1819 953 1878 et
1020 1812 1450 1877 universitate
1521 1812 1629 1898 pie
1699 1817 1768 1876 et
1834 1810 2105 1898 provide
2165 1810 2412 1875 factum
2476 1814 2612 1893 est,
2674 1815 2890 1875 ratum
2952 1815 3022 1876 et
3067 1814 3327 1896 gratum
3371 1809 3731 1892 habentes,
3787 1807 3946 1873 illud

885 1918 1277 1983 auctoritate
1340 1918 1700 2004 apostolica
1760 1917 2217 1982 confirmamus
2279 1922 2349 1982 et
2402 1917 2729 2004 presentis
2776 1916 2999 2003 scripti
3042 1914 3407 2004 patrocinio
3456 1913 3946 1980 communimus.

882 2023 1068 2091 Nulli
1114 2045 1269 2110 ergo
1318 2024 1583 2090 omnino
1630 2023 1879 2089 homini
1936 2026 1960 2107 ΙΙ
2013 2023 2211 2089 liceat
2243 2023 2415 2088 hanc
2445 2023 2751 2112 paginam
2785 2029 3007 2088 nostre
3039 2020 3560 2088 confirmacionis
3593 2018 3945 2103 infringere

885 2129 993 2195 vel
1056 2131 1117 2195 ei
1181 2149 1345 2194 ausu
1408 2129 1755 2194 temerario
1818 2130 2163 2195 contraire.
2258 2129 2328 2196 Si
2375 2129 2521 2215 quis
2570 2135 2791 2196 autem
2837 2130 2961 2196 hoc
3007 2133 3402 2215 attemptare
3447 2124 3948 2214 presumpserit,

887 2234 1418 2321 indignacionem
1481 2236 1949 2322 omnipotentis
2009 2236 2138 2302 Dei
2200 2242 2271 2301 et
2333 2235 2674 2302 beatorum
2739 2237 2921 2303 Petri
2968 2242 3037 2302 et
3080 2236 3274 2302 Pauli
3320 2234 3763 2322 apostolorum
3807 2232 3948 2316 ejus

890 2363 962 2407 se
1032 2342 1287 2407 noverit
1353 2342 1785 2407 incursurum.
1877 2343 2125 2410 Datum
2196 2345 2221 2426 ΙΙ
2293 2342 2658 2426 Avinione,
2728 2343 2900 2408 Non.
2968 2342 3190 2425 Junii,
3257 2340 3682 2429 pontificatus
3743 2337 3948 2402 nostri

888 2466 1060 2514 anno
1107 2468 1336 2534 pr1mo.

1308 2565 1674 2630 Apamapkm
1723 2581 1850 2616 saec.
1900 2566 1962 2615 X
1972 2566 2016 2615 Ρ
2066 2567 2121 2616 in
2170 2567 2389 2618 chartul.
2433 2566 2684 2632 praefati
2727 2565 3047 2630 mamerti,
3093 2565 3227 2629 qaod
3268 2566 3439 2615 exstat
3478 2562 3534 2614 iu
3579 2561 3782 2612 archivo
3821 2575 3967 2627 prou.

1241 2649 1470 2713 Frisios,
1503 2665 1555 2715 p.
1588 2649 1670 2701 12.

1316 2733 1539 2799 Golmjon
1573 2733 1805 2798 Royietae
1838 2736 1897 2785 π’
1928 2733 2068 2786 175*.

2152 2999 2732 3007 ——-———-——.—-—

976 3199 1152 3278 (545)
1198 3214 1322 3263 Pro:
1360 3212 1634 3278 munioni,
1670 3214 1839 3280 legas:
1877 3215 2154 3267 Avinione.

973 3296 1151 3375 (569)
1203 3312 1615 3374 stamma-ptum
1658 3310 1712 3360 ε»
1758 3309 1924 3361 zm
1968 3311 2232 3363 stoan-fet
2276 3314 2337 3364 ae
2383 3311 2748 3363 sluaa-nea„
2791 3313 3010 3380 episcopt·
3064 3315 3229 3379 τινα),
3278 3315 3382 3367 «ια.
3417 3314 3484 3366 14
3519 3314 3663 3381 scaje
3696 3331 3782 3365 aa.
3815 3310 3972 3374 1423,

876 3393 1053 3458 quibus
1093 3410 1215 3443 suas
1259 3394 1315 3443 in
1360 3394 1456 3443 lac
1491 3398 1648 3460 pareo
1689 3395 1816 3445 vicu
1858 3397 2143 3462 cubdelcqat
2185 3397 2492 3461 „Fr-oderico
2532 3402 2711 3449 curato
2754 3399 2810 3450 iu
2854 3398 3003 3449 Nova
3058 3399 3279 3464 Tim-0⁹3
3327 3399 3538 3453 Archiv.
3570 3415 3719 3465 prov.
3777 3397 3973 3461 Ultraj.

882 3477 952 3528 B.
983 3478 1055 3528 Δ.
1088 3475 1179 3540 82,
1205 3479 1268 3541 s.
1303 3476 1417 3527 125.

979 3558 1040 3609 P.
1074 3557 1174 3609 270
1208 3564 1325 3623 post
1360 3574 1506 3611 num.
1542 3560 1643 3611 579
1675 3563 1845 3628 legas:
1881 3562 1998 3615 580.

870 3717 875 3722 ⁵
975 3642 1154 3721 (585)
1198 3657 1262 3707 In
1298 3657 1408 3708 obs.
1442 3657 1609 3723 legas:
1647 3674 1797 3710 num.
1830 3658 1951 3712 562.

975 3737 1154 3816 (588)
1197 3751 1274 3801 Ad
1310 3750 1449 3802 om:
1498 3752 1740 3804 maten
1782 3754 1932 3804 ratze
1963 3754 2184 3805 chronol.
2233 3755 2401 3805 VIII.
2436 3753 2578 3809 747&

976 3831 1355 3978 (sango-⁸⁵⁵⁹&
1398 3847 1476 3896 Ad
1523 3847 1658 3898 oba:
1712 3848 2131 3899 Oorkondonboek
2172 3864 2272 3899 aa„
2319 3849 2606 3914 &ma-90»
2648 3851 2708 3900 η·
2751 3849 2873 3917 271,
2922 3850 3043 3917 269,
3101 3851 3226 3916 27o;
3277 3852 3503 3918 eota-jv„
3545 3850 3781 3917 Regiens-
3823 3849 3977 3916 ων,

879 3927 1032 3991 189*,
1199 3964 1212 3978 .

976 4012 1154 4091 (596)
1198 4025 1316 4078 Lin.
1348 4024 1377 4076 1
1416 4041 1535 4091 pro:
1570 4027 1894 4089 Zellicensis‚
1930 4029 2098 4094 legas:
2137 4028 2455 4080 Zeflicensis.

976 4106 1152 4186 (695)
1197 4121 1260 4171 In
1296 4122 1407 4173 obs.
1443 4122 1570 4189 Reg-
1605 4121 1723 4174 Vat.
1758 4123 2067 4174 laudentur:
2116 4126 2171 4174 T.
2204 4122 2293 4187 81,
2324 4127 2386 4189 s.
2420 4123 2568 4191 4890,
2602 4141 2714 4190 cap.
2748 4124 2897 4177 2821.

979 4203 1156 4283 (711)
1201 4218 1263 4267 In
1299 4223 1544 4281 excerpto
1577 4219 1673 4268 lin.
1707 4218 1734 4267 1
1772 4219 1939 4285 legas:
1977 4219 2219 4271 Bennoni
2255 4220 2394 4271 dicto
2430 4218 2593 4286 Creye
2626 4226 2725 4272 etc.

1127 4681 1304 4761 (75³)
1366 4684 1644 4749 Dilectis
1704 4685 1855 4749 filiis
1912 4733 1927 4749 .
1957 4733 1971 4749 .
2029 4686 2428 4751 Xanctensis
2476 4691 2545 4752 et
2594 4734 2608 4750 .
2643 4736 2657 4751 .
2706 4688 3205 4753 Davantriensis
3253 4710 3328 4754 ac
3377 4737 3393 4753 .
3423 4738 3438 4754 .
3488 4690 3963 4776 Embricensis,

902 4789 1316 4855 coloniensis
1362 4796 1431 4855 et
1480 4791 1919 4876 Trajectensis
1966 4791 2323 4858 diocesium
2370 4793 2791 4858 ecclesiarum
2838 4793 3103 4859 decanis
3150 4795 3452 4862 salutem.

1126 4895 1576 4982 suffragancia
1607 4897 1846 4963 dilecto
1879 4898 2013 4963 filio
2046 4897 2338 4964 Johanni
2371 4898 2454 4964 de
2484 4900 2913 4965 Doeusbrouc
2944 4900 3180 4966 clerico
3213 4901 3656 4988 Trajectensis
3689 4902 3963 4970 diocesis

900 5001 1135 5066 merita
1180 5002 1564 5088 probitatis,
1625 5025 1820 5092 super
1868 5004 2106 5092 quibus
2154 5004 2331 5091 apud
2377 5025 2497 5070 nos
2543 5005 3021 5093 fidedignorum
3069 5007 3501 5073 comendatur
3550 5009 3967 5092 testimonio,

906 5108 1363 5196 attendentes,
1434 5110 1707 5198 dignum
1775 5110 2119 5195 duximus,
2192 5118 2268 5176 ut
2335 5112 2418 5179 ad
2491 5134 2834 5200 personam
2896 5134 3081 5179 suam
3140 5114 3555 5180 liberalitatis
3614 5116 3971 5202 apostolice

903 5215 1245 5283 dexteram
1309 5217 1765 5284 extendamus.
1858 5217 2031 5284 Sane
2095 5239 2214 5304 pro
2273 5226 2461 5305 parte
2506 5219 2712 5306 ipsius
2757 5218 3083 5285 Johannis
3129 5240 3343 5308 nuper
3388 5221 3578 5287 nobis
3626 5222 3964 5309 exposito,

902 5322 1078 5408 quod
1156 5324 1298 5411 ipse
1377 5324 1531 5389 olim
1607 5324 2078 5411 parrochialem
2156 5326 2498 5390 ecclesiam
2576 5324 2659 5391 de
2727 5325 2912 5391 Meet
2982 5326 3390 5393 Coloniensis
3461 5327 3738 5394 diocesis
3807 5329 3969 5394 alias

901 5430 1217 5494 canonice
1280 5430 1404 5494 sibi
1466 5431 1770 5495 collatam
1834 5431 2185 5517 recipiens,
2256 5453 2401 5496 eam
2463 5451 2581 5518 per
2642 5432 2989 5497 tresdecim
3037 5453 3244 5498 annos
3290 5433 3397 5499 vel
3441 5434 3617 5499 circa
3662 5440 3968 5501 tenuerat

905 5535 977 5599 in
1046 5535 1501 5622 presbyterum
1570 5557 1703 5602 non
1772 5544 2145 5623 promotus,
2218 5536 2714 5625 dispensacione
2777 5560 2975 5626 super
3036 5540 3161 5604 hoc
3209 5541 3428 5627 aliqua
3474 5561 3609 5606 non
3657 5541 3965 5625 obtenta,

902 5640 1153 5705 fructus
1221 5643 1588 5729 percipiens
1659 5664 1746 5709 ex
1815 5644 2082 5727 eadem,
2144 5649 2215 5710 et
2276 5644 2735 5710 nichilominus
2782 5645 2998 5711 medio
3047 5651 3340 5734 tempore
3389 5647 3846 5713 canonicatum
3896 5653 3965 5713 et
