4450 6684
745 551 830 614 52
1971 544 2430 608 Innocm‘rms
2475 542 2594 608 VI.

1054 770 1143 835 H.
1220 769 1517 854 Popponi
1562 768 1636 832 de
1671 767 1906 832 Crakel
1939 768 2162 830 clerico
2203 765 2384 848 Traj.
2420 765 2641 847 dioec.,
2694 768 2996 849 mayistro
3028 768 3097 828 in
3129 765 3404 849 artibus,
3449 773 3810 830 reservatur

966 877 1170 941 simile
1217 875 1578 957 beneficium
1626 883 1912 960 spectans
1959 873 2046 937 ad
2090 873 2561 957 dispositionem
2608 873 2881 956 episcopi
2936 871 3375 955 Trajectensis.

1059 982 1116 1046 I.
1188 980 1480 1046 Johanni
1525 981 1701 1044 Boen
1746 980 1823 1043 de
1871 979 2142 1043 Nortich
2177 986 2490 1063 perpetuo
2538 980 2866 1063 capellano
2912 980 3193 1063 capellae
3239 980 3436 1043 castri
3481 978 3556 1041 de
3588 976 3814 1042 Heem-

967 1089 1176 1153 steden
1234 1088 1416 1171 Traj.
1461 1089 1681 1170 dioec.,
1732 1087 2136 1152 baccalaureo
2176 1088 2245 1150 in
2289 1086 2556 1171 leqibus,
2604 1094 2964 1151 reservatur
3003 1087 3206 1151 simile
3246 1086 3603 1169 beneficium
3645 1107 3812 1172 spec·

969 1203 1112 1260 tans
1160 1195 1246 1259 ad
1292 1196 1756 1279 dispositionem
1804 1196 2170 1259 monasterii
2214 1194 2291 1257 de
2338 1193 2763 1279 Reinsburyh.

971 1380 1363 1445 Honestatis
1415 1388 1481 1444 et
1529 1381 1830 1445 sciencie.
1860 1426 1876 1443 .
1906 1428 1921 1443 .
1951 1425 1967 1442 .
2016 1380 2168 1445 Dat.
2219 1378 2591 1458 Avinione,
2639 1375 2775 1442 VH
2815 1375 2914 1439 Id.
2948 1375 3324 1459 Februarii,
3374 1395 3545 1440 anno
3578 1375 3809 1461 primo.

1163 1513 1205 1563 A
1248 1513 1491 1576 Royan
1527 1510 1823 1576 Ίὀηι.1,].
1850 1510 1994 1573 4441·;
2033 1512 2074 1560 Β
2101 1512 2157 1575 s.
2184 1508 2309 1575 4663
2347 1508 2620 1575 cs.478;
2658 1509 2785 1573 DJ.
2812 1508 2936 1573 4823
2975 1507 3251 1573 Es.484;
3288 1508 3327 1558 F
3363 1507 3511 1572 484·;
3548 1506 3822 1572 Gs.486;

1097 1596 1142 1646 Η
1168 1597 1229 1659 f.
1265 1595 1385 1657 492;
1431 1597 1449 1645 Ι
1475 1597 1533 1659 s.
1569 1595 1706 1645 5210.
2496 1604 2505 1611 ·
3580 1626 3593 1636 .

898 1721 953 1785 1)
992 1722 1073 1772 Ita
1107 1721 1268 1771 etiam
1305 1737 1398 1784 pro
1433 1721 1673 1771 caeteris,

747 2121 1204 2189 1460-1464.
1717 2125 1927 2205 1353,
1977 2122 2320 2186 Februarii
2365 2126 2438 2204 7,
2486 2124 2848 2187 Avenionis.

1062 2277 1143 2342 A.
1220 2276 1418 2341 Petro
1465 2277 1539 2339 de
1603 2277 1793 2340 Velde
1839 2279 2060 2341 clerico
2114 2277 2531 2361 Trajectensi,
2585 2280 2900 2342 licentiato
2930 2280 2999 2341 in
3030 2278 3323 2360 decretis,
3371 2275 3813 2357 conferendum

971 2392 1334 2447 reservatur
1382 2383 1740 2466 beneficium
1787 2393 2075 2468 spectans
2123 2385 2209 2447 ad
2255 2385 2723 2469 dispositionem
2771 2386 2993 2449 decani
3038 2392 3096 2448 et
3141 2384 3413 2468 capituli
3458 2382 3524 2447 S.
3560 2382 3814 2446 Mariae

982 2490 1165 2573 Traj.
1217 2499 1276 2555 et
1321 2512 1456 2554 cum
1507 2512 1666 2555 cura
1714 2496 1800 2555 25
1819 2541 1833 2573 ,
1884 2494 2016 2555 sine
2058 2513 2215 2556 cura
2249 2514 2390 2556 vero
2422 2494 2510 2555 18
2543 2513 2906 2556 marcarum
2940 2494 3189 2578 arqenti
3221 2492 3499 2555 valorem
3532 2509 3815 2553 annuum

969 2619 1095 2662 non
1142 2598 1450 2662 excedens.

1069 2707 1148 2770 B.
1218 2705 1519 2769 Arnaldo
1579 2705 1653 2768 de
1700 2706 1998 2769 Heusden
2037 2714 2348 2791 perpetuo
2395 2707 2723 2791 capellano
2772 2707 2841 2768 in
2887 2707 3139 2769 ecclesia
3188 2703 3736 2768 Zaltbommelensi
3760 2701 3815 2785 l)

983 2810 1162 2894 Traj.
1230 2811 1419 2874 dioec.
1444 2859 1460 2892 ,
1525 2813 1828 2895 mayistro
1891 2818 1958 2875 in
2006 2811 2285 2894 artibus,
2334 2819 2695 2874 reservatur
2741 2813 2946 2875 simile
2992 2809 3351 2891 beneficium
3397 2816 3682 2893 spectans
3729 2807 3816 2871 ad

972 2917 1441 3001 dispositionem
1489 2917 1710 2981 decani
1757 2926 1815 2981 et
1865 2919 2136 3002 capituli
2181 2919 2467 2981 ecclesiae
2523 2917 2703 2999 Traj.

1064 3024 1134 3087 O.
1207 3023 1582 3087 Her-manno
1645 3024 1720 3087 de
1780 3023 1953 3105 Delf
1988 3025 2210 3088 clerico
2271 3024 2691 3107 Trajectensi,
2759 3027 2827 3087 in
2874 3032 3142 3107 utroque
3167 3025 3325 3106 jure
3373 3021 3809 3102 baccalaureO,

975 3138 1336 3194 reservatur
1398 3132 1603 3193 simile
1667 3130 2026 3211 beneficium
2091 3139 2378 3215 spectans
2441 3132 2528 3194 ad
2573 3131 3041 3215 dispositionem
3088 3130 3330 3193 abbatis
3378 3136 3436 3192 et
3486 3135 3816 3192 conventus

973 3238 1343 3300 monasterii
1390 3236 1985 3321 MiddelbnryensiS.

1065 3341 1148 3405 D.
1238 3340 1568 3405 Willermo
1631 3341 1796 3406 dicto
1864 3344 2144 3428 Goyman
2206 3344 2429 3407 clerico
2503 3344 2683 3425 Traj.
2749 3341 2937 3405 dioec.
2960 3390 2977 3424 ,
3042 3345 3347 3425 mayistro
3410 3342 3479 3404 in
3535 3338 3818 3421 artibus,

975 3454 1339 3510 reservatur
1409 3449 1614 3511 simile
1684 3448 2042 3530 beneficium
2111 3457 2401 3533 spectans
2470 3449 2557 3511 ad
2624 3448 3091 3532 dispositionem
3156 3446 3378 3509 decani
3438 3452 3497 3509 et
3550 3445 3821 3529 capituli

975 3553 1260 3617 ecclesiae
1307 3553 1813 3618 Aldenzaleusis.

1064 3658 1137 3722 E.
1212 3659 1502 3724 Johanm?
1550 3660 1733 3747 Meye
1767 3662 2136 3747 presbytero
2189 3662 2368 3745 Traj.
2411 3662 2630 3743 dioec.,
2680 3662 2985 3747 mayistro
3024 3662 3093 3723 in
3134 3658 3410 3739 artibus,
3460 3663 3820 3721 reservatur

972 3766 1175 3829 simile
1221 3766 1578 3849 beneficium
1625 3775 1910 3852 spectans
1957 3768 2043 3831 ad
2073 3768 2541 3853 dispositionem
2572 3769 2792 3832 decani
2824 3774 2882 3832 et
2913 3767 3183 3851 capituli
3214 3766 3282 3828 S.
3318 3765 3508 3828 Petri
3541 3762 3815 3827 Middel-

976 3870 1319 3957 bnt-yensis.

974 4053 1364 4120 Honestatis
1414 4062 1481 4119 et
1532 4057 1827 4121 scientie.
1858 4104 1873 4121 .
1904 4105 1919 4120 .
1953 4106 1967 4120 .
2018 4057 2169 4121 Dat.
2221 4056 2583 4140 Avinione,
2635 4056 2769 4121 VH
2810 4055 2909 4119 Id.
2950 4054 3324 4135 Februarii,
3375 4075 3548 4118 anno
3588 4053 3815 4140 primo.

1174 4188 1298 4250 Ray.
1336 4190 1431 4237 Ao.
1479 4190 1533 4236 T.
1568 4186 1626 4248 3,
1663 4189 1855 4238 scilicet
1891 4190 1932 4239 A
1958 4192 2018 4253 s.
2054 4189 2179 4255 411;
2219 4194 2260 4242 B
2285 4195 2347 4257 J.
2382 4192 2526 4255 415v;
2566 4192 2604 4242 C
2630 4193 2690 4254 s.
2725 4189 2848 4255 416;
2888 4190 2929 4239 D
2958 4192 3016 4255 s.
3051 4189 3174 4253 470;
3213 4189 3253 4238 E
3280 4191 3336 4254 s.
3372 4188 3487 4239 528.

1172 4270 1411 4336 Singulis
1449 4275 1711 4334 excerptis
1748 4274 1993 4323 addatur:
2033 4275 2365 4337 deputantur
2399 4280 2733 4336 executorem
2771 4274 2913 4323 inter
2950 4287 3082 4336 quos
3119 4273 3314 4336 passim
3351 4277 3639 4323 occurrunt
3665 4271 3833 4322 Theo-

1108 4354 1318 4403 doricus
1354 4355 1417 4403 de
1453 4354 1654 4404 Jutsaes
1691 4360 1745 4405 et
1781 4356 2046 4407 Henricus
2082 4359 2144 4407 de
2182 4359 2380 4425 Weyda
2417 4358 2659 4409 canonici
2697 4358 2948 4407 ecclesiae
2983 4355 3120 4418 TraJ.

907 4499 963 4561 1)
1000 4500 1170 4550 Codex
1209 4499 1393 4549 habet:
1435 4500 1883 4551 Zanebomelensi.

757 4979 1207 5047 1465—1467.
1726 4985 1933 5065 1853,
1985 4984 2329 5048 Februarii
2373 4989 2450 5067 8,
2499 4987 2859 5049 Avenionis.

1074 5134 1156 5199 A.
1229 5134 1426 5198 Petro
1474 5135 1549 5197 de
1603 5134 2011 5199 Lewenberch
2057 5137 2280 5200 clerico
2338 5136 2751 5219 Trajectensi,
2802 5138 3172 5201 bacalaureo
3206 5141 3273 5201 in
3306 5137 3595 5219 decretis,
3630 5158 3823 5200 reser-

985 5249 1173 5305 vatur
1234 5245 1437 5306 simile
1499 5243 1856 5325 beneficium
1920 5252 2204 5327 spectans
2269 5245 2354 5308 ad
2416 5246 2879 5330 dispositionem
2927 5246 3167 5309 abbatis
3217 5254 3276 5309 et
3321 5252 3651 5309 conventus
3698 5265 3824 5309 mo-

984 5352 1254 5412 nasterii
1299 5348 1895 5434 Middelburyensis.
1952 5388 2032 5397 —
2082 5352 2496 5435 Deputantm·
2543 5361 2908 5417 ea'ecutores

1071 5456 1148 5518 B.
1222 5455 1525 5520 Bertoldo
1575 5457 1649 5520 de
1695 5456 2032 5521 Ruenkove
2079 5459 2302 5522 clerico
2353 5458 2531 5541 Traj.
2580 5460 2800 5541 dioec.,
2849 5464 3150 5543 veeaqistro
3196 5461 3261 5522 in
3302 5458 3582 5539 artibus,
3634 5478 3827 5521 reser-

987 5568 1177 5625 vatur
1237 5563 1441 5626 simile
1489 5563 1846 5645 beneficium
1896 5572 2183 5648 spectans
2230 5565 2317 5627 ad
2361 5564 2823 5647 dispositionem
2872 5566 3094 5628 decani
3139 5573 3197 5628 et
3246 5566 3514 5649 capituli
3562 5563 3628 5627 S.
3680 5562 3824 5627 Sal-

983 5669 1218 5730 vatoris
1279 5668 1460 5751 Traj.
1514 5707 1594 5716 —
1645 5670 2060 5753 Deputantur
2110 5679 2475 5735 executores.
