4450 6684
841 496 928 561 88
2062 489 2523 554 Insomrrus
2572 487 2689 553 VI.

1062 714 1381 781 Provenit
1428 732 1535 779 ex.
1565 760 1580 776 .
1610 761 1626 777 .
1653 757 1672 776 .
1719 711 1874 778 Dat.
1924 710 2258 778 Arinione
2278 758 2296 792 ,
2343 708 2415 773 H
2459 705 2573 774 m.
2622 705 2961 791 Octobris,
3009 724 3184 770 anno
3233 703 3485 790 quinto.

1257 849 1384 912 περ.
1419 849 1518 899 Ao.
1559 848 1616 897 T.
1648 846 1741 910 16,
1768 847 1830 910 s.
1869 843 2107 895 42—422.

835 1357 1295 1427 1592—1593.
1810 1358 2022 1438 1357,
2074 1355 2359 1421 Octobris
2402 1358 2524 1441 17,
2572 1357 2936 1421 Avenionis.

1152 1509 1237 1575 A.
1308 1508 1602 1574 Johanni
1645 1508 1722 1572 de
1767 1507 1978 1573 Blesis
2008 1507 2258 1572 domino
2289 1511 2488 1575 castri
2525 1508 2602 1572 de
2632 1508 3057 1590 Scoenhoven,
3100 1506 3426 1571 domicello
3463 1500 3647 1589 Traj.
3678 1504 3899 1587 dioec„

1060 1614 1419 1680 conceditur
1468 1615 1725 1679 licentia
1772 1612 2044 1677 habendi
2087 1613 2298 1677 altare
2333 1614 2666 1698 portatile.

1145 1720 1225 1786 B.
1295 1719 1519 1783 Eidem
1582 1718 1983 1804 indulqetur,
2049 1718 2220 1803 quod
2278 1721 2348 1784 in
2407 1740 2529 1784 saa
2580 1721 2952 1804 praesentia
3012 1725 3356 1803 antequam
3398 1716 3722 1782 illucescat
3764 1714 3898 1780 dies

1057 1823 1326 1890 Missam
1374 1824 1680 1888 celebrari
1724 1824 1937 1906 facere
1982 1825 2212 1889 valeat.

1062 2008 1332 2074 Sincere
1379 2006 1777 2073 devocionis.
1804 2053 1822 2071 .
1849 2053 1865 2071 .
1895 2053 1911 2071 .
1959 2006 2114 2073 Dat.
2161 2005 2526 2089 Avinione,
2575 2004 2745 2070 XVI
2790 2004 2902 2071 m.
2953 2001 3379 2085 Novembris,
3427 2020 3600 2066 anno
3647 1999 3898 2088 quinto.

1254 2142 1378 2204 περ.
1414 2142 1511 2191 Aa.
1555 2142 1610 2190 r.
1643 2139 1735 2203 15,
1763 2142 1825 2205 s.
1858 2138 2165 2190 ιη’-448.

831 2652 1031 2721 1594.
1787 2654 1998 2734 1357,
2046 2650 2406 2717 Decembris
2451 2654 2526 2735 7,
2572 2652 2940 2716 Avenionis.

1147 2804 1426 2869 Luberto
1488 2811 1638 2869 nato
1702 2803 2025 2890 quondam
2090 2804 2373 2869 Gerardi
2433 2805 2510 2870 de
2555 2804 3012 2891 Ramesberyhe
3056 2804 3282 2869 militis
3299 2853 3318 2887 ,
3375 2802 3781 2868 baccalaureo
3828 2800 3900 2864 in

1057 2910 1317 2974 decretis
1336 2958 1354 2992 ,
1417 2909 1747 2991 confertur
1794 2910 2202 2975 canonicatus
2249 2918 2309 2975 et
2353 2918 2717 2975 reservatur
2751 2909 3121 2996 praebenda
3165 2930 3305 2974 cum
3348 2908 3781 2993 supplemento
3832 2907 3903 2971 in

1062 3016 1314 3079 ecclesia
1369 3013 1553 3097 Traj.
1606 3050 1690 3062 —
1739 3014 2157 3099 Deputantur
2201 3023 2577 3081 executores.

1061 3194 1390 3262 Nobilitas
1435 3195 1713 3282 generis.
1741 3243 1758 3260 .
1784 3242 1801 3261 .
1830 3242 1847 3261 .
1895 3197 2051 3263 Dat.
2101 3196 2471 3282 Avinione,
2518 3198 2654 3265 VH
2699 3197 2800 3263 Id.
2849 3197 3267 3281 Decembris,
3315 3215 3489 3262 anno
3537 3193 3789 3281 quinto.

1255 3328 1380 3391 Ray.
1413 3328 1513 3378 Ao.
1555 3330 1609 3378 Τ.
1645 3326 1739 3390 17,
1764 3328 1825 3391 f.
1859 3326 2001 3379 183v.

834 3820 1031 3890 1595.
1726 3827 1936 3907 1357,
1985 3825 2345 3891 Decembris
2390 3828 2514 3909 28,
2559 3824 3014 3909 Avenionis(?)

1148 3973 1198 4037 I
1193 3975 1607 4060 nfrascriptis
1655 3975 2026 4059 mandatur,
2073 3984 2145 4041 ut
2190 3978 2486 4043 Johanm·
2529 3978 2606 4042 de
2641 3977 2971 4060 OratoriO,
3009 3982 3433 4061 proventuum
3463 3972 3900 4058 beneficiorum

1065 4082 1363 4145 Gamerae
1407 4081 1757 4145 debitorum
1801 4083 1871 4145 in
1907 4085 2247 4165 provincia
2294 4084 2587 4149 Remensi
2631 4085 2977 4166 collectori,
3030 4082 3319 4164 conferat
3362 4081 3799 4145 canonicatum
3842 4085 3903 4143 et

1045 4186 1512 4270 praebendam,
1549 4188 2076 4271 praeposituram
2120 4196 2180 4252 et
2225 4189 2822 4255 archidiaconatum
2868 4191 2939 4253 in
2986 4188 3241 4252 ecclesia
3287 4186 3342 4251 b.
3391 4185 3648 4250 Mariae
3685 4184 3899 4269 Traj„

1059 4299 1351 4356 vacantes
1418 4311 1534 4375 per
1603 4291 1838 4356 obitum
1912 4291 2257 4359 Guillermi
2323 4295 2400 4359 de
2464 4294 2738 4379 Chiura,
2804 4296 2918 4380 qui
2936 4343 2952 4377 ,
3018 4314 3159 4357 cum
3213 4313 3405 4379 super
3449 4294 3783 4359 collatione
3827 4291 3904 4357 de

1060 4396 1280 4459 iisdem
1341 4396 1649 4480 beneficiis
1709 4397 1832 4462 sibi
1895 4399 2075 4481 facta
2141 4401 2362 4464 literae
2422 4400 2702 4464 nondum
2763 4399 3079 4483 confectae
3139 4407 3372 4482 essent,
3430 4405 3614 4463 extra
3657 4399 3904 4464 curiam

1057 4502 1220 4566 diem
1268 4504 1500 4568 clausit
1545 4511 1908 4569 extremum.

1059 4684 1334 4752 Dilectis
1381 4685 1534 4750 filiis
1581 4734 1598 4750 .
1629 4733 1646 4750 .
1689 4685 1940 4752 decano
1979 4688 2188 4753 sancti
2227 4688 2461 4754 Amaci
2501 4689 2868 4756 Duaeensis
2907 4688 3369 4756 Atrebatensis
3406 4686 3683 4754 diocesis
3724 4691 3793 4752 et
3835 4731 3854 4750 .
3885 4732 3904 4751 .

842 4786 1185 4856 scolastico
1231 4792 1720 4857 Cameracensis
1768 4813 1844 4858 ae
1892 4839 1908 4856 .
1938 4841 1953 4857 .
2004 4793 2263 4859 officiali
2312 4795 2748 4862 Tornaeensis
2799 4795 3221 4861 ecelesiarum
3268 4793 3547 4859 salutem
3593 4798 3705 4859 ete.

1065 4896 1469 4963 Litterarum
1520 4897 1813 4963 seientia.
1841 4944 1858 4963 .
1887 4944 1903 4962 .
1932 4944 1950 4963 .
1997 4898 2152 4964 Dat.
2199 4899 2569 4985 Avinione,
2619 4901 2683 4967 V
2729 4900 2841 4967 Kl.
2889 4899 3191 4967 Januarii
3210 4949 3228 4984 ,
3275 4919 3449 4964 anno
3496 4902 3710 4964 sexto.

1256 5031 1383 5095 Req.
1415 5034 1515 5083 Ae.
1560 5035 1614 5084 T.
1647 5032 1742 5099 18,
1766 5036 1827 5098 f.
1861 5031 2004 5084 2022.

1256 5113 1363 5165 Cfr.
1409 5115 1546 5164 infra
1591 5130 1744 5167 num.
1786 5113 1946 5179 1602,
1993 5120 2122 5166 ante
2156 5131 2318 5181 quem
2353 5117 2494 5169 hanc
2526 5117 2730 5169 bullam
2765 5131 3045 5169 emanasse
3077 5120 3306 5182 oportet3
3355 5114 3576 5181 proinde
3607 5111 3921 5165 alterutrius

1189 5203 1315 5248 nota
1351 5197 1721 5264 chronologica
1756 5213 1935 5249 errore
1969 5198 2193 5250 laborat.
