4450 6684
911 513 988 575 1⁷
998 515 1037 575 2
2208 512 2544 581 nunnus
2591 515 2673 583 V.

1131 734 1527 822 Multiplicia
1594 736 1963 822 probitatis.
1995 784 2010 800 .
2041 783 2057 800 .
2087 784 2102 800 .
2176 735 2330 801 Dat.
2401 739 2614 804 Rome
2685 738 2860 825 apud
2925 740 3241 805 Sanctum
3305 740 3613 824 Petrum,
3679 740 3824 805 1111
3868 740 3976 806 Kl.

900 839 1238 924 Januarii,
1286 862 1460 906 anno
1509 843 1811 928 septimo.

1330 979 1453 1040 1209.
1487 979 1587 1027 Au.
1630 979 1682 1026 T.
1721 977 1813 1041 21,
1851 978 1900 1034 r.
1934 976 2051 1028 350.

1056 1106 1114 1170 1)
1149 1108 1440 1158 Beusecom
1475 1107 1528 1157 in
1568 1107 1760 1158 Gelria.

902 1497 1087 1565 1873.
1657 1499 1874 1590 1369,
1917 1498 2154 1562 Martii
2199 1501 2321 1580 10,
2369 1497 2605 1561 Romae
2651 1517 2756 1582 ap.
2807 1496 2875 1560 S.
2926 1496 3215 1560 Petrum.

1216 1652 1545 1716 Everardo
1591 1652 1667 1715 de
1723 1651 1912 1714 Weole
1949 1651 2361 1733 subdiacono,
2408 1653 2641 1714 rectori
2671 1649 3075 1734 parochialis
3113 1651 3402 1713 ecclesiae
3453 1650 3562 1731 „in
3601 1650 3892 1716 Vourst”
3919 1651 3969 1731 ι)

1138 1759 1318 1840 Trai.
1386 1759 1615 1839 dioec,
1682 1757 2084 1842 indulqetur,
2153 1757 2324 1842 quod
2367 1757 2578 1820 studio
2630 1757 2962 1819 literarum
3010 1756 3355 1820 insistendo
3401 1757 3584 1839 infra
3634 1759 3968 1821 triennium

1126 1867 1464 1930 sacerdotii
1508 1865 1793 1930 ordinem
1838 1867 2151 1950 suscipere
2196 1884 2322 1928 non
2373 1870 2679 1927 teneatur.
2959 1867 2968 1872 ’

1134 2049 1575 2134 Exigentibus
1607 2050 1948 2113 virtutum.
1972 2096 1985 2110 .
2009 2096 2023 2111 .
2044 2093 2061 2110 .
2113 2048 2266 2112 Dat.
2301 2048 2515 2112 Rome
2549 2047 2723 2134 apud
2759 2047 3074 2113 Sanctum
3106 2047 3412 2131 Petrum,
3445 2048 3546 2112 VI
3579 2047 3677 2112 Id.
3711 2047 3959 2130 Marcii,

905 2177 1077 2221 anno
1125 2156 1424 2241 septimo.

1324 2291 1448 2353 1209.
1482 2291 1576 2339 Ac.
1624 2292 1677 2339 Τ.
1717 2288 1804 2352 20,
1832 2291 1893 2353 s.
1926 2286 2041 2339 459.

1056 2418 1111 2482 1)
1148 2417 1335 2466 Voorst
1371 2418 1428 2467 in
1464 2417 1654 2468 Gelria.

906 2810 1095 2876 1874.
1721 2813 1932 2892 1369,
1980 2810 2154 2894 Maji
2200 2813 2318 2893 11,
2367 2831 2474 2895 ap.
2531 2809 3157 2890 Montemflasconem.
3269 2867 3278 2874 .

1227 2964 1482 3028 Decano
1545 2966 1834 3028 ecclesiae
1898 2963 1965 3027 S.
2015 2963 2374 3028 Donatiam'
2422 2964 2772 3048 Bruyensis
2819 2963 3196 3046 mandatu-r,
3255 2970 3328 3026 ut
3374 2961 3573 3026 Petro
3618 2961 3696 3025 de
3743 2961 3972 3024 Platea

1142 3074 1437 3136 canonico
1484 3072 1770 3134 ecclesiae
1816 3070 1885 3134 S.
1933 3069 2259 3136 Johannis
2315 3070 2529 3153 Traj.,
2568 3073 2639 3134 in
2668 3070 2915 3134 artibus
2954 3073 3286 3154 mayistro,
3321 3076 3590 3133 reservet
3620 3067 3974 3149 beneficium

1137 3177 1584 3259 conferendum
1631 3175 1709 3239 ab
1757 3179 2041 3261 episcopo
2098 3175 2281 3258 Traj.
2330 3185 2388 3240 et
2434 3198 2574 3241 cum
2609 3197 2767 3240 cura
2797 3180 2916 3259 25,
2964 3178 3100 3243 sine
3127 3196 3286 3240 cura
3315 3195 3458 3241 vero
3493 3176 3581 3239 18
3613 3193 3973 3238 marcarum

1135 3304 1327 3368 aryen
1338 3286 1387 3346 ti
1432 3285 1705 3348 valorem
1754 3304 2039 3346 annuum
2088 3303 2214 3348 non
2261 3283 2574 3348 excedens.

1138 3467 1430 3552 Dignum
1496 3467 1952 3531 arbitramur..
1987 3515 2000 3530 .
2032 3515 2046 3529 .
2120 3465 2275 3531 Dat.
2340 3464 2515 3552 apud
2564 3466 3253 3546 Montemflasconem‚
3300 3463 3364 3528 V
3412 3461 3512 3527 Id.
3559 3462 3757 3548 Maji,
3806 3481 3972 3527 anno

913 3573 1213 3660 septimo·

1327 3674 1448 3736 Bey.
1486 3676 1581 3723 Αυ.
1628 3676 1681 3724 Τ.
1717 3674 1807 3736 ⁶20,
1832 3676 1891 3738 s.
1928 3674 2042 3723 345.

912 4143 1095 4211 1875.
1728 4145 1942 4224 1369,
1991 4142 2164 4225 Maji
2218 4145 2333 4224 18,
2383 4164 2486 4227 ap.
2536 4142 3172 4222 Montemflasconem.

1231 4299 1588 4382 (Johanni)
1650 4300 1931 4382 episcopo
1995 4296 2333 4361 Leodiensi
2393 4296 2773 4378 mandatur,
2841 4304 2914 4360 ut
2961 4317 3092 4381 pro
3138 4295 3359 4359 abbate
3404 4303 3462 4359 et
3509 4301 3812 4358 conventu
3859 4290 3975 4375 Eq-

1146 4404 1619 4487 mondensibus,
1685 4405 1799 4488 qui
1857 4425 2163 4468 summam
2227 4406 2363 4467 300
2424 4410 2748 4467 mutonum
2811 4405 2963 4467 auri
3008 4423 3049 4466 a
3093 4402 3432 4466 Bernardo
3477 4400 3785 4465 Mathesii
3829 4405 3974 4462 tam-

1146 4532 1335 4597 quam
1384 4512 1706 4575 collectore
1751 4510 2020 4573 decimae
2069 4510 2299 4574 Carolo
2346 4508 2521 4593 (IV)
2567 4511 2943 4594 imperatori
2989 4529 3302 4573 concessae
3347 4510 3579 4591 injuste
3622 4506 3745 4570 sibi
3782 4512 3975 4569 extor-

1146 4621 1330 4703 queri
1375 4619 1695 4702 conquesti
1738 4624 1924 4699 sunt,
1975 4636 2236 4682 causam
2283 4616 2513 4680 audiat
2559 4624 2618 4679 et
2662 4616 2789 4698 fine
2833 4616 3037 4680 debito
3086 4618 3391 4681 terminet.

1146 4798 1527 4864 Venerabili
1575 4797 1757 4862 fratri
1808 4846 1823 4861 .
1852 4845 1867 4861 .
1919 4799 2226 4885 episcopo
2276 4798 2630 4864 Leodiensi
2679 4799 2955 4864 salutem
3003 4807 3113 4863 etc.

1146 4904 1464 4969 Exhibita
1497 4904 1685 4968 nobis
1715 4926 1833 4989 pro
1866 4910 2054 4991 parte
2087 4904 2476 4969 dilectorum
2510 4906 2790 4969 filiorum
2822 4905 3079 4970 abbatis
3112 4911 3180 4970 et
3214 4910 3579 4970 conventus
3602 4899 3973 4969 monasterii

922 5010 1403 5097 Egmondensis
1445 5009 1528 5073 ad
1566 5009 1934 5074 Romanam
1975 5011 2320 5075 ecclesiam
2364 5011 2544 5075 nullo
2578 5010 2794 5076 medio
2826 5011 3220 5097 pertinentis
3254 5010 3500 5074 ordinis
3531 5009 3742 5074 sancti
3773 5008 3976 5073 Bene·

921 5118 1117 5200 dicti,
1182 5118 1627 5203 Trajectensis
1689 5116 2003 5199 diocesis,
2068 5117 2312 5203 peticio
2376 5118 2797 5195 continebat,
2862 5117 3037 5205 quod
3095 5119 3251 5183 licet
3303 5118 3549 5182 dudum
3596 5115 3824 5181 dilecti
3870 5112 3976 5179 filii

923 5224 1189 5309 majoris
1252 5228 1321 5288 et
1380 5223 1872 5308 collegiatarum
1937 5223 2359 5288 ecclesiarum
2409 5224 2694 5288 civitatis
2753 5224 3197 5309 Trajectensis
3242 5224 3480 5312 prelati
3527 5224 3651 5306 (et)
3697 5220 3978 5307 capitula

923 5352 1042 5418 pro
1091 5350 1161 5395 se
1210 5335 1277 5395 et
1327 5334 1468 5393 toto
1516 5330 1693 5392 clero
1736 5329 2021 5393 civitatis
2056 5334 2123 5393 et
2154 5327 2434 5394 diocesis
2466 5330 2989 5414 Trajectensium
3023 5351 3170 5394 cum
3206 5329 3446 5394 dilecto
3478 5329 3613 5393 filio
3646 5325 3975 5392 Bernardo

921 5436 1230 5503 Mathesii
1278 5434 1591 5499 canonico
1641 5434 2105 5516 Nemausensi,
2146 5433 2394 5499 ordinis
2427 5435 2638 5499 sancti
2671 5436 3061 5520 Augustini,
3095 5437 3337 5500 nuncio
3371 5455 3567 5521 super
3598 5431 3973 5519 colligendis

923 5541 1193 5606 decimis
1260 5561 1379 5626 per
1447 5561 1566 5604 nos
1627 5539 1959 5604 carissimo
2019 5540 2091 5603 in
2152 5538 2414 5604 Christo
2477 5540 2613 5605 filio
2678 5547 2904 5605 nostro
2969 5540 3204 5607 Carolo
3267 5541 3715 5606 Romanorum
3780 5539 3974 5626 impe·

921 5647 1124 5713 ratori
1172 5666 1428 5734 semper
1474 5652 1753 5731 augusto
1800 5666 1919 5731 per
1965 5650 2172 5712 totam
2219 5645 2683 5710 Alamanniam
2729 5648 3056 5713 concessis
3083 5647 3135 5730 1)
3184 5647 3577 5712 auctoritate
3624 5644 3976 5731 apostolica
