4450 6684
823 549 951 613 100
2037 544 2497 611 Inoommus
2542 546 2662 612 VI.

817 772 1034 838 anime
1083 768 1501 858 dispendium
1548 774 1617 834 et
1663 766 2189 833 substanciamm
2238 767 2619 853 voraginem
2667 789 2800 834 non
2848 769 3171 834 modicam
3217 770 3671 858 plurimorum.
3742 769 3878 836 Nos

814 880 1052 966 igitur,
1100 875 1441 965 cupientes
1489 874 1774 941 eundem
1821 873 2283 940 Tielmannum
2332 873 2575 940 nedum
2625 896 2664 940 a
2709 876 2899 963 penis
2946 882 3178 942 contra
3222 876 3606 942 manifestos
3658 898 3881 942 usura-

816 987 948 1051 rios
985 986 1138 1071 jure
1184 983 1396 1049 cautis
1437 981 1741 1064 liberari,
1791 980 1906 1046 sed
1955 981 2162 1046 eciam
2209 1001 2251 1045 a
2296 987 2605 1067 peccate,
2655 981 3041 1048 discrecioni
3088 988 3307 1048 vestre
3355 1004 3472 1070 per
3518 984 3875 1071 apostolica

815 1092 1060 1178 scripta
1120 1088 1506 1155 mandamus
1568 1093 1861 1169 attente,
1926 1087 2238 1173 quatinus
2299 1108 2417 1153 vos
2489 1088 2597 1154 vel
2645 1089 2812 1153 alter
2859 1095 3151 1155 vestrum
3198 1111 3318 1176 per
3363 1111 3480 1155 vos
3526 1089 3633 1155 vel
3679 1090 3879 1155 alium

815 1219 936 1264 seu
998 1196 1161 1263 alios
1222 1215 1420 1283 super
1479 1193 1607 1258 hiis
1670 1192 2021 1258 summarie
2085 1198 2155 1257 et
2218 1192 2301 1256 de
2362 1192 2561 1279 plano
2617 1194 2866 1280 absque
2916 1197 3197 1283 strepitu
3244 1202 3313 1261 et
3360 1195 3571 1281 figura
3610 1194 3879 1280 J'udicii,

814 1303 1065 1370 vocatis
1111 1322 1275 1390 quos
1322 1299 1653 1365 vocandos
1699 1298 2046 1381 noveritis,
2092 1299 2462 1365 informetis
2505 1306 2608 1383 et,
2652 1301 2706 1365 si
2748 1302 3209 1368 Tielmannum
3248 1303 3621 1389 predictum
3660 1323 3884 1367 usura-

816 1412 987 1477 rium
1035 1429 1180 1476 esse
1224 1407 1602 1494 repereritis
1650 1407 2107 1487 manifestum,
2175 1406 2390 1494 ipsum
2438 1407 2521 1472 ad
2570 1408 3068 1474 restitucionem
3112 1431 3458 1475 usurarum
3505 1409 3881 1495 hujusmodi

816 1517 1041 1582 debite
1104 1512 1477 1579 faciendum
1538 1533 1659 1598 per
1720 1532 2062 1577 censuram
2111 1511 2623 1578 ecclesiasticam
2672 1515 3068 1581 auctoritate
3114 1521 3373 1598 nostra,
3433 1516 3881 1603 appellacione

814 1622 1220 1710 postposita,
1264 1620 1707 1707 compellatis,
1755 1619 2063 1685 invocato
2111 1618 2195 1684 ad
2243 1618 2402 1702 hoc,
2451 1621 2505 1684 si
2540 1641 2705 1708 opus
2736 1628 2944 1704 esset,
2978 1623 3228 1688 auxilio
3262 1623 3509 1688 brachii
3543 1622 3883 1706 secularis,

813 1727 1184 1816 cujusmodi
1245 1728 1763 1815 compulsiones,
1827 1727 1882 1790 si
1913 1726 2121 1791 idem
2169 1727 2642 1792 Tielemannus
2689 1749 2808 1814 per
2853 1728 3291 1814 aliquamdiu,
3347 1729 3522 1815 quod
3571 1750 3704 1794 non
3750 1749 3885 1794 cre·

813 1837 1064 1917 dimus,
1113 1834 1549 1900 substinuerit
1595 1833 1846 1920 absque
1893 1832 2342 1898 satisfactione
2390 1832 2617 1899 debita
2662 1834 2882 1899 animo
2929 1834 3273 1915 indurato,
3323 1856 3442 1901 seu
3489 1835 3654 1901 alias
3701 1835 3887 1899 vobis

812 1943 1025 2007 visum
1090 1941 1288 2007 fuerit
1351 1946 1690 2028 oportere,
1753 1940 1942 2005 illum
1998 1938 2463 2006 Tielmannum
2512 1940 2716 2005 citare
2764 1942 3043 2023 curetis,
3093 1948 3167 2006 ut
3216 1947 3396 2007 certo
3444 1941 3883 2029 peremptorio

813 2048 1095 2114 termino
1168 2046 1385 2112 eidem
1454 2045 1839 2133 prefigendo
1911 2067 2129 2110 coram
2202 2046 2516 2132 gentibus
2587 2052 2811 2111 nostre
2883 2068 3140 2112 camere
3202 2049 3271 2112 in
3337 2049 3643 2114 Romana
3703 2047 3883 2112 curia

808 2155 1052 2221 habeat
1098 2154 1536 2243 personaliter
1583 2173 1995 2242 comparere,
2045 2173 2242 2239 super
2287 2151 2665 2237 hujusmodi
2699 2151 3036 2218 demeritis
3066 2153 3289 2218 limam
3314 2155 3585 2238 justicie
3618 2173 3885 2238 suscep-

815 2267 1038 2346 turus,
1101 2260 1520 2349 predicentes
1584 2260 1837 2342 eidem,
1902 2259 2078 2347 quod
2142 2259 2282 2324 sive
2344 2259 2414 2323 in
2476 2260 2759 2324 termino
2830 2260 3155 2345 prelibato
3212 2261 3648 2346 personaliter
3716 2281 3889 2324 com-

816 2370 1142 2457 paruerit,
1192 2370 1330 2433 sive
1378 2389 1543 2449 non,
1594 2374 1825 2433 contra
1868 2367 2084 2454 ipsum
2132 2365 2358 2431 debite
2403 2365 2801 2453 procedetur
2835 2368 3037 2452 juxta
3081 2368 3430 2432 canonicas
3478 2367 3884 2447 sanctiones3

813 2497 950 2542 non
1020 2476 1439 2541 obstantibus
1513 2481 1647 2539 tam
1718 2473 1928 2539 felicis
1998 2472 2480 2538 recordacionis
2546 2473 2870 2537 Bonifacii
2939 2494 3109 2559 pape
3171 2474 3342 2539 VIII
3405 2472 3884 2560 predecessoris

812 2584 1058 2665 nostri,
1122 2583 1193 2647 in
1255 2582 1496 2668 quibus
1558 2586 1867 2661 cavetur,
1931 2600 2016 2645 ne
2079 2580 2317 2665 aliquis
2382 2584 2574 2643 extra
2634 2600 2819 2645 suam
2883 2580 3218 2645 civitatem
3282 2587 3352 2646 et
3399 2580 3714 2647 diocesim
3760 2579 3886 2643 nisi

816 2691 887 2754 in
952 2690 1149 2755 certis
1212 2689 1511 2775 exceptis
1566 2688 1827 2753 casibus
1875 2692 1943 2752 et
1988 2686 2058 2750 in
2106 2686 2237 2750 illis
2284 2687 2460 2751 ultra
2505 2706 2705 2750 unam
2752 2686 3000 2752 dietam
3047 2709 3086 2751 a
3131 2686 3263 2753 fine
3311 2708 3429 2753 sue
3477 2685 3758 2752 diocesis
3804 2684 3884 2750 ad

812 2796 1141 2883 judicium
1206 2800 1553 2876 evocetur,
1611 2800 1681 2859 et
1726 2793 2054 2881 generalis
2100 2793 2362 2858 concilii
2408 2792 2491 2858 de
2539 2792 2797 2859 duabus
2844 2793 3040 2859 dietis
3087 2800 3157 2860 et
3202 2795 3702 2881 quibuscunque
3749 2793 3891 2858 aliis

815 2902 1444 2985 constitucionibus,
1514 2900 1906 2988 privilegiis,
1976 2899 2417 2985 indulgenciis
2487 2906 2556 2965 et
2600 2899 2842 2965 litteris
2891 2902 3265 2988 apostolicis
3312 2901 3734 2987 generalibus
3781 2900 3884 2965 vel

812 3008 1244 3094 specialibus,
1294 3027 1835 3094 quorumcunque
1883 3011 2189 3072 tenorum
2236 3007 2567 3088 existant,
2612 3027 2733 3093 per
2777 3028 2907 3093 que
2950 3008 3368 3093 presentibus
3400 3029 3535 3072 non
3569 2996 3887 3093 expressa

807 3137 926 3181 seu
989 3115 1285 3180 totaliter
1345 3134 1481 3179 non
1544 3114 1798 3179 inserta
1859 3112 2135 3178 effectus
2191 3112 2569 3198 hujusmodi
2617 3113 2922 3199 impediri
2970 3115 3191 3179 valeat
3237 3113 3731 3201 quomodolibet
3780 3112 3884 3177 vel

813 3220 1094 3305 differri,
1158 3227 1226 3286 et
1273 3220 1355 3286 de
1403 3221 1643 3308 quibus
1690 3240 2099 3307 quorumque
2147 3220 2306 3283 totis
2355 3220 2695 3284 tenoribus
2743 3219 2826 3285 de
2875 3221 3077 3285 verbo
3126 3219 3212 3286 ad
3257 3221 3530 3286 verbum
3578 3217 3882 3284 habenda

808 3328 898 3393 sit
942 3327 1012 3393 in
1060 3327 1302 3394 nostris
1350 3326 1591 3392 litteris
1639 3326 1895 3391 mencio
1943 3325 2281 3411 specialis3
2332 3347 2451 3392 seu
2496 3327 2551 3389 si
2585 3324 2799 3391 eidem
2833 3326 2917 3390 ab
2951 3326 3183 3391 eadem
3214 3327 3302 3391 sit
3333 3326 3488 3392 sede
3520 3324 3881 3406 indultum,

810 3435 1123 3521 quatinus
1186 3433 1491 3499 interdici
1539 3432 1647 3496 vel
1693 3433 2250 3497 excommunicari
2300 3438 2591 3518 nequeat
2636 3439 2754 3498 aut
2801 3432 3113 3518 suspendi
3159 3454 3277 3519 per
3325 3433 3581 3501 litteras
3627 3437 3887 3518 aposto·

810 3540 969 3605 licas
1038 3561 1173 3605 non
1240 3540 1559 3604 facientes
1629 3539 1894 3626 plenam
1964 3544 2034 3604 et
2095 3558 2473 3624 expressam
2533 3560 2609 3603 ac
2656 3539 2738 3604 de
2787 3540 2990 3604 verbo
3038 3539 3122 3605 ad
3169 3540 3445 3606 verbum
3492 3538 3576 3605 de
3621 3538 3878 3605 indulto

810 3643 1190 3730 hujusmodi
1251 3644 1684 3710 mencionem.
1779 3643 2106 3710 Volumus
2168 3650 2429 3727 autem,
2495 3644 2668 3730 quod
2717 3646 2786 3710 in
2835 3651 3082 3710 eventu
3129 3646 3467 3711 citacionis
3511 3643 3886 3730 hujusmodi

818 3749 1119 3816 faciende
1183 3751 1532 3837 negocium
1594 3751 1791 3839 plene
1838 3751 2233 3814 instructum
2279 3770 2428 3814 cum
2476 3752 2641 3814 actis
2688 3757 2757 3815 et
2804 3751 2951 3815 aliis
2998 3751 3423 3816 munimentis
3471 3751 3594 3814 sub
3642 3749 3883 3814 nostris

812 3856 1196 3943 patentibus
1258 3857 1540 3938 litteris,
1603 3854 1839 3921 harum
1902 3856 2138 3920 seriem
2200 3856 2734 3937 continentibus,
2801 3864 3167 3921 vestrorum
3232 3856 3596 3942 sigillorum
3641 3875 3884 3941 appen-

809 3963 1111 4028 cionibus
1175 3963 1630 4044 communitis,
1694 3961 2019 4048 prelibate
2080 3981 2338 4026 camere
2396 3963 2878 4026 transmittatis.
2974 3961 3127 4028 Dat.
3176 3961 3354 4049 apud
3402 3961 3882 4026 villamnovam

811 4069 1282 4135 Avinionensis
1329 4067 1645 4150 diocesis,
1693 4067 1865 4133 Non.
1916 4066 2115 4149 Julii,
2164 4065 2590 4152 pontificatus
2635 4068 2845 4132 nostri
2892 4089 3066 4132 anno
3114 4068 3416 4154 septimo.

1231 4203 1358 4265 Ray.
1407 4203 1524 4252 Vat.
1568 4203 1624 4251 T.
1658 4201 1783 4263 241,
1809 4201 1870 4265 s.
1905 4200 1988 4250 66.

965 4348 1023 4411 1)
1058 4348 1231 4398 Codex
1268 4348 1324 4396 in
1363 4346 1576 4396 rubrica
1613 4345 1798 4396 habet:
1837 4344 2042 4395 Scrien.

812 4818 1010 4887 1628.
1691 4818 1901 4897 1359,
1949 4814 2126 4879 Julii
2172 4817 2291 4897 12,
2341 4837 2446 4901 ap.
2512 4816 2996 4881 Villamnovam.

1134 4972 1301 5037 Ocko
1351 4972 1557 5035 dictus
1603 4970 1828 5055 Hoyta
1873 4971 2252 5033 monasterio
2302 4970 2368 5032 S.
2407 4968 2692 5054 odulphi
2726 4972 2793 5033 in
2830 4970 3098 5034 Stauria
3125 4971 3207 5053 l)‚
3262 4973 3442 5054 cujus
3474 4970 3727 5033 abbatia
3748 4990 3872 5052 per

1027 5081 1486 5165 promotionem
1548 5075 1816 5141 Folkeri
1874 5078 1942 5139 in
1988 5077 2342 5159 episcopum
2394 5075 2882 5140 Gibelethensem
2928 5097 3130 5160 nuper
3176 5078 3456 5157 vacavit,
3496 5075 3879 5160 praeficitur

1039 5190 1106 5250 in
1165 5184 1467 5249 abbatem.
1520 5219 1603 5229 —
1656 5181 1854 5264 Cujus
1899 5183 2349 5245 nominationis
2394 5189 2726 5244 conventus
2773 5189 2833 5246 et
2876 5180 3268 5265 (Johannes)
3316 5184 3638 5266 episcopus
3693 5180 3877 5263 Traj.

1040 5295 1331 5357 certiores
1377 5290 1621 5354 reddun
1630 5297 1758 5352 tur.

1041 5461 1303 5525 Dilecto
1350 5457 1486 5523 filio
1535 5455 1793 5523 Ockoni
1840 5456 2016 5521 dicto
2064 5455 2293 5540 Hoyta
2339 5454 2564 5519 abbati
2611 5453 2993 5519 monasterii
3033 5453 3243 5518 sancti
3284 5451 3582 5539 Adulphi
3621 5453 3772 5536 (sic)
3810 5451 3878 5514 in

815 5567 1096 5633 Staurea
1138 5568 1289 5650 (sic)
1336 5563 1583 5630 ordinis
1630 5564 1841 5628 sancti
1886 5560 2267 5642 Benedicti,
2315 5559 2758 5645 Trajectensis
2804 5548 3120 5642 diocesis,
3171 5559 3452 5623 salutem
3498 5563 3569 5623 et
3613 5562 3874 5645 aposto·

812 5674 1006 5739 licam
1052 5671 1601 5738 benedictionem.
