4450 6684
818 485 952 549 282
2069 485 2473 552 Gamonms
2518 486 2642 552 XI.

814 702 1018 771 2242.
1772 706 1988 787 1375,
2045 703 2396 769 Decembris
2440 709 2512 787 3,
2562 707 2923 770 Avenionis.

1137 858 1482 922 Giselberto
1558 858 1823 923 Uustinc
1883 861 2179 923 canonico
2252 858 2432 942 Traj.
2497 858 2873 940 mandatur,
2944 865 3016 922 ut
3062 857 3342 924 Henrico
3398 858 3474 922 de
3518 858 3886 945 Lemberqia

1041 965 1363 1047 confirmet
1400 973 1777 1050 perpetuam
1824 968 2131 1030 vicariam
2175 968 2464 1031 ecclesiae
2509 966 2564 1030 b.
2619 966 2870 1030 Mariae
2925 966 3106 1044 Trai.
3141 967 3476 1030 ordinaria
3507 969 3881 1031 auctoritate

1046 1074 1169 1159 ipsi
1232 1074 1568 1154 collatam,
1634 1092 1758 1137 non
1820 1072 2101 1137 obstante
2162 1073 2334 1159 quod
2391 1075 2646 1139 collatio
2695 1073 3057 1155 hujusmodi
3100 1073 3187 1136 ad
3232 1073 3433 1137 sedem
3480 1076 3886 1158 apostolicam

1042 1181 1269 1260 fuisset
1315 1179 1627 1244 devoluta.

1044 1360 1332 1443 Dignum
1380 1360 1794 1424 arbitramur.
1823 1407 1838 1423 .
1868 1407 1883 1423 .
1915 1408 1930 1424 .
2002 1359 2151 1424 Dat.
2207 1360 2577 1444 Avinione,
2625 1361 2730 1426 III
2778 1363 2948 1426 Non.
2997 1362 3419 1444 Decembris,
3469 1363 3888 1450 pontificatus

825 1468 1030 1531 nostri
1078 1486 1251 1531 anno
1299 1466 1553 1551 quinto.

1236 1600 1356 1662 Ray.
1398 1602 1492 1649 Ac.
1537 1602 1592 1650 T.
1625 1598 1716 1660 23,
1744 1602 1804 1664 s.
1840 1599 1957 1650 544.

820 2035 1020 2102 2243.
1758 2041 1965 2122 1375,
2016 2039 2371 2103 Decembris
2418 2042 2534 2122 21,
2585 2041 2946 2104 Avenionis.

1140 2190 1277 2255 Pro
1326 2192 1611 2256 Sec-edero
1657 2193 1908 2257 Uterloe
1945 2197 2312 2278 praeposito
2356 2193 2536 2277 Traj.
2575 2195 2980 2279 infrascripti
3010 2196 3097 2259 ad
3130 2198 3473 2260 triennium
3503 2196 3895 2280 deputantur

1045 2306 1526 2362 conservatores,

1050 2478 1327 2543 Dilectis
1374 2481 1524 2544 filiis
1576 2529 1590 2543 .
1620 2530 1635 2545 .
1686 2482 1894 2545 sancti
1945 2481 2272 2547 Trudonis
2321 2492 2387 2549 et
2438 2533 2453 2548 .
2482 2533 2497 2548 .
2548 2484 3144 2569 Middelburgensis
3195 2483 3583 2549 Leodiensis
3622 2490 3691 2548 et
3733 2485 3890 2550 Tra·

818 2587 1140 2672 jectensis
1206 2586 1561 2651 diocesium
1626 2589 2170 2654 monasteriorum
2216 2591 2572 2657 abbatibus
2620 2615 2694 2657 ac
2743 2591 2993 2656 decano
3043 2592 3317 2657 ecclesie
3366 2592 3576 2655 saneti
3624 2590 3892 2656 Andree

822 2691 1237 2757 Coloniensis
1286 2695 1584 2758 salutem.

1052 2800 1363 2865 Militanti
1413 2803 1709 2866 ecclesie.
1740 2850 1753 2865 .
1787 2850 1802 2866 .
1831 2849 1849 2867 .
1898 2804 2048 2869 Dat.
2100 2804 2468 2888 Avinione,
2516 2805 2656 2870 XII
2702 2806 2811 2871 Kl.
2864 2804 3195 2886 Januarii,
3246 2825 3419 2868 anno
3466 2805 3718 2890 quinto.

1242 2935 1366 2998 Ray.
1400 2937 1499 2985 Αυ.
1543 2939 1596 2986 Τ.
1630 2935 1717 2998 23,
1746 2938 1805 3000 s.
1842 2937 1982 2988 32911.

1246 3018 1343 3069 Hic
1378 3021 1614 3070 inserere
1648 3020 1795 3071 lubet
1832 3027 2145 3084 sequentem
2180 3021 2608 3072 annotationem:

1244 3103 1435 3165 „Anno
1469 3103 1603 3154 1372
1635 3110 1690 3155 et
1723 3105 1807 3155 die
1842 3105 1945 3155 xn
1983 3105 2181 3156 mensis
2215 3106 2413 3170 Aprilis
2451 3103 2790 3170 pontificatus
2825 3104 3026 3155 domini
3061 3104 3298 3170 Gregorii
3329 3104 3404 3154 XI
3441 3104 3542 3153 suit
3577 3108 3820 3166 receptus
3855 3103 3912 3151 in

1177 3187 1511 3249 capellanum
1548 3188 1764 3238 honoris
1799 3190 2046 3239 dominus
2084 3189 2363 3240 Swederus
2391 3189 2598 3240 Uter-los
2624 3189 2765 3254 (ric),
2801 3189 3129 3253 praepositus
3153 3193 3207 3237 et
3230 3187 3636 3238 archidiaconus
3660 3186 3914 3237 ecclesiae

1180 3268 1534 3332 Traiectensis
1568 3277 1620 3321 et
1644 3273 1740 3322 suit
1765 3273 2109 3324 commissum
2139 3273 2512 3336 juramentum
2536 3273 2716 3325 abbati
2740 3273 3050 3323 monasterii
3077 3270 3545 3337 Magdeburgensis
3569 3270 3687 3335 (cic)
3711 3269 3912 3319 ordinis

1182 3351 1723 3406 praemonstratensis
1758 3356 2116 3419 Trajectensis
2150 3357 2450 3407 dioecesi8.''

1196 3459 1202 3466 ·
1253 3438 1332 3487 Ita
1367 3438 1563 3504 legitur
1598 3441 1653 3489 in
1692 3441 1864 3491 indice
1900 3442 2168 3491 bullarum
2204 3440 2494 3491 Clementis
2530 3441 2625 3491 VII
2665 3442 2947 3504 antipapae
2981 3439 3105 3503 (sub
3140 3440 3294 3490 litera
3318 3439 3408 3501 T),
3443 3439 3536 3503 qui
3571 3439 3912 3503 depromptus

1183 3527 1261 3570 est
1297 3536 1358 3571 ex
1398 3522 1522 3587 Reg.
1562 3523 1655 3573 Av.
1689 3523 1924 3587 ejusdem
1962 3524 2236 3575 Pontificis
2269 3524 2416 3574 Tom.
2449 3523 2541 3588 34,
2579 3527 2608 3574 s.
2646 3523 2761 3575 261.

824 4003 1030 4071 2244.
1794 4010 1999 4091 1376,
2048 4009 2363 4074 Januarii
2409 4013 2529 4092 28,
2575 4011 2938 4073 AvenioniS.

1152 4159 1609 4245 Infrascriptis
1656 4164 2065 4226 committitur
2111 4166 2384 4227 executio
2430 4166 2801 4244 sententiae,
2850 4170 3000 4248 post
3049 4170 3172 4227 tres
3219 4163 3560 4225 instantias
3605 4163 3673 4224 in
3719 4162 3902 4223 curia

1059 4264 1376 4346 definitive
1409 4268 1737 4351 prolatae,
1788 4289 1918 4352 qua
1966 4266 2202 4332 Petrus
2250 4268 2325 4330 de
2389 4269 2577 4332 Velde
2615 4272 3022 4353 praepositus
3071 4267 3137 4331 S.
3187 4267 3509 4330 Johannis
3565 4263 3727 4347 Traj
3761 4313 3778 4345 ,
3831 4272 3901 4328 ut

1075 4370 1291 4435 Ulrico
1352 4373 1427 4436 de
1485 4373 1856 4458 Dypenhem
1919 4377 2212 4438 canonico
2278 4375 2468 4438 blada
2531 4378 2656 4459 ipsi
2716 4375 2924 4439 debita
2984 4377 3224 4459 inteyre
3285 4378 3579 4438 restituat
3639 4380 3697 4436 et
3766 4373 3898 4436 litis

1057 4499 1355 4562 expensas
1424 4480 1509 4542 ad
1576 4501 1883 4544 summam
1954 4483 2038 4544 74
2108 4482 2494 4562 florenorum
2564 4485 2715 4546 auri
2775 4482 2851 4545 de
2913 4481 3247 4546 Florentia
3310 4480 3549 4562 solvat,
3618 4479 3900 4543 condem—

1055 4593 1245 4648 natus
1291 4593 1399 4649 est.

1061 4766 1417 4851 Gregorius
1481 4768 1854 4855 episcopus,
1922 4790 2146 4833 servus
2208 4790 2546 4834 servorum
2610 4769 2771 4852 Dei,
2838 4769 3092 4834 dilectis
3139 4768 3290 4832 filiis
3339 4814 3354 4830 .
3385 4813 3400 4828 .
3450 4764 3645 4830 beate
3689 4763 3897 4828 Marie

842 4871 925 4935 ad
994 4872 1253 4937 Gradus
1313 4873 1724 4939 coloniensis
1787 4882 1855 4940 et
1905 4925 1919 4939 .
1948 4922 1964 4937 .
2025 4876 2234 4939 sancti
2280 4876 2573 4961 Agricoli
2620 4876 3089 4941 Avinionensis
3136 4895 3211 4938 ac
3261 4921 3275 4936 .
3307 4919 3322 4935 .
3374 4872 3584 4937 sancti
3629 4869 3900 4935 Martini

838 4978 1225 5044 Leodiensis
1272 4980 1692 5046 ecclesiarum
1740 4982 2006 5047 decanis
2053 4983 2333 5046 salutem
2382 4990 2450 5047 et
2496 4982 2921 5068 apostolicam
2967 4980 3515 5046 benedictionem.

1064 5085 1312 5152 Potitio
1377 5086 1599 5152 dilecti
1660 5088 1776 5152 filii
1824 5089 2030 5154 Ulriei
2077 5089 2160 5154 de
2207 5090 2600 5176 Dypenhem
2648 5083 2944 5154 canonici
2993 5087 3266 5155 ecclesie
3316 5086 3524 5151 sancti
3572 5081 3897 5150 Johannis

838 5188 1283 5275 TraJectensis
1344 5193 1534 5258 nobis
1599 5194 1897 5259 exhibita
1959 5197 2369 5279 continebat,
2437 5196 2610 5283 quod
2674 5196 2834 5260 licet
2891 5195 2972 5260 de
3018 5195 3291 5281 antiqua
3337 5200 3406 5258 et
3451 5191 3814 5279 approbata
3868 5191 3894 5272 ΙΙ

840 5302 910 5361 et
956 5297 1275 5363 hactenus
1315 5300 1585 5385 pacifice
1620 5300 1967 5366 observata
1999 5302 2474 5367 consuetudine
2508 5303 2576 5367 in
2608 5302 2837 5368 eadem
2873 5301 3148 5367 ecclesia
3178 5301 3264 5364 sit
3296 5300 3671 5380 obtentum,
3719 5293 3898 5383 quod

837 5405 1208 5490 prepositus
1268 5405 1567 5491 ejusdem
1632 5408 1904 5473 ecclesie
1960 5429 2078 5495 pro
2128 5415 2421 5495 tempore
2471 5409 2762 5474 existens
2809 5429 2927 5495 pro
2976 5407 3248 5493 singulis
3297 5404 3649 5493 prebendis
3693 5403 3899 5490 ipsius

835 5510 1115 5575 ecclesie
1164 5513 1450 5599 capitulo
1500 5512 1673 5589 dicte
1722 5516 1995 5580 ecclesie
2042 5535 2279 5581 novem
2332 5516 2526 5580 tritici
2574 5521 2642 5579 et
2689 5536 2926 5581 novem
2970 5514 3244 5599 siliginis
3277 5534 3352 5577 ac
3385 5512 3657 5597 triginta
3689 5530 3898 5576 avene

839 5615 1091 5681 modios
1153 5621 1432 5703 majores
1494 5625 1563 5684 et
1610 5621 1989 5686 claustrales
2037 5642 2341 5688 mensure
2389 5624 2830 5708 TraJectensis
2875 5642 2994 5709 per
3041 5618 3304 5686 eosdem
3355 5616 3717 5705 capitulum
3762 5616 3892 5680 illis
