4450 6684
1843 528 2332 594 Inrnonuc‘no.
2787 556 2796 563 -
3537 547 3613 597 11

564 769 721 814 vera
766 752 837 814 et
882 747 1230 815 concordia
1277 754 1453 814 esset
1499 795 1516 812 .
1543 795 1559 811 .
1588 795 1604 811 .
1632 794 1649 811 .
1698 752 1776 812 ut
1821 746 2004 811 nulla
2039 746 2178 832 Jam
2225 744 2501 810 ulterius
2547 745 2721 810 inter
2755 766 2868 811 eos
2900 745 3210 814 scandala
3240 754 3355 815 aut
3383 748 3610 836 jurgia

561 850 930 936 inessent”,
977 856 1254 940 paterna
1298 857 1366 916 et
1412 852 1668 917 monuit
1707 857 1778 916 et
1809 848 2135 915 ordinavit
2166 848 2578 915 auctoritate.
2637 848 2907 935 Insigne
2939 850 3231 937 profecto
3268 858 3336 918 et
3365 872 3611 919 memo-

562 954 767 1022 rabile
814 956 1294 1043 spectaculum,
1341 955 1518 1042 quod
1562 953 2122 1041 historiographos
2170 957 2429 1018 nostros
2464 953 2535 1017 in
2565 958 2903 1039 posterum
2932 954 3161 1042 sugere
3192 975 3327 1022 non
3358 955 3610 1023 licebit.

785 1059 1160 1128 Secundum
1226 1059 1514 1148 diploma
1576 1060 1809 1148 papale
1871 1061 2077 1136 (num.
2149 1058 2260 1141 10)
2318 1059 2388 1123 in
2433 1057 2814 1124 memoriam
2860 1064 3126 1124 revocat
3171 1059 3491 1126 famosum
3540 1067 3610 1128 et

560 1164 838 1252 lugubre
885 1165 1316 1250 consortium,
1364 1164 1540 1253 quod
1586 1165 1656 1230 in
1709 1164 2101 1246 ¹‚immortali
2133 1152 2323 1229 'inter
2369 1162 2823 1230 Sacerdotium
2861 1170 2930 1230 et
2962 1165 3319 1252 Imperium
3350 1173 3614 1234 contro·

558 1269 814 1335 versia'’
876 1268 1272 1336 wilhelmus
1333 1268 1370 1334 Ι
1428 1268 1775 1356 episcopus
1833 1267 2277 1354 TraJectensis
2331 1267 2640 1334 habuisse
2688 1266 2989 1333 traditur.
3084 1269 3215 1346 Qui
3259 1276 3608 1359 postquam

558 1392 785 1439 mense
832 1372 1149 1441 Januario
1195 1395 1301 1440 an.
1358 1375 1480 1439 107
1489 1376 1526 1438 6
1560 1374 1630 1438 in
1664 1371 2113 1443 conciliabulo
2146 1372 2620 1439 Wormatiensi
2650 1372 2858 1438 literis
2885 1373 2969 1458 1),
3019 1374 3257 1459 quibus
3289 1374 3607 1462 Gregorio

555 1496 765 1569 papae
810 1478 949 1545 VII
989 1478 1241 1546 Summi
1280 1478 1710 1544 Pontificatus
1752 1476 2036 1563 dignitas
2077 1477 2537 1563 abrogaretur,
2584 1477 2832 1564 primus
2872 1478 3048 1544 inter
3085 1480 3418 1564 praesules
3460 1480 3613 1546 sub-

556 1584 936 1671 scripserat,
984 1583 1182 1649 immo
1231 1584 1431 1649 etiam
1477 1581 1584 1648 die
1631 1581 1972 1648 Paschatis
2021 1582 2164 1667 ipse
2211 1581 2282 1645 in
2316 1581 2592 1647 ecclesia
2624 1603 2742 1647 sua
2774 1582 3137 1648 cathedrali
3169 1583 3610 1670 Ultrajectina

558 1687 907 1754 anathema
953 1693 1182 1754 contra
1227 1686 1569 1754 Summum
1615 1685 2009 1752 Pontificem
2056 1692 2308 1751 temere
2353 1692 2652 1752 eructare
2696 1688 2947 1753 veritus
2988 1708 3403 1775 nequaquam
3432 1696 3608 1775 erat,

555 1813 761 1859 unum
829 1792 1069 1858 abhinc
1137 1810 1432 1857 mensem
1500 1796 1711 1857 morte
1760 1791 1981 1856 subita
2027 1795 2136 1856 est
2182 1796 2543 1876 correptus.
2637 1791 2930 1856 Tametsi
2975 1793 3224 1879 majore
3271 1796 3612 1879 perculsus

558 1898 1262 1980 excommunicatione,
1317 1897 1425 1978 „in
1472 1895 1749 1962 ecclesia
1790 1895 2027 1981 Majori
2074 1893 2451 1960 reverendis
2497 1895 2932 1961 Pontificibus
2975 1899 3398 1984 consepultus
3431 1899 3608 1984 est,'’

554 2002 652 2067 uti
714 2023 756 2067 a
815 2000 1124 2067 Johanne
1183 2000 1267 2066 de
1310 1999 1501 2066 Beka
1544 2004 1850 2065 narratur
1871 1999 1960 2082 2);
2017 2018 2235 2084 neque
2282 1999 2614 2086 exsequiis
2661 2000 3063 2066 solemnibus
3108 2001 3257 2068 ideo
3305 2004 3602 2089 privatus

557 2110 686 2189 est,
735 2106 905 2173 sicut
951 2105 1124 2171 clare
1171 2110 1445 2193 apparet
1491 2126 1577 2170 ex
1623 2103 2015 2189 necrologiis
2064 2103 2486 2168 ecclesiarum
2520 2103 2586 2169 S.
2620 2103 2890 2169 Martini
2924 2110 2993 2171 et
3027 2104 3096 2172 S.
3132 2106 3490 2174 Salvatoris
3510 2108 3605 2195 ³),

555 2209 669 2275 ubi
715 2211 1232 2277 anniversarium
1280 2210 1497 2275 obitus
1543 2210 1629 2293 (a.
1679 2207 1743 2273 d.
1791 2208 1855 2274 V
1901 2208 2012 2274 Kl.
2059 2207 2248 2294 Maji)
2295 2209 2647 2293 quotannis
2694 2208 3008 2275 celebrari
3053 2212 3329 2279 solebat.

778 2313 1107 2380 Henricus
1138 2320 1360 2381 autem
1391 2313 1475 2378 ab
1508 2333 1613 2378 an.
1651 2313 1825 2378 1075
1857 2312 2201 2399 episcopus
2227 2310 2645 2395 Leodiensis,
2679 2314 2830 2398 jure
2852 2313 3176 2381 Pacificus
3208 2318 3603 2403 cognomine
3641 2325 3939 2376 Wilhelmu·
3974 2328 4000 2377 1

555 2417 798 2502 dictus,
846 2424 988 2484 tum
1041 2440 1249 2506 „quae
1296 2419 1594 2486 Caesaris
1640 2424 1830 2484 erant
1872 2416 2213 2501 Caesari”,
2265 2437 2413 2482 cum
2465 2437 2674 2504 „quae
2704 2417 2832 2482 Dei
2866 2424 3055 2485 erant
3083 2420 3275 2487 Deo'’
3323 2421 3598 2491 reddere

553 2522 880 2589 studebat.
971 2522 1261 2590 Proinde
1322 2524 1394 2589 in
1459 2523 1621 2590 duas
1683 2520 2059 2589 claudicans
2120 2526 2377 2609 partes,
2439 2521 2648 2586 literis
2693 2520 3293 2591 Wormatiensibus
3351 2532 3421 2594 et
3466 2530 3609 2617 ipse

555 2628 1054 2715 subscripserat,
1104 2648 1261 2693 mox
1300 2648 1456 2693 vero
1492 2628 1839 2715 poenitens
1874 2647 2021 2692 cum
2055 2624 2374 2712 Gregorio
2405 2646 2579 2712 papa
2610 2647 2679 2691 se
2712 2628 3134 2695 reconciliare
3167 2632 3503 2701 nitebatur
3526 2637 3605 2721 4).

551 2731 662 2799 Sic
727 2733 900 2798 inter
968 2737 1188 2820 partes
1256 2733 1652 2798 altercantes
1722 2731 2007 2798 mediam
2074 2728 2428 2817 quamdam
2489 2735 2753 2795 secutus
2817 2737 2919 2796 est
2963 2733 3169 2819 viam,
3240 2738 3415 2823 quod
3463 2740 3606 2825 jam

552 2836 839 2925 diploma
883 2842 1178 2903 nostrum
1226 2838 1465 2903 iterum
1512 2838 1687 2902 clare
1735 2834 2045 2903 ostendit.
2124 2833 2257 2900 Pro
2305 2833 2664 2899 Wilhelmo
2712 2834 2887 2900 enim
2934 2838 3320 2928 coepiscopo
3369 2848 3607 2931 utpote

551 2943 864 3008 acerrimo
927 2941 1201 3007 Henrici
1262 2941 1435 3027 regis
1476 2945 1825 3035 ‚sectatore
1888 2939 2085 3005 funus
2132 2938 2464 3004 celebrare
2510 2958 2708 3004 ausus
2755 2959 2890 3004 non
2936 2947 3039 3006 est
3083 2946 3346 3028 praesul
3390 2947 3606 3014 Leod-

548 3047 780 3131 iensis,
839 3047 966 3111 nisi
1029 3045 1292 3111 domino
1351 3044 1537 3132 Papa
1592 3045 1674 3110 de
1733 3045 1859 3110 hac
1918 3065 2117 3109 causa
2160 3044 2342 3130 prius
2390 3042 2709 3107 consulto.
2804 3043 3019 3120 Quam
3066 3067 3328 3113 causam
3375 3050 3605 3118 sedulo

549 3150 814 3238 quidem
882 3151 953 3214 in
1023 3149 1295 3216 dubium
1364 3150 1663 3233 vocavit,
1708 3171 1857 3216 cum
1905 3149 2253 3235 exsequias
2301 3145 2703 3231 omittendo,
2751 3169 2836 3214 ne
2882 3170 3104 3236 regem
3152 3154 3427 3240 ejusque
3474 3155 3606 3220 fac-

547 3256 797 3322 tionem
861 3275 1056 3342 quam
1117 3254 1499 3340 gravissime
1560 3254 1875 3337 irritaret,
1936 3253 2104 3319 serio
2152 3252 2483 3317 metuerit.
2578 3252 2997 3339 Responsum
3045 3253 3345 3343 Gregorii
3391 3279 3603 3345 papae

549 3361 1002 3448 quaestionem
1049 3359 1207 3424 facti
1252 3379 1387 3423 non
1436 3359 1665 3443 solvit,
1715 3358 1833 3423 sed
1881 3357 2336 3445 quaestionem
2373 3356 2545 3442 juris
2587 3356 2948 3422 secundum
2980 3378 3396 3427 communem
3428 3362 3496 3430 S.
3533 3361 3601 3429 S.

546 3465 821 3531 Patrum
867 3454 1264 3530 sententiam
1301 3462 1731 3550 judicandam
1777 3462 2068 3549 episcopi
2107 3461 2376 3526 arbitrio
2411 3461 2744 3547 sapienter
2772 3462 3057 3549 reliquit.
3117 3463 3314 3531 Nunc
3347 3467 3592 3532 etenim

545 3591 632 3637 ne
692 3569 827 3634 ulla
884 3567 1151 3656 quidem
1198 3588 1539 3655 superesse
1585 3572 1849 3653 poterat
1895 3563 2273 3650 ambigendi
2320 3565 2524 3630 ratio:
2571 3564 2969 3631 Wilhelmus
3017 3567 3400 3656 episcopus,
3448 3592 3598 3636 cum

544 3693 777 3740 revera
849 3672 1028 3758 „regi
1096 3672 1666 3737 excommunicato
1737 3671 2022 3736 scienter
2084 3669 2572 3734 communicans
2633 3669 2775 3735 sine
2839 3672 3254 3757 poenitentia
3301 3680 3370 3739 et
3415 3676 3603 3741 satis·

544 3777 831 3843 factione
878 3775 1322 3860 discesserit”,
1370 3780 1563 3841 extra
1595 3775 2121 3841 communionem
2156 3774 2222 3840 S.
2258 3773 2493 3841 Matris
2525 3774 2858 3841 Ecclesiae
2892 3777 3227 3844 schismati
3256 3780 3603 3848 induratus

546 3882 732 3948 obiit.
825 3881 1036 3966 Ergo,
1091 3879 1266 3967 quod
1311 3900 1695 3965 responsum
1742 3879 1979 3967 papale
2033 3879 2233 3945 tacite
2280 3879 2533 3965 innuit,
2583 3900 2706 3946 nec
2750 3879 2876 3967 ipsi
2924 3879 3267 3950 demortuo
3317 3906 3605 3952 commu·

545 3986 767 4052 nicare
813 3985 1015 4052 debet
1061 3983 1374 4050 obediens
1418 3984 1753 4050 Ecclesiae
1799 3983 1997 4050 filius.

775 4091 898 4157 Cui
943 4090 1193 4156 monito
1240 4088 1604 4156 Hem-icum
1649 4089 2020 4174 praesulem
2067 4089 2587 4176 obtemperasse,
2636 4088 2933 4176 quamvis
2982 4095 3280 4156 taceatur
3329 4093 3399 4158 in
3439 4094 3605 4159 anti·
3684 4121 3710 4153 ο

547 4195 696 4282 quis
726 4194 1092 4276 Chronicis,
1134 4197 1278 4258 tuto
1317 4190 1798 4279 conjiciendum
1836 4191 2129 4276 videtur,
2169 4214 2318 4258 cum
2360 4191 2442 4257 ad
2490 4198 2768 4259 mortem
2808 4213 3015 4279 usque
3058 4194 3159 4279 (a0
3197 4197 3399 4281 1091)
3442 4203 3623 4264 stre-.

546 4320 754 4365 nuum
799 4298 1208 4365 auctoritatis
1253 4297 1504 4384 papalis
1550 4296 2068 4384 disciplinaeque
2115 4296 2597 4362 ecclesiasticae
2643 4297 2967 4363 fautorem
3012 4319 3082 4364 se
3115 4300 3498 4386 praebuerit
3520 4304 3599 4387 5).

774 4403 921 4469 Hoc
980 4402 1124 4468 loco
1184 4401 1628 4467 inconsultum
1686 4400 1864 4466 haud
1911 4400 2074 4484 erit,
2137 4400 2586 4486 gravissimam
2631 4400 2806 4467 inter
2853 4398 3309 4470 Sacerdotium
3356 4411 3425 4472 et
3469 4406 3600 4471 Im·

544 4507 802 4596 perium
862 4505 1334 4571 dissensionem
1392 4505 1506 4572 illo
1561 4510 1854 4592 tempore
1904 4504 2379 4571 fervescentem
2425 4505 2685 4592 planius
2733 4507 3181 4593 considerare,
3240 4510 3480 4597 quippe
3527 4511 3598 4575 in

547 4632 682 4700 qua
726 4612 1013 4698 episcopi
1057 4611 1514 4697 Trajectenses
1558 4630 1830 4695 magnas
1874 4613 2098 4696 partes
2147 4609 2431 4696 egerint.
2500 4609 2609 4675 Ita
2652 4608 2792 4675 fore
2839 4631 3060 4698 spero,
3108 4617 3186 4677 ut
3223 4612 3600 4680 inordinata

547 4715 1013 4783 nonnullorum
1058 4735 1216 4801 erga
1261 4712 1501 4780 Sedem
1547 4713 1995 4801 Apostolicam
2043 4713 2333 4778 conditio
2381 4713 2616 4779 melius
2665 4713 3096 4801 intelligatur.

774 4818 1062 4906 Vigebat
1121 4825 1280 4883 tunc
1340 4817 1573 4882 intima
1612 4818 1789 4883 inter
1833 4817 2082 4904 regiam
2127 4822 2533 4905 potestatem
2579 4823 2650 4882 et
2694 4819 3035 4905 episcopos
3082 4821 3474 4904 connexio,·
3496 4820 3603 4886 cui

547 4924 815 4990 minime
875 4922 1214 4988 hominum
1275 4921 1650 5006 arbitrium,
1712 4919 1829 4987 sed
1893 4942 2120 4987 rerum
2173 4942 2250 4986 ac
2299 4925 2665 5009 temporum
2714 4922 3125 5009 complicatio
3173 4943 3371 4990 causa
3415 4923 3604 5012 paul-

715 5179 772 5246 1)
805 5179 1080 5245 Leguntur
1113 5176 1249 5242 apud
1285 5175 1439 5227 Pertz
1473 5173 1542 5224 M.
1577 5172 1637 5225 G.
1672 5173 1859 5238 Legum
1895 5172 1964 5224 11.
2002 5172 2068 5223 44
2097 5185 2234 5237 seq.;
2270 5172 2334 5223 de
2355 5172 2445 5237 iis,
2482 5187 2618 5238 quac
2641 5180 2966 5239 sequuntur,
2991 5174 3085 5226 cfr.
3109 5173 3263 5226 Pcrtz
3287 5174 3603 5241 Scr'wtmn

548 5261 614 5315 V.
646 5261 770 5325 244,
805 5257 1087 5312 283-284.

716 5342 772 5407 2)
812 5342 1061 5393 Chronica
1092 5338 1174 5390 42.

715 5422 772 5487 3)
807 5425 868 5474 A.
903 5422 1204 5473 Matthaeus
1238 5419 1302 5470 ad
1341 5419 1626 5470 Auctorem
1660 5417 1927 5468 incertum
1959 5417 2038 5467 Do
2068 5415 2214 5466 rebus
2260 5414 2533 5481 Ulca-aja.
2566 5413 2683 5466 226.

717 5505 772 5563 4)
806 5504 935 5555 Vide
981 5503 1042 5553 A.
1078 5501 1310 5553 Cauchie
1342 5499 1427 5550 La
1461 5498 1679 5564 querella
1712 5498 1798 5548 dee
1829 5497 2152 5548 investituras
2184 5496 2317 5546 dam
2352 5496 2425 5545 les
2457 5495 2672 5546 dioceses
2705 5496 2766 5546 de
2798 5495 2952 5562 Libye
2984 5501 3033 5547 et
3066 5498 3127 5548 de
3166 5497 3402 5548 cambrai
3434 5496 3600 5563 (Lou-

548 5587 673 5637 vain
709 5584 863 5650 1890)
899 5585 940 5635 1.
974 5580 1189 5635 30-33,

718 5665 774 5731 5)
808 5665 912 5717 Cfr.
948 5666 1007 5716 A.
1043 5663 1274 5715 Cauchie
1305 5661 1342 5712 l.
1374 5660 1410 5711 l.

3656 2411 3731 2460 ep.
3769 2394 3985 2444 advorss·

3657 2463 3759 2512 rius
3789 2461 3965 2528 Papae.
