4450 6684
908 443 1037 506 160
2210 441 2546 506 ΌΒΒΑιωε
2590 440 2674 508 V.

900 673 1044 748 tue,
1095 667 1177 732 de
1224 688 1355 754 qua
1400 667 1471 730 in
1515 666 1643 731 hiis
1690 673 1758 731 et
1798 665 1942 731 aliis
1974 665 2325 753 specialem
2359 666 2424 729 in
2459 664 2743 730 Domino
2777 664 3082 729 fiduciam
3117 665 3520 746 obtinemus,
3569 685 3689 751 per
3718 669 3979 750 aposto-

894 774 1021 838 lica
1082 774 1324 860 scripta
1384 773 1851 837 committimus
1912 779 1981 838 et
2028 772 2448 855 mandamus,
2506 773 2813 859 quatinus
2862 771 2944 837 de
2991 765 3323 858 premissis
3370 771 3673 836 omnibus
3722 779 3788 836 et
3837 771 3971 836 sin·

895 880 1066 965 gulis
1128 886 1196 945 et
1257 880 1598 966 presertim
1657 879 1740 944 de
1790 880 2010 945 valore
2057 887 2125 945 et
2172 880 2491 967 qualitate
2538 885 2894 958 terrarum,
2946 880 3431 965 possessionum
3479 885 3548 944 et
3593 877 3967 964 prediorum

888 987 1329 1073 predictorum
1378 1009 1453 1052 ac
1499 986 1582 1052 de
1628 987 1916 1052 utilitate
1961 986 2336 1072 hujusmodi
2385 993 2455 1052 et
2500 987 2644 1051 aliis
2684 987 3189 1051 circumstantiis
3221 986 3572 1069 universis,
3626 1007 3754 1073 que
3785 987 3965 1050 circa

891 1095 1014 1159 hec
1059 1094 1302 1159 fuerint
1349 1093 1782 1175 attendendo,
1831 1095 2207 1178 summarie,
2257 1094 2637 1179 simpliciter
2683 1101 2750 1158 et
2784 1093 2866 1158 de
2898 1093 3093 1178 plano
3127 1092 3507 1178 diligentius
3541 1099 3607 1157 te
3638 1093 3957 1159 informes

894 1206 962 1264 et
1007 1200 1326 1287 quidquid
1374 1221 1491 1286 per
1538 1201 2071 1266 informacionem
2103 1199 2481 1285 hujusmodi
2511 1201 2861 1286 repereris,
2910 1220 3027 1285 per
3060 1205 3206 1264 tuas
3235 1199 3492 1264 litteras
3524 1201 3593 1262 in
3627 1200 3962 1286 publicam

889 1306 1161 1371 formam
1210 1306 1508 1372 redactas
1558 1313 1803 1394 tuoque
1853 1307 2065 1391 sigillo
2114 1307 2403 1391 signatas
2449 1305 2679 1370 harum
2729 1306 2964 1371 seriem
3006 1306 3420 1369 continentes
3453 1304 3736 1369 fideliter
3769 1304 3961 1370 nobis

886 1435 1081 1500 quarn
1130 1415 1321 1478 citius
1368 1413 1734 1499 significare
1782 1433 2118 1500 procures,
2166 1418 2242 1477 ut
2291 1422 2406 1476 tua
2451 1433 2646 1498 super
2691 1413 2819 1476 hiis
2858 1412 3116 1498 plenius
3149 1411 3616 1476 informacione
3649 1412 3952 1476 instructi

884 1541 1080 1607 super
1126 1521 1456 1607 premissis
1505 1519 1873 1585 consulcius
1920 1541 2114 1604 agere
2162 1520 2513 1584 valeamus.
2562 1519 2715 1584 Dat.
2765 1518 2941 1605 apud
2986 1519 3704 1604 Montempessulanum
3735 1519 3958 1603 Maga-

887 1627 1176 1691 lonensis
1224 1625 1538 1708 diocesis,
1587 1626 1654 1691 X
1701 1626 1812 1692 Kl.
1862 1625 2239 1707 Februarii,
2288 1646 2459 1690 anno
2508 1626 2759 1712 quinto.

1313 1759 1427 1821 Περ.
1464 1760 1562 1807 Αυ.
1608 1761 1661 1807 Τ.
1698 1758 1789 1817 15,
1815 1760 1876 1821 s.
1912 1758 2050 1808 344‘.

2104 2022 2586 2030 —-——--—.—-—-—

884 2256 1078 2324 1838.
1587 2257 1786 2337 1367,
1836 2256 2152 2321 Januarii
2198 2261 2326 2340 25,
2383 2280 2488 2342 ap.
2541 2257 3250 2343 Montempessulanum.

1192 2410 1431 2475 Jacobo
1492 2409 1569 2473 de
1630 2408 1821 2473 Velde
1867 2413 2163 2474 canonico
2210 2412 2500 2475 ecclesiae
2547 2411 2613 2474 S.
2666 2410 2853 2474 Petri
2908 2408 3088 2492 Traj.
3138 2409 3499 2472 conceditur
3533 2410 3950 2494 privileyium

1089 2519 1429 2602 plenariae
1463 2523 1867 2601 peccatorum
1918 2518 2301 2581 remissionis
2347 2519 2417 2580 in
2463 2519 2739 2581 articulo
2789 2518 3028 2580 mortis.

1007 2747 1017 2757 -
1105 2701 1420 2767 Provenit
1490 2721 1597 2765 ex.
1628 2749 1642 2763 .
1673 2748 1688 2763 .
1718 2748 1733 2763 .
1820 2701 1972 2765 Dat.
2045 2699 2219 2787 apud
2292 2699 3011 2786 Montempessulanum
3079 2696 3565 2782 Magalonensis
3636 2696 3947 2778 diocesis,

875 2808 1050 2874 VIII
1097 2808 1205 2872 Kl.
1255 2807 1631 2890 Februarii,
1684 2827 1856 2871 anno
1904 2807 2158 2894 quinto.

1296 2943 1421 3006 Ray.
1455 2941 1553 2991 Ao.
1600 2944 1651 2992 T.
1689 2941 1779 3005 15,
1806 2944 1866 3007 s.
1901 2941 2013 2992 511.

2105 3204 2688 3214 ———--—-————

881 3459 1072 3527 1839.
1647 3463 1827 3525 1367
1841 3512 1857 3542 ,
1906 3460 2142 3525 Martii
2189 3463 2263 3542 7,
2312 3481 2418 3543 ap.
2471 3457 3184 3541 Montempessulanum.

1203 3615 1581 3680 Theoderico
1644 3616 1965 3701 Vopponis
1995 3618 2043 3700 ¹)
2079 3615 2451 3701 presbytero
2499 3612 2679 3694 Traj.
2729 3614 2917 3677 dioec.
2967 3612 3328 3677 conceditur
3363 3613 3772 3696 privileqiurn
3803 3612 3946 3695 ple·

1100 3727 1326 3786 nariae
1366 3729 1768 3807 peccatorum
1814 3725 2203 3786 remissionis
2249 3725 2318 3785 in
2365 3722 2642 3784 articulo
2689 3722 2933 3783 morti&

1102 3903 1416 3967 Provenit
1463 3923 1570 3968 ex·
1600 3951 1613 3966 .
1644 3951 1658 3965 .
1687 3950 1702 3966 .
1754 3904 1906 3967 Dat.
1955 3901 2128 3988 apud
2162 3901 2880 3990 Montempessulanum
2915 3901 3401 3987 Magalonensis
3434 3899 3742 3983 diocesis,
3775 3900 3942 3965 Non.

879 4009 1144 4092 Marcii,
1194 4030 1366 4073 anno
1416 4010 1665 4095 quinto.

1301 4145 1420 4206 Rey.
1468 4145 1558 4192 Av.
1603 4145 1656 4192 T.
1693 4143 1781 4203 15,
1806 4144 1864 4205 s.
1904 4142 2039 4192 519».

1032 4289 1087 4354 1)
1124 4289 1293 4340 Codex
1333 4289 1516 4339 habet:
1559 4289 1831 4353 VorponiS.

880 4799 1075 4866 1840.
1874 4802 2084 4882 1367,
2132 4799 2370 4863 Mart-ii
2417 4800 2540 4879 23,
2588 4800 2956 4863 AvenioniS.

1195 4952 1652 5037 Infrascriptis
1698 4954 2067 5034 mandatur,
2116 4959 2187 5016 ut
2234 4952 2530 5017 Johanni
2576 4952 2898 5019 Hobbonis
2944 4957 3240 5019 canonico
3288 4957 3575 5021 ecclesiae
3613 4957 3681 5021 S.
3719 4957 3943 5021 Salva-

1110 5061 1265 5123 toris
1336 5059 1552 5142 Traj.‚
1620 5080 1746 5123 non
1792 5058 2075 5123 obstante
2123 5059 2398 5144 quodam
2445 5059 2650 5122 dictae
2695 5061 2983 5124 ecclesiae
3028 5068 3305 5143 statuto,
3366 5062 3443 5125 de
3485 5062 3805 5145 fructibus
3850 5065 3952 5126 sui

1108 5168 1513 5229 canonicatus
1560 5173 1620 5229 et
1653 5164 2055 5250 praebendae
2099 5168 2341 5249 inteyre
2386 5165 2756 5249 responderi
2798 5166 3068 5248 faciant.

1108 5348 1419 5414 Urbanus
1460 5349 1835 5434 episcopus,
1879 5369 2104 5412 servus
2148 5367 2481 5411 servorum
2526 5346 2680 5428 Dei,
2724 5346 2981 5412 dilectis
3020 5348 3170 5412 filiis
3210 5397 3226 5414 .
3257 5397 3270 5412 .
3315 5349 3538 5415 abbati
3575 5350 3950 5415 monasterii

884 5454 1364 5540 Egmondensis
1412 5455 1857 5539 TraJectensis
1906 5453 2181 5518 diocesis
2215 5460 2284 5517 et
2317 5453 2526 5516 sancti
2557 5452 2849 5537 Agricoli
2881 5454 3348 5519 Avinionensis
3380 5477 3454 5519 ac
3486 5462 3711 5520 sancte
3742 5456 3949 5521 Marie

886 5561 1325 5646 Trajectensis
1373 5563 1794 5626 ecclesiarum
1840 5559 2106 5624 decanis
2152 5559 2431 5622 salutem
2481 5565 2549 5623 et
2595 5560 3015 5645 apostolicam
3075 5564 3099 5644 ΙΙ
3156 5561 3701 5628 benedictionem.
