4450 6684
1862 488 2267 554 Gamonms
2313 486 2435 553 XI.
3554 485 3688 550 285

600 707 821 777 2249.
1610 709 1826 790 1376,
1876 706 2110 771 Martii
2154 708 2278 788 27,
2326 706 2689 770 Avenionis.

932 862 1222 945 Officiali
1292 862 1680 945 Trajectensi
1737 861 2183 940 committitur,
2239 865 2313 922 ut
2358 856 2652 921 Arnoldo
2701 856 2943 921 Gruter
2990 857 3212 921 clerico
3268 855 3450 940 Traj.
3497 856 3690 921 dioec.

840 969 916 1032 de
980 971 1355 1034 canonicatu
1415 976 1473 1033 et
1531 967 1890 1052 praebenda
1910 1015 1926 1048 ,
1991 968 2062 1029 in
2116 965 2370 1029 ecclesia
2417 962 2484 1027 S.
2554 963 2740 1027 Petri
2811 963 2992 1047 Traj.
3045 983 3162 1048 per
3207 964 3691 1048 resiquationem

842 1075 1164 1139 Johannis
1211 1075 1502 1138 Pierwez
1524 1073 1577 1155 1)
1624 1071 2024 1154 vacantibuS,
2063 1070 2397 1155 provideri
2439 1068 2663 1151 faciat.

843 1256 1135 1342 Dignum
1182 1255 1591 1320 arbitramur.
1624 1302 1640 1317 .
1668 1302 1685 1315 .
1714 1300 1730 1317 .
1779 1252 1932 1318 Dat.
1983 1253 2349 1334 Avinione,
2397 1251 2498 1317 VI
2542 1250 2653 1317 Kl.
2702 1251 2985 1339 Aprilis,
3039 1272 3211 1316 anno
3260 1257 3474 1317 sexto.

1045 1391 1267 1453 Περαία
1312 1388 1566 1438 Vaticana
1609 1390 1663 1436 T.
1697 1386 1822 1448 m,
1848 1389 1911 1451 s.
1944 1386 2084 1438 164².

781 1555 833 1617 1)
871 1552 1040 1604 Codex
1077 1553 1260 1603 habet:
1301 1552 1572 1602 Pierimez.

598 2085 816 2155 ΜΟ.
1597 2088 1812 2167 1376,
1858 2087 2116 2170 Aprilis
2160 2086 2279 2167 17,
2329 2085 2688 2148 AvenioniS.

932 2242 1220 2324 Joffrido
1287 2241 1610 2307 Johannis
1656 2248 1968 2326 perpetuo
2029 2241 2358 2325 capellano
2392 2247 2741 2324 perpetuae
2785 2240 3175 2324 capellaniae
3221 2238 3289 2302 S.
3341 2239 3561 2303 Crucis
3607 2238 3676 2302 in

831 2349 1200 2434 parochiali
1268 2350 1521 2413 ecclesia
1596 2345 1718 2427 „de
1788 2345 2216 2411 Zuutkerke’'
2255 2346 2306 2429 1)
2378 2345 2559 2425 Traj.
2621 2346 2809 2410 dioec.
2872 2352 3232 2410 reservatur
3280 2345 3679 2430 parochialis

845 2457 1095 2519 ecclesia
1156 2454 1232 2520 de
1298 2453 1435 2538 Fpe
1494 2461 1834 2536 vacatura,
1903 2455 2374 2538 quamprimum
2434 2451 2767 2515 Arnoldus
2828 2451 2903 2514 de
2968 2450 3204 2536 Campo
3249 2454 3684 2516 canonicatum

847 2568 905 2625 et
964 2560 1393 2645 praebendam
1460 2561 1746 2624 ecclesiae
1817 2558 1999 2641 Traj.
2051 2558 2322 2643 pacifice
2382 2557 2584 2638 fuerit
2643 2564 2962 2621 assecutus
2992 2556 3067 2638 2).
3133 2594 3216 2604 -
3281 2556 3694 2642 Deputantur

849 2675 1216 2731 executores.

846 2848 1003 2915 Vite
1051 2869 1125 2913 ac
1172 2868 1446 2913 morum.
1479 2896 1494 2911 .
1524 2896 1538 2911 .
1567 2895 1584 2911 .
1633 2847 1788 2912 Dat.
1836 2845 2204 2929 Avinione,
2255 2844 2386 2908 XV
2432 2843 2543 2908 Kl.
2590 2843 2785 2929 Maji,
2835 2864 3007 2908 anno
3056 2849 3265 2909 sexto.

1045 2984 1170 3045 Περ.
1206 2984 1303 3033 Αυ.
1349 2984 1404 3032 T.
1437 2982 1527 3046 28,
1551 2983 1609 3048 s.
1642 2980 1784 3032 186».

779 3144 837 3210 1)
875 3144 1191 3209 Znidkerke,
1229 3159 1395 3211 pagus
1428 3144 1555 3196 olim
1589 3144 1822 3195 existens
1858 3143 1915 3193 in
1953 3143 2129 3194 insula
2164 3141 2484 3193 Schouwen.
2683 3140 2740 3206 2)
2775 3140 2882 3192 cst.
2915 3156 3083 3207 supra
3117 3157 3266 3193 num.
3301 3140 3450 3193 2239.

634 3700 825 3768 2251.
1667 3706 1880 3787 1376,
1929 3705 2102 3788 Majz·
2146 3706 2265 3788 14,
2312 3705 2675 3770 Avenionis.

948 3858 1241 3923 Johanni
1301 3858 1408 3941 (de
1475 3858 1716 3943 Arkel)
1778 3861 2060 3944 episcopo
2122 3859 2458 3924 Leodiensi
2500 3859 2698 3923 datur
2741 3859 3026 3942 facultas
3070 3859 3415 3943 recipiendi
3445 3880 3708 3944 permu-

869 3968 1194 4048 tationem,
1257 3985 1450 4050 quam
1511 3964 1889 4030 Wilhelmus
1933 3966 2010 4030 de
2056 3965 2662 4050 Sanctamaryareta
2706 3965 2783 4029 de
2825 3968 3200 4030 canonicatu
3245 3972 3304 4030 et
3337 3964 3707 4050 praebenda

866 4071 1150 4135 ecclesiae
1214 4070 1267 4134 b.
1335 4070 1592 4135 Mariae
1645 4071 1829 4155 Traj.
1878 4079 1937 4136 et
1982 4071 2332 4137 Baldricus
2386 4072 2758 4137 Theodorici
2800 4071 2877 4135 de
2908 4078 3225 4156 perpetua
3272 4072 3514 4136 vicaria
3559 4070 3701 4135 S.S.
3782 4131 3784 4134 .

868 4176 1062 4241 Petri
1104 4185 1163 4242 et
1205 4176 1291 4240 M
1290 4177 1503 4243 athiae
1547 4181 1617 4242 in
1649 4178 2021 4263 parochiali
2064 4179 2318 4243 ecclesia
2364 4178 2440 4243 de
2483 4179 2695 4243 Arkel
2741 4178 2921 4261 Traj.
2962 4179 3149 4244 dioec.
3192 4180 3357 4242 inter
3392 4199 3457 4242 se
3492 4178 3706 4260 facere

849 4291 1241 4368 proponunt.

866 4465 1245 4551 Apostolice
1296 4466 1489 4532 sedis.
1518 4514 1534 4531 .
1567 4519 1579 4533 .
1608 4514 1623 4530 .
1685 4467 1842 4532 Dat.
1892 4467 2258 4551 Avinione,
2308 4465 2377 4529 Π
2422 4465 2520 4530 Id.
2568 4466 2765 4550 Maji,
2814 4486 2986 4531 anno
3035 4470 3244 4530 sexto.

1054 4602 1273 4663 Reyesta
1321 4600 1577 4650 Vaticana
1619 4601 1672 4650 T.
1709 4599 1834 4664 289,
1858 4604 1919 4666 s.
1955 4600 2094 4652 2050.

628 5142 839 5212 2252.
1635 5147 1845 5228 1376,
1897 5147 2069 5230 Maji
2112 5149 2232 5229 23,
2280 5147 2704 5230 (Avenionis).

963 5300 1256 5366 Arnoldo
1327 5301 1403 5363 de
1480 5300 1702 5365 Tricht
1771 5302 2066 5366 canonico
2126 5302 2412 5366 ecclesiae
2471 5300 2525 5364 b.
2586 5298 2844 5364 Mariae
2914 5297 3128 5381 Traj.,
3188 5297 3592 5364 baccalaureo
3637 5300 3707 5362 in

867 5414 1135 5493 utroque
1177 5409 1365 5491 jure,
1426 5406 1845 5488 confirmatur
1894 5406 2294 5492 praebenda,
2364 5427 2557 5493 quam
2617 5407 2687 5468 in
2749 5405 2960 5469 eadem
3015 5404 3268 5468 ecclesia
3302 5425 3428 5489 per
3472 5403 3707 5469 obitum

867 5512 1158 5598 Symonis
1204 5512 1281 5576 de
1326 5512 1667 5577 Binchorst
1710 5521 2034 5578 vacantem
2079 5515 2293 5599 vi90re
2332 5514 2587 5599 qratiae
2630 5511 3079 5596 exspectativae
3122 5529 3165 5573 a
3212 5509 3462 5575 domino
3508 5508 3703 5593 Papa

866 5621 1241 5704 impetratae
1286 5621 1647 5704 acceptavit.
1680 5619 1729 5701 ¹)
