4450 6684
894 487 1029 553 264
2151 492 2554 558 Ganoonms
2599 493 2720 558 XI.

1249 709 1479 774 episcopi
1519 709 1948 773 jurisdictionem
1990 710 2152 761 fuerit
2195 711 2530 763 satisfactum
2577 718 2739 777 atque
2784 713 3058 778 episcopus
3100 715 3261 765 occisi
3305 728 3499 778 corpus
3541 716 3623 766 vel
3671 717 3895 767 cadaver
3927 719 3986 769 in

1250 808 1348 844 sua
1383 794 1685 858 praesentia
1718 808 1825 844 non
1862 794 2080 859 habeat,
2118 809 2211 858 per
2245 796 2424 845 omnia
2461 796 2624 846 veluti
2659 797 2724 846 ad
2759 797 2926 861 partis
2960 802 3102 848 esset
3136 798 3453 849 instantiam
3487 800 3685 863 punire
3720 801 3905 853 valeat.

1313 876 1650 925 Neerlandice
1694 876 1833 940 apud
1879 877 2103 925 Dmbar
2148 878 2402 927 Analecta
2448 878 2534 928 II.
2581 876 2707 939 ³03,
2754 883 2802 927 st
2845 879 2900 927 in
2955 878 3156 930 Kerkel.
3191 880 3429 929 Historia
3461 897 3522 929 en
3560 883 3820 932 ostkedaen
3855 885 3988 941 (Be-

1247 961 1516 1025 achram
1559 961 1651 1009 der
1690 960 2011 1024 bksehoppel.
2056 965 2256 1010 mantea
2298 977 2357 1011 sn
2401 962 2592 1026 :cyclon
2633 964 2766 1012 door
2812 963 2873 1012 Γ.
2909 979 3010 1012 van
3044 963 3255 1026 Hier-is)
3303 964 3401 1014 VI.
3435 963 3525 1027 53,
3573 966 3664 1016 sed
3701 968 3986 1033 utrobique

1246 1059 1468 1094 erronee
1515 1044 1683 1093 relata
1717 1044 1783 1092 ad
1818 1043 1959 1093 diem
1993 1043 2059 1093 25
2094 1042 2427 1108 Decembris;
2476 1045 2705 1109 diploma
2741 1045 2913 1096 Caroli
2945 1046 3287 1097 neerlandice
3321 1047 3378 1096 in
3416 1047 3568 1098 libris
3603 1048 3834 1100 laudatis
3867 1052 3901 1101 1.
3935 1067 3980 1103 c.

1248 1133 1301 1178 et
1336 1128 1473 1190 apud
1510 1143 1611 1178 van
1650 1126 1829 1177 Hier-is
1866 1125 2227 1178 Charterboek
2265 1128 2362 1179 111.
2398 1127 2521 1192 153,
2561 1129 2662 1179 sub
2698 1129 2781 1180 die
2817 1130 2884 1179 25
2918 1129 3082 1180 Junii.

1045 1255 1102 1320 1)
1140 1255 1237 1308 Hic
1271 1257 1444 1320 locus,
1480 1256 1782 1319 incipiendo
1816 1271 1869 1306 a:
1907 1256 2085 1320 „quod
2118 1256 2427 1320 episcopns”
2462 1263 2561 1308 etc.
2597 1259 2760 1308 etiam
2795 1259 2992 1324 legitur
3023 1260 3164 1323 apud
3202 1257 3393 1309 matth.
3429 1258 3585 1311 Anal.
3622 1260 3660 1311 1.
3698 1261 3815 1313 662

1042 1337 1098 1402 ⁸2)
1136 1338 1199 1389 In
1235 1338 1536 1404 apographo
1574 1336 1949 1400 ultrajectino:
1987 1336 2493 1403 Nuremburgensis.

884 1824 1085 1892 2203.
1819 1830 2036 1910 1374,
2092 1827 2446 1893 Decembris
2489 1831 2606 1910 24,
2657 1831 3017 1893 avenionis.

1198 1980 1633 2063 Confirmatur
1652 1983 2096 2067 privileyiurn,
2131 1982 2302 2067 quod
2331 2004 2372 2046 a
2408 1980 2638 2045 Garolo
2671 1981 2717 2044 I
2731 1981 2790 2043 V
2818 1983 3194 2065 imperatore
3224 1980 3555 2046 Johannes
3584 1983 3694 2066 (de
3717 1984 3956 2068 Arkel)

1108 2090 1430 2172 episcopus
1456 2087 1818 2152 Leodiensis
1852 2089 1952 2151 die
1982 2091 2072 2152 26
2095 2088 2290 2152 Junii
2320 2110 2426 2152 an.
2454 2091 2630 2152 1364
2665 2087 2965 2170 obtinuit,
2998 2090 3135 2152 scil.
3170 2089 3340 2173 quod
3370 2091 3643 2175 episcopi
3674 2090 3855 2170 Traj.
3888 2093 3956 2155 in

1106 2194 1454 2258 subsidium
1502 2195 1882 2276 defensionis
1929 2203 2284 2259 castrorum
2317 2216 2577 2259 suorum
2609 2195 2685 2258 de
2716 2194 2998 2258 omnibus
3031 2194 3234 2276 bonis,
3285 2217 3448 2280 quae
3473 2218 3599 2281 per
3629 2196 3953 2261 districtus

1104 2301 1225 2364 sibi
1257 2303 1685 2386 temporaliter
1716 2301 2017 2384 subjectos
2048 2303 2442 2396 inducuntur
2472 2303 2570 2365 vel
2599 2302 3021 2384 abducuntur,
3057 2302 3406 2366 theloneum
3445 2303 3649 2367 levare
3679 2305 3950 2368 valeant.

1105 2483 1459 2567 Gregorius
1507 2483 1889 2570 episcopus,
1939 2504 2165 2548 servus
2212 2505 2546 2550 servorum
2595 2486 2756 2568 Dei,
2807 2486 2889 2550 ad
2939 2493 3326 2572 perpetuam
3374 2488 3470 2552 rei
3517 2491 3920 2554 memoriam.

1104 2589 1291 2669 Hiis,
1359 2610 1484 2674 que
1548 2611 1664 2676 pro
1729 2590 2311 2654 ecclesiasticarum
2376 2613 2800 2677 personarum
2866 2592 3154 2657 utilitate
3219 2593 3489 2678 provide
3537 2595 3712 2658 facta
3759 2602 3947 2676 sunt,

877 2702 953 2760 ut
1013 2696 1266 2760 illibata
1327 2697 1723 2779 consistant,
1770 2697 2053 2761 libenter
2101 2696 2416 2762 adicimus
2465 2699 2805 2784 apostolici
2853 2700 3231 2763 muniminis
3278 2699 3673 2766 firmitatem.
3775 2703 3946 2766 Sane

877 2805 1111 2891 petitio
1174 2827 1290 2891 pro
1352 2811 1539 2893 parte
1606 2805 1996 2871 venerabilis
2060 2805 2280 2870 fratris
2342 2808 2548 2871 nostri
2598 2804 3214 2895 Arnoldi‘episcopi
3265 2810 3705 2893 Trajectensis
3754 2809 3944 2874 nobis

873 2932 1084 2997 nuper
1148 2911 1446 2977 exhibita
1509 2913 1929 2994 continebat,
1994 2912 2168 2998 quod
2218 2912 2368 2977 olim
2421 2914 2790 2978 carissimus
2837 2916 2906 2978 in
2955 2914 3215 2979 Christo
3264 2915 3436 2979 filius
3487 2915 3758 2980 Carolus
3807 2917 3947 2981 Ro·

879 3038 1222 3082 manorum
1284 3020 1639 3105 imperator
1701 3040 1958 3105 semper
2004 3025 2323 3104 augustus
2372 3020 2761 3102 attendens,
2822 3020 2995 3107 quod
3045 3021 3294 3086 fructus
3344 3029 3410 3086 et
3457 3029 3814 3108 proventus
3860 3021 3943 3085 ad

878 3146 1170 3190 mensam
1220 3126 1656 3211 episcopalem
1703 3126 2193 3210 Trajectensem
2242 3127 2650 3211 pertinentes
2698 3126 2864 3191 adeo
2912 3133 3099 3191 erant
3147 3128 3502 3209 attenuati,
3554 3126 3728 3214 quod
3768 3126 3944 3191 idem

874 3232 1218 3318 episcopus
1264 3238 1531 3318 propter
1578 3253 2013 3318 expensarum
2062 3232 2393 3297 defectum
2440 3254 2572 3298 non
2620 3232 2884 3298 valebat
2933 3240 3139 3298 terras
3189 3255 3338 3298 suas
3387 3241 3453 3298 et
3501 3234 3775 3299 ecclesie
3824 3255 3939 3298 sue

871 3361 947 3403 ac
1010 3346 1402 3404 mercatores
1466 3340 1614 3423 (sic)
1674 3346 1742 3404 et
1789 3340 1950 3404 alios
1996 3339 2295 3405 homines
2345 3361 2462 3426 per
2507 3341 2653 3404 illas
2701 3346 3117 3405 transeuntes
3167 3363 3206 3404 a
3254 3342 3754 3426 spoliatoribus,
3803 3363 3945 3428 pre-

872 3445 1153 3510 donibus
1201 3466 1274 3510 ac
1323 3446 1467 3510 aliis
1513 3446 1861 3510 hostilibus
1902 3447 2272 3511 incursibus
2307 3447 2648 3512 defensare
2682 3453 2750 3511 et
2783 3445 2957 3533 quod
2991 3468 3107 3532 pro
3143 3446 3524 3512 defensione
3561 3448 3936 3534 hujusmodi

870 3553 1271 3635 Vredelant,
1335 3552 1710 3637 Eymbruke
1740 3554 1828 3635 ¹),
1894 3553 2268 3618 Erkelstein
2319 3560 2388 3618 et
2435 3553 2871 3639 Herdenberg
2920 3559 3132 3618 castra
3178 3555 3618 3639 Trajectensis
3667 3555 3940 3621 diocesis

871 3666 1244 3724 constructa
1292 3662 1683 3742 extiterant,
1738 3681 1865 3746 que
1914 3660 1996 3724 de
2043 3661 2235 3724 bonis
2284 3659 2365 3724 ad
2416 3660 2646 3725 eadem
2696 3668 2908 3725 castra
2955 3661 3437 3747 pertinentibus
3471 3682 3604 3725 non
3637 3669 3942 3747 poterant

867 3787 1152 3851 congrue
1218 3767 1606 3848 sustentari,
1677 3766 1850 3830 dicto
1916 3767 2219 3852 episcopo
2291 3774 2358 3831 et
2422 3768 2555 3831 suis
2614 3767 3097 3831 successoribus
3146 3788 3229 3830 ex
3279 3789 3396 3831 sua
3443 3773 3622 3831 certa
3670 3769 3942 3832 scientia

862 3874 1343 3959 imperpetuum
1407 3874 1728 3938 concessit
1794 3880 1862 3937 et
1925 3874 2123 3938 etiam
2186 3873 2477 3938 indulxit
2522 3874 2705 3957 (sic),
2773 3881 2847 3937 ut
2892 3874 2962 3937 in
3012 3874 3375 3938 subsidium
3424 3873 3824 3938 defensionis
3871 3881 3938 3938 et

870 3982 1383 4067 supportationis
1431 3980 1873 4066 predictorum
1922 3979 2004 4044 ab
2048 3981 2353 4044 omnibus
2385 3981 2604 4061 bonis,
2658 4001 2783 4066 que
2816 3980 3287 4045 inducerentur
3320 3981 3426 4043 vel
3456 3980 3940 4044 abducerentur

865 4109 983 4173 per
1017 4088 1408 4173 temporales
1443 4087 1776 4150 districtus
1809 4109 1883 4150 ac
1920 4093 2126 4150 terras
2159 4087 2265 4150 vel
2299 4108 2501 4172 aquas
2534 4086 2615 4151 ad
2650 4107 2943 4151 mensam
2979 4088 3414 4173 episcopalem
3446 4088 3936 4171 Trajectensem

864 4194 1060 4279 pleno
1101 4196 1251 4279 jure
1301 4199 1708 4279 spectanteS‚
1758 4193 1826 4255 in
1877 4193 2113 4278 quibus
2163 4192 2507 4278 episcopus
2554 4192 2996 4277 Trajectensis
3035 4191 3562 4277 jurisdictionem
3595 4192 3939 4256 obtinebat

862 4303 1325 4387 temporalem,
1393 4302 1633 4364 totiens
1698 4301 2001 4385 quotiens
2049 4299 2294 4363 ibidem
2345 4298 2958 4380 transveherentur,
3019 4299 3398 4363 theloneum
3447 4304 3632 4363 tante
3682 4299 3938 4384 quanti-

863 4409 1053 4488 tatis,
1102 4415 1298 4493 prout
1346 4407 1542 4471 vicini
1591 4407 1690 4470 sui
1738 4407 2065 4492 principes
2114 4412 2228 4468 aut
2276 4405 2552 4469 comites
2601 4402 2678 4468 in'
2719 4406 2907 4469 terris
2956 4426 3182 4470 eorum
3225 4405 3630 4490 recipiebant
3673 4411 3741 4468 et
3780 4407 3937 4469 reci-

860 4535 1016 4601 pere
1063 4521 1569 4594 consueverant,
1619 4515 1905 4599 recipere
1958 4513 2251 4576 valerent
2300 4518 2366 4575 et
2411 4512 2630 4575 levare
2681 4518 2748 4575 et
2781 4509 2954 4597 quod
2988 4510 3200 4575 incole
3234 4511 3524 4595 parcium
3558 4510 3936 4575 earumdem

861 4625 1059 4688 etiam
1120 4622 1496 4706 hujusmodi
1562 4620 1939 4685 theloneum
2005 4618 2086 4683 de
2151 4619 2341 4682 bonis
2389 4620 2523 4682 suis
2571 4620 2740 4682 sicut
2788 4619 3085 4683 extranei
3111 4619 3165 4702 2)
3214 4619 3467 4681 solvere
3520 4623 3935 4698 tenerentur,

861 4738 928 4794 et
990 4751 1121 4793 non
1186 4730 1418 4792 dantes
1483 4729 1586 4792 vel
1648 4728 1899 4791 solvere
1964 4732 2342 4791 recusantes
2406 4726 2785 4790 theloneum
2834 4724 3214 4810 hujusmodi
3262 4745 3434 4809 pena
3480 4724 3718 4808 viginti
3767 4747 3932 4788 mar-

860 4834 1127 4898 charum
1190 4834 1367 4915 auri,
1431 4834 1675 4897 totiens
1741 4833 2045 4918 quotiens
2110 4833 2269 4897 talia
2332 4832 2583 4896 solvere
2649 4831 3061 4917 negligerent
3129 4851 3245 4895 seu
3304 4835 3715 4911 recusarent,
3767 4851 3937 4894 com-

857 4941 1102 5026 pellere
1164 4942 1462 5005 valerent
1522 4946 1591 5004 et
1654 4940 2007 5020 mulctare,
2072 4944 2270 5024 prout
2316 4938 2386 5001 in
2433 4938 2672 5001 litteris
2721 4936 3070 5001 autenticis
3119 4935 3272 5000 inde
3322 4935 3675 5017 confectis,
3729 4936 3933 5021 ipsius

858 5048 1270 5133 imperatoris
1332 5048 1545 5133 sigillo
1607 5047 1912 5127 munitis,
1977 5067 2252 5131 quarum
2322 5052 2615 5109 tenorem
2682 5044 2762 5107 de
2810 5044 3010 5108 verbo
3061 5041 3141 5106 ad
3191 5042 3465 5106 verbum
3511 5042 3927 5127 presentibus

858 5154 1057 5218 inseri
1105 5155 1405 5237 fecimus,
1455 5154 1713 5241 plenius
1763 5153 2151 5217 continetur.
2226 5151 2441 5226 Quare
2490 5171 2607 5237 pro
2657 5157 2842 5236 parte
2892 5150 3048 5213 dicti
3091 5147 3369 5214 Arnoldi
3412 5149 3701 5234 episcopi
3743 5149 3934 5212 nobis

858 5262 1083 5326 extitit
1142 5262 1477 5326 humiliter
1540 5261 2015 5347 supplicatum,
2081 5265 2156 5322 ut
2220 5259 2626 5322 concessioni
2674 5264 2741 5321 et
2785 5257 3041 5320 indulto
3092 5254 3468 5340 hujusmodi
3517 5275 3635 5340 per
3685 5254 3932 5320 dictum

855 5367 1174 5433 Karolum
1219 5370 1716 5455 imperatorem,
1767 5374 1840 5432 ut
1886 5367 2239 5452 prefertur,
2289 5365 2477 5429 factis
2511 5364 3020 5429 confirmationis
3055 5363 3253 5426 robur
3287 5361 3545 5426 adicere
3579 5360 3662 5426 de
3700 5362 3928 5447 benig-

855 5475 1065 5539 nitate
1128 5477 1486 5561 apostolica
1534 5474 1970 5560 dignaremur.
2061 5473 2201 5538 Nos
2250 5473 2486 5558 igitur,
2534 5471 2911 5556 hujusmodi
2957 5470 3546 5557 supplicationibus
3593 5469 3927 5550 inclinati,

857 5583 1345 5647 concessionem
1406 5589 1473 5647 et
1533 5582 1864 5646 indultum
1908 5579 2241 5666 predicta,
2291 5599 2419 5665 que
2467 5578 2549 5642 ad
2598 5579 2867 5642 clericos
2916 5599 3033 5642 seu
3081 5597 3396 5663 personas
3444 5575 3923 5641 ecclesiasticas

858 5686 1260 5752 declaramus
1308 5688 1720 5773 aliquatenus
1769 5707 1901 5751 non
1949 5684 2250 5768 extendi,
2301 5706 2434 5749 non
2482 5684 2894 5749 obstantibus
2943 5684 3276 5748 nonnullis
3322 5683 3539 5747 verbis
3570 5684 3643 5746 in
3680 5682 3926 5748 eisdem
