4450 6684
936 501 1069 566 214
2187 491 2589 556 Gnnoonms
2634 490 2756 556 XI.

936 722 1220 789 crecioni
1288 725 1401 786 tue
1471 738 1590 806 per
1659 716 2020 804 apostolica
2087 715 2330 801 scripta
2397 713 2818 795 mandamus,
2892 715 3200 800 quatinus
3270 713 3519 779 vocatis
3581 715 3695 800 qui
3752 714 4001 779 fuerint

933 826 1249 894 evocandi
1312 833 1380 890 et
1442 822 1683 889 auditis
1743 822 1898 887 hinc
1956 821 2113 886 inde
2158 821 2547 908 propositis,
2597 818 2773 905 quod
2819 819 3208 884 canonicum
3253 819 3454 884 fuerit
3500 820 3883 905 simpliciter
3929 824 3998 884 et

933 933 1015 1001 de
1060 935 1257 1021 plano
1304 939 1374 999 et
1420 932 1562 996 sine
1608 930 1888 1015 strepitu
1927 935 1996 993 et
2035 927 2245 1012 figura
2265 927 2530 1011 judicii,
2573 927 3023 1013 appellacione
3055 932 3335 1008 remota,
3371 925 3714 1007 decernas,
3744 925 3996 991 faciens

929 1041 1106 1129 quod
1169 1039 1534 1105 decreveris
1580 1057 1697 1124 per
1741 1055 2083 1101 censuram
2132 1033 2640 1098 ecclesiasticam
2686 1033 2961 1098 firmiter
3006 1033 3360 1098 observari.
3455 1033 3689 1098 Testes
3735 1039 3989 1116 autem,

931 1151 1044 1235 qui
1089 1149 1335 1214 fuerint
1381 1146 1730 1227 nominati,
1780 1144 1835 1207 si
1882 1164 1952 1208 se
2000 1144 2239 1228 gratia,
2290 1141 2440 1207 odio
2492 1142 2599 1206 vel
2647 1142 2879 1207 timore
2929 1141 3411 1222 subtraxerint,
3459 1162 3735 1206 censura
3773 1142 3999 1225 simili,

930 1256 1378 1341 appellacione
1436 1257 1771 1333 cessante,
1831 1250 2183 1336 compellas
2230 1249 2496 1313 veritati
2546 1249 2998 1313 testimonium
3049 1249 3431 1335 perhibere3
3480 1269 3614 1313 non
3661 1249 4001 1331 obstante,

929 1363 983 1425 si
1031 1361 1280 1426 eisdem
1328 1360 1575 1425 decano
1623 1364 1693 1423 et
1739 1356 2026 1442 capitulo
2075 1355 2181 1420 vel
2231 1355 2568 1441 quibusvis
2617 1355 2762 1419 aliis
2809 1356 3251 1420 communiter
3296 1356 3403 1420 vel
3449 1353 3708 1419 divisim
3754 1377 3794 1420 a
3841 1354 3998 1421 sede

932 1467 1294 1555 apostolica
1339 1467 1424 1530 sit
1470 1465 1828 1546 indultum,
1877 1461 2053 1548 quod
2102 1460 2438 1543 interdici,
2486 1460 2798 1546 suspendi
2848 1461 2951 1526 vel
2993 1461 3544 1526 excommunicari
3573 1482 3706 1525 non
3740 1462 3993 1547 possint

925 1595 1043 1660 per
1107 1574 1362 1637 litteras
1425 1570 1818 1659 apostolicas
1881 1589 2014 1632 non
2073 1567 2390 1632 facientes
2451 1566 2716 1652 plenam
2780 1573 2849 1632 et
2913 1587 3291 1653 expressam
3353 1588 3428 1631 ac
3493 1567 3574 1632 de
3645 1568 3846 1632 verbo
3913 1568 3994 1632 ad

922 1679 1191 1744 verbum
1260 1678 1343 1743 de
1407 1676 1665 1740 indulto
1731 1673 2107 1759 hujusmodi
2170 1674 2604 1738 mencionem.
2679 1673 2829 1737 Dat.
2880 1673 3248 1755 Avinione,
3297 1673 3506 1738 XIIII
3551 1673 3643 1737 Kl
3713 1674 3993 1760 Aprilis,

921 1807 1095 1851 anno
1143 1783 1455 1850 secunde.

1337 1918 1464 1979 Ray.
1498 1918 1597 1966 Ac.
1642 1917 1693 1965 T.
1732 1913 1822 1978 13,
1847 1916 1909 1978 s.
1944 1913 2086 1962 276³.

919 2336 1122 2406 2049.
1920 2336 2137 2415 1372,
2186 2335 2446 2418 Aprilis
2493 2336 2574 2415 9,
2622 2334 2990 2398 Avenionis.

1237 2490 1594 2573 (Arnoldo)
1655 2491 1938 2573 episcopo
2009 2486 2188 2568 Traj.
2239 2489 2682 2570 committitur,
2731 2496 2804 2552 ut
2849 2509 3106 2551 causam
3154 2489 3381 2552 audiat
3427 2497 3485 2554 et
3530 2488 3823 2553 decernat
3857 2510 3983 2574 pro

1146 2597 1302 2662 Elia
1361 2597 1438 2660 de
1500 2595 1699 2660 Oerde
1761 2600 1996 2658 rectore
2047 2593 2451 2678 parochialis
2511 2594 2798 2658 ecclesiae
2861 2596 2929 2657 in
2981 2594 3175 2677 Hier,
3224 2597 3338 2679 qui
3383 2616 3446 2659 se
3491 2594 3578 2658 ad
3621 2595 3983 2660 solvendum

1146 2700 1437 2768 Johanm·
1480 2703 1556 2766 de
1602 2699 2055 2784 Steenberyhen
2104 2701 2400 2763 canonico
2448 2698 2921 2784 Zutphaniensi
2965 2703 3101 2764 100
3148 2709 3353 2765 scutos
3401 2704 3552 2765 auri
3596 2702 3912 2786 obliyavit.

1145 2884 1526 2950 Venerabili
1573 2884 1757 2948 fratri
1805 2884 2110 2970 episcopo
2159 2882 2566 2968 TraJectensi
2614 2883 2892 2947 salutem
2941 2891 3049 2948 etc.

1147 2992 1463 3058 Exhibita
1521 2990 1710 3056 nobis
1756 3011 1873 3076 pro
1922 2994 2107 3077 parte
2158 2988 2381 3054 dilecti
2428 2989 2546 3052 filii
2592 2989 2808 3074 Helye
2859 2988 2938 3055 de
2987 2989 3202 3055 Oerde
3250 2991 3522 3056 rectoris
3568 2992 3984 3076 parrochialis

921 3100 1198 3165 ecclesie
1260 3099 1329 3162 in
1391 3098 1558 3162 Hier
1619 3096 2059 3183 Trajectensis
2108 3095 2386 3161 diocesis
2433 3095 2667 3182 petitio
2716 3096 3135 3180 continebat,
3185 3097 3398 3183 quod,
3446 3096 3602 3163 licet
3649 3099 3803 3163 olim
3851 3100 3989 3186 ipse

917 3206 1161 3272 dictam
1221 3205 1692 3293 parrochialem
1754 3203 2095 3268 ecclesiam
2142 3210 2300 3267 tunc
2348 3224 2464 3290 per
2511 3202 2762 3267 obitum
2809 3203 3140 3288 quondam
3188 3204 3501 3288 Heynrici
3552 3205 3633 3270 de
3679 3205 3980 3270 Moliaert

921 3315 1126 3401 ipsius
1173 3313 1446 3379 ecclesie
1494 3312 1763 3376 rectoris
1810 3315 2152 3376 vacantem
2202 3310 2592 3374 auctoritate
2625 3310 2983 3395 apostolica
3014 3316 3353 3375 assecutus
3385 3311 3615 3376 fuisset
3647 3313 3988 3397 canonice,

923 3425 1145 3485 tamen
1193 3419 1472 3484 dilectus
1517 3418 1691 3482 filius
1738 3416 2076 3483 Johannes
2124 3416 2206 3481 de
2250 3415 2749 3501 Steenberghen
2781 3416 3134 3481 canonicus
3166 3418 3441 3482 ecclesie
3472 3419 3988 3505 Zuephaniensis

922 3529 1072 3612 (sic)
1135 3526 1307 3591 dicte
1357 3525 1661 3608 diocesis,
1712 3525 1822 3611 qui
1866 3524 2080 3589 laicali
2129 3523 2434 3587 suffultus
2481 3523 2786 3608 potencia
2833 3524 3182 3588 nonnullos
3227 3524 3477 3589 fructus
3520 3526 3726 3612 ipsius
3772 3548 3988 3613 parro-

923 3634 1150 3699 chialis
1199 3633 1471 3699 ecclesie
1521 3632 1601 3696 de
1649 3633 1821 3696 facto
1871 3628 2260 3696 vendiderat
2308 3635 2375 3694 et
2423 3630 2854 3711 alienaverat,
2903 3651 3201 3695 asserens
3242 3631 3480 3696 dictam
3522 3634 3866 3699 ecclesiam
3906 3633 3987 3698 ad

926 3760 995 3805 se
1058 3745 1386 3825 spectare,
1453 3738 1794 3824 impedivit
1857 3736 1939 3801 de
2001 3737 2210 3818 facto,
2277 3735 2623 3822 quominus
2687 3732 2864 3800 idem
2928 3735 3178 3822 Helyas
3225 3736 3462 3803 dictam
3515 3739 3988 3825 parrochialem

925 3845 1263 3910 ecclesiam
1325 3850 1548 3931 posset
1610 3844 1879 3930 pacifice
1927 3842 2297 3928 possidere,
2353 3843 2698 3927 ipsumque
2747 3841 3031 3927 Helyam
3080 3864 3275 3929 super
3321 3842 3553 3908 eadem
3601 3844 3880 3909 ecclesia
3926 3851 3990 3910 et

922 3955 1065 4037 ejus
1128 3953 1465 4017 occasione
1535 3950 1764 4015 tandiu
1827 3950 2220 4036 inquietavit
2270 3955 2337 4013 et
2383 3949 2791 4030 molestavit,
2843 3949 3053 4014 donec
3099 3950 3275 4015 idem
3321 3950 3572 4036 Helyas
3620 3973 3689 4017 se
3737 3953 3822 4016 ad
3871 3954 3989 4017 sol-

923 4058 1207 4124 vendum
1258 4058 1431 4122 dicto
1480 4058 1523 4123 J
1527 4057 1771 4122 ohanni
1818 4063 2083 4121 centum
2131 4056 2436 4141 antiquos
2469 4060 2689 4119 scutos
2722 4057 2860 4120 auri
2896 4062 3230 4142 tamquam
3264 4078 3349 4121 ex
3381 4079 3577 4123 causa
3606 4060 3746 4123 veri
3778 4060 3987 4124 mutui

923 4165 1048 4230 sibi
1095 4165 1381 4247 debitos,
1430 4164 1728 4229 confecto
1776 4162 2017 4228 exinde
2050 4161 2333 4247 quodam
2365 4162 2628 4247 publico
2660 4161 3128 4246 instrumento,
3180 4164 3497 4250 obligavit
3526 4165 3598 4229 in
3628 4166 3986 4231 maximum

921 4273 1126 4359 ipsius
1174 4271 1389 4357 Helye
1436 4271 1872 4358 prejudicium
1918 4275 1986 4334 et
2034 4289 2406 4354 gravamen.
2503 4268 2719 4343 Quare
2765 4289 2883 4354 pro
2929 4275 3116 4355 parte
3166 4269 3323 4335 dicti
3364 4271 3581 4357 Helye
3628 4269 3832 4337 nobis'
3865 4274 3988 4337 fuit
4057 4329 4061 4333 Α

922 4377 1257 4443 humiliter
1304 4376 1777 4463 supplicatum,
1825 4380 1900 4440 ut
1946 4374 2289 4461 providere
2341 4375 2399 4438 ei
2451 4394 2646 4460 super
2692 4376 3023 4460 premissis
3077 4375 3158 4441 de
3188 4377 3601 4463 benignitate
3634 4379 3988 4464 apostolica

923 4484 1361 4572 dignaremur.
1452 4484 1591 4550 Nos
1655 4483 1915 4568 itaque,
1980 4481 2358 4567 hujusmodi
2404 4482 3001 4567 supplicacionibus
3047 4483 3383 4566 inclinati,
3431 4484 3829 4551 fraternitati
3876 4493 3985 4549 tue

923 4612 1040 4676 per
1109 4590 1467 4677 apostolica
1536 4589 1780 4674 scripta
1849 4586 2272 4669 mandamus,
2343 4589 2687 4672 quatinus,
2759 4587 3007 4652 vocatis
3078 4589 3192 4674 qui
3253 4589 3497 4654 fuerint
3558 4590 3878 4656 evocandi
3926 4594 3990 4654 et

923 4695 1162 4761 auditis
1210 4695 1362 4759 hinc
1408 4695 1561 4759 inde
1608 4694 1990 4781 propositis,
2042 4692 2217 4779 quod
2266 4693 2651 4757 canonicum
2698 4693 2926 4777 fuerit,
2977 4695 3425 4781 appellacione
3457 4704 3736 4779 remota,
3769 4697 3987 4763 decer-

921 4822 1077 4885 nas,
1151 4802 1397 4866 faciens
1465 4801 1640 4887 quod
1713 4800 2076 4865 decreveris
2146 4820 2264 4885 per
2316 4820 2657 4864 censuram
2725 4801 3235 4867 ecclesiasticam
3305 4802 3579 4868 firmiter
3639 4804 3985 4870 observari.

924 4908 1155 4973 Testes
1204 4913 1465 4988 autem,
1513 4907 1627 4993 qui
1673 4906 1916 4971 fuerint
1961 4906 2318 4987 nominati,
2368 4906 2423 4968 si
2471 4927 2541 4970 se
2588 4906 2825 4991 gratia,
2877 4907 3026 4971 odio
3074 4909 3179 4972 vel
3230 4909 3461 4974 timore
3510 4910 3986 4991 subtraxerint,

924 5036 1200 5079 censura
1246 5013 1475 5098 simili,
1523 5013 1970 5100 appellacione
2020 5018 2320 5077 cessante
2342 5061 2358 5094 ,
2408 5012 2759 5096 compellas
2806 5014 3069 5078 veritati
3116 5016 3563 5080 testimonium
3608 5016 3988 5101 perhibere;

925 5141 1058 5185 non
1123 5121 1466 5202 obstante,
1533 5120 1586 5183 si
1635 5118 1848 5184 eidem
1895 5118 2190 5183 Johanni
2238 5118 2343 5182 vel
2391 5118 2729 5203 quibusvis
2776 5119 2920 5183 aliis
2968 5122 3403 5186 communiter
3448 5122 3554 5187 vel
3601 5122 3860 5186 divisim
3906 5122 3984 5186 ab

925 5228 1153 5293 eadem
1203 5228 1287 5291 sit
1334 5226 1490 5291 sede
1536 5225 1898 5307 indultum,
1948 5225 2122 5311 quod
2166 5223 2506 5306 interdici,
2554 5225 2865 5310 suspendi
2898 5227 3002 5291 vel
3036 5229 3585 5293 excommunicari
3619 5250 3753 5293 non
3786 5227 3986 5316 possit

923 5355 1040 5422 per
1086 5334 1339 5399 litteras
1387 5333 1776 5419 apostolicas
1820 5352 1953 5396 non
1985 5330 2306 5396 facientes
2339 5330 2600 5418 plenam
2635 5337 2703 5395 et
2736 5351 3115 5416 expressam
3147 5354 3223 5399 ac
3256 5334 3338 5398 de
3370 5334 3570 5399 verbo
3603 5334 3687 5399 ad
3717 5336 3985 5401 verbum

928 5441 1010 5507 de
1055 5443 1313 5507 indulto
1360 5440 1736 5527 hujusmodi
1782 5442 2213 5506 mencionem.
2265 5440 2417 5503 Dat.
2466 5438 2822 5523 Avinione,
2876 5441 2938 5505 V
2984 5439 3082 5505 Id.
3133 5442 3410 5528 Aprilis,
3459 5463 3631 5508 anno
3680 5444 3982 5509 secundo·

1343 5575 1469 5637 Ray.
1504 5576 1603 5623 Δυ.
1649 5576 1703 5623 Τ.
1736 5572 1827 5636 13,
1852 5575 1915 5637 s.
1948 5573 2063 5623 261.
