4450 6684
822 555 893 601 1v
2099 528 2586 593 Inraonucrro.

823 750 1091 838 grapha.
1162 750 1374 815 Recte
1423 754 1642 814 tamen
1691 745 1925 833 aliquis
1972 742 2374 825 consideret,
2424 762 2589 828 opus
2634 740 2972 806 laudatum
3023 744 3229 804 totam
3269 739 3617 827 complecti
3649 738 3872 804 Wcst·

823 857 1146 943 phaliam,
1210 854 1254 919 i.
1319 874 1376 917 e.
1444 851 1842 918 territorium
1902 849 1969 914 in
2040 853 2351 935 quattuor
2413 846 2779 927 dioeceses,
2840 844 3425 909 Monasteriensem
3487 843 3659 926 scil.,
3707 842 3876 907 Min-

824 960 1122 1041 densem,
1173 957 1779 1043 osnabrugensem,
1827 953 2445 1020 Paderburnensem
2493 949 2774 1014 divisum
2821 953 2889 1014 et
2935 953 3276 1034 praeterea
3322 947 3404 1012 ad
3455 950 3620 1013 fines
3667 947 3865 1012 etiam

826 1064 1251 1131 Colonienses
1297 1061 1533 1149 partim
1582 1080 1726 1126 sese
1773 1057 2164 1123 extendens.

467 1172 781 1236 Autographa
1053 1167 1236 1232 Inter
1296 1165 1654 1253 diplomata
1713 1162 2051 1251 pontificia
2114 1161 2281 1242 405,
2332 1179 2499 1244 quae
2547 1178 2664 1243 pro
2711 1177 2879 1222 saec.
2929 1156 3102 1222 XIII
3149 1158 3417 1244 collegi,
3467 1157 3874 1243 autographa

478 1257 600 1290 ⁸⁸⁸⁸⁸
637 1238 775 1288 ΜΠ
828 1271 1193 1339 ascendunt
1253 1269 1336 1335 ad
1400 1288 1745 1335 numerum
1807 1270 1912 1331 84.
2008 1266 2338 1343 Quorum,
2404 1282 2552 1325 cum
2613 1260 2806 1327 modo
2870 1261 3335 1347 septemdecim
3382 1264 3655 1347 (numm.
3712 1265 3871 1344 187,

829 1380 991 1461 254,
1049 1377 1215 1458 273,
1265 1374 1432 1455 274,
1484 1374 1649 1455 326,
1702 1373 1871 1453 336,
1920 1370 2084 1452 348,
2135 1369 2299 1449 351,
2349 1368 2513 1449 353,
2563 1370 2722 1450 369,
2776 1369 2935 1450 370,
2984 1368 3146 1451 372,
3196 1369 3360 1450 375,
3411 1368 3619 1451 2273,
3668 1370 3871 1450 2278,

830 1483 1042 1565 2280,
1108 1481 1312 1563 2281)
1374 1479 1444 1542 in
1506 1477 1784 1543 archivis
1847 1472 2181 1541 extraneis
2244 1478 2661 1537 asserventur
2722 1478 2791 1537 et
2843 1472 2926 1537 de
2976 1493 3106 1536 uno
3155 1478 3413 1537 tantum
3460 1475 3667 1555 (num.
3723 1476 3874 1556 177)

829 1585 1265 1652 dubitandum
1334 1581 1672 1664 videatur,
1736 1601 1893 1644 num
1957 1599 2186 1643 revera
2243 1574 2603 1640 secundum
2651 1576 3129 1661 autographum
3166 1576 3309 1660 jam
3358 1597 3532 1642 nunc
3578 1578 3872 1643 existens

830 1692 916 1755 sit
977 1690 1472 1775 depromptum,
1535 1685 1880 1771 sexaginta
1940 1703 2059 1747 sex
2121 1683 2191 1745 in
2254 1679 2533 1745 archivis
2595 1680 2848 1766 patriae
2911 1685 3173 1744 nostrae
3220 1686 3507 1746 aetatem
3556 1683 3872 1747 tulerunt.

830 1795 962 1861 Pro
1023 1794 1270 1878 majore
1332 1797 1519 1877 parte
1579 1789 1742 1854 haec
1805 1785 2243 1872 autographa,
2304 1784 2542 1870 quibus
2589 1784 2831 1868 injuria
2877 1790 3243 1870 temporum
3293 1786 3621 1872 pepercit,
3670 1795 3874 1872 agunt

832 1899 915 1964 de
978 1899 1167 1963 bonis
1230 1896 1649 1961 ecclesiarum
1713 1899 1781 1958 et
1842 1889 2384 1956 monasteriorum
2447 1887 2905 1951 confirmandis
2967 1887 3069 1953 vel
3117 1888 3322 1974 ipsius
3373 1891 3632 1974 generis
3680 1892 3877 1977 privi-

832 2004 1051 2089 legiis,
1091 2009 1167 2067 ut
1205 2003 1300 2066 ita
1339 2000 1581 2082 dicam,
1623 1996 2095 2062 communibus.
2159 1994 2268 2058 Ad
2311 2013 2505 2079 quam
2536 1992 2858 2057 rubricam
2893 1992 3263 2058 revocanda
3296 2001 3647 2059 occurrunt
3671 1995 3879 2082 diplo-

832 2115 1010 2174 mata
1056 2126 1325 2171 numero
1373 2103 1631 2168 circiter
1677 2099 2113 2187 quadraginta
2158 2099 2468 2183 quinque.
2563 2097 2842 2161 Caetera
2889 2118 3043 2162 vero
3098 2106 3555 2182 argumentum
3594 2105 3878 2165 tractant

833 2213 1038 2298 magis
1102 2211 1400 2275 minusve
1464 2205 1895 2293 particulare,
1961 2223 2089 2289 quo
2151 2200 2426 2266 historia
2488 2206 2711 2265 nostra
2773 2201 3214 2266 ecclesiastica
3276 2203 3433 2267 satis
3480 2204 3876 2291 abundeque

833 2315 1163 2380 clarescit:
1228 2336 1289 2378 v.
1355 2331 1450 2398 gr.
1512 2308 1989 2394 indulgentiam
2051 2307 2121 2370 in
2178 2305 2467 2370 favorem
2518 2304 2832 2369 ecclesiae
2879 2305 2981 2369 vel
3031 2308 3407 2371 monasterii
3455 2307 3877 2374 construendi

832 2420 1231 2506 impertitam
1279 2418 1553 2500 (numm.
1608 2415 1764 2494 131,
1818 2412 1975 2493 175,
2033 2411 2177 2492 177,
2237 2410 2385 2491 187,
2420 2410 2581 2490 233,
2620 2409 2784 2490 260,
2826 2412 2986 2491 309,
3034 2412 3193 2493 403,
3239 2413 3429 2495 429);
3469 2412 3881 2498 privilegium

836 2521 1164 2609 quoddam
1227 2519 1556 2604 singulare
1620 2516 1892 2599 (numm.
1940 2516 2056 2595 61,
2112 2514 2269 2595 127,
2319 2514 2480 2594 208,
2531 2515 2694 2595 232,
2745 2517 2905 2596 241,
2956 2516 3146 2597 263);
3202 2517 3596 2580 sententiam
3645 2517 3714 2580 in
3760 2516 3876 2581 lite

836 2622 1292 2712 proferendam
1362 2627 1477 2687 aut
1539 2619 1917 2686 executioni
1967 2615 2488 2681 demandandam
2536 2619 2806 2701 (numm.
2859 2620 3024 2700 273,
3081 2621 3243 2703 274,
3293 2622 3453 2702 279,
3507 2623 3670 2703 280,
3705 2624 3883 2704 326,

839 2732 1002 2813 336,
1052 2731 1206 2810 348,
1263 2729 1424 2809 350,
1474 2727 1637 2805 351,
1685 2725 1847 2805 352,
1891 2724 2056 2804 353,
2091 2722 2255 2801 372,
2289 2722 2478 2803 414);
2528 2728 2901 2786 contractus
2948 2724 3086 2788 sive
3117 2725 3289 2809 pacti
3325 2725 3885 2791 confirmationem

838 2837 1110 2919 (numm.
1163 2835 1278 2915 63,
1334 2833 1522 2915 104);
1571 2830 1949 2895 facultatem
1998 2827 2407 2891 commissam
2456 2826 2560 2891 vel
2608 2833 2929 2892 statutum
2972 2828 3306 2893 conditum
3348 2831 3417 2894 in
3458 2831 3653 2896 rebus
3697 2831 3888 2897 disci-

841 2940 1061 3026 plinae
1123 2940 1396 3022 (numm.
1461 2937 1625 3017 226,
1689 2934 1869 3016 278).
1965 2929 2215 3005 Quodsi
2278 2931 2347 2994 in
2412 2931 2896 3017 comparatione
2961 2953 3109 2997 cum
3178 2954 3374 3019 opere
3435 2935 3743 3001 laudato:
3790 2935 3889 3000 die

843 3042 1391 3129 Papsturkunden
1470 3037 1878 3119 Westfalmts,
1941 3055 2214 3121 pergere
2277 3033 2463 3099 lubet
2527 3036 3024 3119 (enumerantur
3086 3037 3177 3101 ibi
3241 3059 3361 3123 pro
3409 3040 3669 3105 saeculo
3717 3040 3888 3105 XIII

842 3148 1200 3234 diplomata
1244 3142 1583 3231 pontificia
1630 3143 1790 3222 659,
1840 3140 2013 3203 inter
2060 3159 2228 3223 quae
2264 3143 2417 3203 sunt
2450 3139 2859 3226 autographa
2897 3141 3086 3222 222),
3135 3148 3437 3208 vertente
3473 3142 3596 3209 hoc
3630 3144 3889 3210 saeculo

844 3250 1286 3317 conditionem
1347 3247 1721 3313 dioeceseos
1783 3243 2000 3329 Traj.,
2072 3242 2124 3305 si
2190 3241 2359 3307 hanc
2421 3263 2567 3306 cum
2632 3264 2796 3308 aevo
2858 3246 3167 3310 anteriori
3233 3247 3623 3331 contuleris,
3685 3248 3890 3314 multo

843 3356 1179 3420 meliorem
1225 3373 1369 3418 esse
1417 3351 1655 3415 factam
1701 3348 1875 3412 illico
1925 3352 2216 3432 apparet.

491 3453 800 3571 Asglggssrffissa
1070 3460 1199 3526 Pro
1249 3477 1417 3522 saec.
1466 3454 1635 3520 XIV
1680 3474 1889 3538 usque
1938 3449 2019 3515 ad
2070 3469 2175 3513 an.
2232 3451 2401 3513 1378
2451 3452 2813 3538 conquisivi
2856 3452 3081 3517 literas
3113 3455 3380 3540 papales
3411 3456 3480 3519 in
3516 3456 3890 3521 universum

616 3559 626 3571 ’
781 3557 791 3569 ’
853 3567 1044 3629 1843.
1136 3563 1321 3627 Inter
1390 3580 1559 3647 quae
1629 3562 1784 3621 sunt
1852 3554 2261 3640 autographa
2331 3556 2453 3636 92,
2502 3575 2778 3641 quorum
2831 3559 2913 3621 75
2962 3557 3031 3620 in
3078 3558 3291 3642 patria
3336 3565 3560 3625 nostra
3606 3566 3890 3625 aetatem

849 3673 1027 3733 certo
1077 3667 1391 3731 tulerunt.
1462 3662 1812 3728 Enimvero
1861 3657 2327 3744 septemdecim
2375 3659 2647 3741 (numm.
2699 3661 2859 3742 460,
2911 3664 3064 3743 477,
3114 3664 3274 3744 595,
3325 3664 3487 3745 921,
3537 3665 3700 3747 922,
3735 3667 3895 3744 925,

847 3774 1017 3853 926,
1068 3772 1233 3853 927,
1289 3770 1454 3851 943,
1503 3770 1668 3848 984,
1719 3767 1886 3847 985,
1942 3765 2145 3845 1131,
2199 3763 2417 3845 1494,
2474 3765 2681 3848 1495,
2736 3768 2942 3847 1985,
2998 3769 3206 3850 1986,
3255 3770 3458 3849 2231)
3505 3768 3573 3832 in
3622 3768 3899 3833 archivis

847 3875 1181 3942 extraneis
1249 3873 1685 3960 reperiuntur,
1757 3890 1965 3957 eaque
2036 3869 2172 3935 fere
2245 3871 2498 3952 omnia,
2567 3877 2797 3956 utpote
2845 3871 2927 3935 ad
2976 3872 3248 3936 comites
3296 3873 3735 3957 Hollandiae,
3784 3878 3898 3962 qui

846 3985 1036 4046 erant
1084 3978 1167 4043 de
1200 3979 1402 4063 stirpe
1435 3974 1930 4058 Hannoniensi,
1964 3974 2161 4039 hodie
2196 3974 2267 4037 in
2299 3974 2561 4038 archivo
2595 3974 2839 4039 Montis
2874 3976 3267 4041 Hannoniae
3301 3983 3664 4063 asservata3
3706 4001 3900 4067 porro

851 4089 1109 4149 tanturn
1157 4083 1239 4148 de
1285 4102 1418 4146 uno
1466 4079 1910 4165 autographo,
1959 4100 2116 4142 num
2166 4076 2380 4141 adhuc
2429 4079 2710 4162 existat,
2762 4079 3046 4144 dubitari
3094 4086 3314 4166 potest
3361 4083 3568 4165 (num.
3621 4086 3800 4168 550).

1075 4186 1267 4263 Quod
1333 4185 1416 4251 de
1473 4183 1899 4270 autographis
1955 4203 2122 4247 saec.
2187 4181 2362 4246 XIII
2412 4203 2608 4268 supra
2651 4185 3146 4264 annotavimus,
3195 4184 3480 4270 idipsum
3527 4185 3632 4251 hic
3684 4188 3899 4267 denuo

851 4297 1156 4379 apparet:
1193 4290 1555 4355 communis
1586 4288 1846 4374 generis
1874 4286 2266 4373 diplomata,
2296 4288 2538 4373 quippe
2563 4308 2730 4373 quae
2754 4288 3111 4374 privilegiis
3136 4289 3408 4354 bonisve
3433 4292 3901 4357 conservandis

853 4406 921 4463 et
987 4393 1440 4482 impertiendis
1508 4392 1906 4475 inserviant,
1978 4393 2167 4457 facile
2237 4393 2543 4474 caeteris,
2606 4413 2775 4478 quae
2838 4398 3296 4476 argumentum
3347 4395 3554 4480 magis
3604 4396 3897 4461 minusve

854 4501 1186 4586 singulare
1253 4503 1570 4581 tractent,
1640 4517 1911 4561 numero
1973 4497 2374 4582 praevalere.
2469 4494 2654 4560 Illius
2717 4516 2952 4582 nempe
3016 4498 3274 4581 generis
3332 4504 3488 4563 sunt
3535 4502 3658 4582 58,
3708 4500 3906 4586 hujus

859 4601 1330 4669 tandummodo
1378 4602 1563 4683 341).
1635 4601 1867 4687 Neque
1915 4606 2135 4665 tamen
2182 4600 2357 4665 inter
2406 4599 2763 4686 diplomata
2812 4602 3172 4664 communis
3216 4602 3475 4686 generis
3508 4603 3604 4667 ita
3636 4624 3906 4668 numero

856 4708 1240 4794 praevalent
1306 4704 1675 4770 istiusmodi
1735 4706 1965 4770 literae
2031 4705 2477 4791 autographae
2540 4726 2708 4769 saec.
2773 4703 2960 4787 XIV,
3033 4726 3201 4791 quae
3270 4707 3461 4771 bonis
3525 4707 3903 4773 monasterii

859 4812 962 4875 vel
1025 4810 1341 4875 ecclesiae
1400 4807 1860 4874 confirmandis
1907 4809 2297 4875 inserviunt.
2394 4808 2708 4873 Similiter
2755 4829 3016 4894 quoque
3065 4808 3416 4874 dicendum
3464 4810 3546 4876 de
3593 4810 3904 4896 provisio-

859 4914 1054 4980 nibus
1102 4915 1196 4979 ita
1244 4912 1436 4978 dictis
1483 4912 1982 4997 beneficiorum,
2031 4933 2307 4999 quarum
2355 4913 2545 5000 copia
2588 4912 2963 4977 Bullarium
3019 4911 3200 4996 Traj.
3241 4914 3459 4997 nimis,
3498 4914 3659 5000 proh
3695 4914 3908 4996 dolor,

859 5016 1187 5099 abundat,
1235 5016 1349 5082 sed
1399 5037 1568 5103 quae
1615 5017 1790 5082 inter
1833 5017 2242 5104 autographa
2287 5038 2454 5082 saec.
2504 5015 2672 5081 XIV
2718 5036 2901 5081 rarae
2934 5016 3361 5081 inveniuntur
3391 5019 3664 5101 (numm.
3705 5019 3907 5101 1005,

865 5123 1075 5204 1542,
1140 5122 1346 5204 1543,
1414 5121 1621 5204 1909,
1687 5121 1891 5204 2140)
1939 5126 2137 5208 atque
2183 5121 2358 5185 inter
2406 5118 2815 5207 autographa
2860 5119 3006 5184 aevi
3053 5120 3287 5205 prioris
3336 5121 3601 5186 omnino
3650 5120 3908 5186 desunt.

1030 5500 1086 5563 1)
1122 5501 1375 5551 Videlicet
1421 5515 1628 5551 numm.
1675 5500 1804 5565 433,
1850 5500 1972 5563 480,
2010 5499 2133 5563 487,
2169 5498 2296 5564 509,
2332 5497 2454 5563 512,
2496 5497 2621 5562 515,
2657 5496 2781 5561 552,
2815 5496 2937 5559 567,
2973 5496 3100 5559 591,
3140 5497 3265 5561 714,
3301 5497 3431 5561 948,
3468 5497 3591 5562 949,
3627 5495 3753 5560 950,
3789 5494 3910 5560 974,

861 5580 989 5643 984,
1023 5581 1148 5647 985,
1186 5579 1316 5645 989,
1349 5579 1478 5644 990,
1514 5581 1638 5646 991,
1674 5580 1797 5645 992,
1842 5580 1996 5643 1046,
2029 5580 2186 5644 1533,
2223 5578 2386 5639 1555,
2422 5578 2582 5643 1616,
2613 5577 2771 5642 1828,
2810 5577 2966 5641 1840,
3003 5576 3160 5641 1987,
3196 5578 3351 5641 2046,
3389 5576 3547 5643 2095,
3583 5576 3731 5641 2174,
3757 5576 3890 5627 2175

864 5661 1017 5727 2176,
1056 5662 1215 5725 2231,
1252 5661 1403 5713 2244.
1474 5662 1691 5714 Numm.
1726 5661 1826 5713 552
1858 5668 1911 5713 et
1945 5660 2078 5713 1046
2112 5662 2288 5712 bullae
2321 5665 2479 5724 sunt,
2518 5660 3059 5724 quibus-nominatur
3094 5659 3367 5723 episcopus
3400 5657 3540 5721 Traj.
