<?xml version="1.0" encoding="UTF-8"?>
<!DOCTYPE html PUBLIC "-//W3C//DTD XHTML 1.0 Transitional//EN"
    "http://www.w3.org/TR/xhtml1/DTD/xhtml1-transitional.dtd">
<html xmlns="http://www.w3.org/1999/xhtml" xml:lang="en" lang="en">
 <head>
  <title>
</title>
<meta http-equiv="Content-Type" content="text/html;charset=utf-8" />
  <meta name='ocr-system' content='tesseract 3.04.00' />
  <meta name='ocr-capabilities' content='ocr_page ocr_carea ocr_par ocr_line ocrx_word'/>
</head>
<body>
  <div class='ocr_page' id='page_1' title='image "./bullariumtrajec00nethgoog/bullariumtrajec00nethgoog_0081.png"; bbox 0 0 4450 6684; ppageno 0'>
   <div class='ocr_carea' id='block_1_1' title="bbox 1931 557 3699 622">
    <p class='ocr_par' dir='ltr' id='par_1_1' title="bbox 1931 557 3699 622">
     <span class='ocr_line' id='line_1_1' title="bbox 1931 557 3699 622; baseline -0.003 0"><span class='ocrx_word' id='word_1_1' title='bbox 1931 557 2421 622; x_wconf 74' lang='lat' dir='ltr'><strong>INTRonuc&#39;no.</strong></span> <span class='ocrx_word' id='word_1_2' title='bbox 3525 568 3699 618; x_wconf 79' lang='lat' dir='ltr'><strong>Lxxt</strong></span> 
     </span>
    </p>
   </div>
   <div class='ocr_carea' id='block_1_2' title="bbox 627 768 4102 5348">
    <p class='ocr_par' dir='ltr' id='par_1_2' title="bbox 649 768 3702 1986">
     <span class='ocr_line' id='line_1_2' title="bbox 659 768 3700 862; baseline -0.002 -22"><span class='ocrx_word' id='word_1_3' title='bbox 659 777 819 859; x_wconf 88' lang='lat'>186,</span> <span class='ocrx_word' id='word_1_4' title='bbox 885 776 1052 858; x_wconf 88' lang='grc'><strong>634,</strong></span> <span class='ocrx_word' id='word_1_5' title='bbox 1121 776 1328 859; x_wconf 91' lang='grc'>1994,</span> <span class='ocrx_word' id='word_1_6' title='bbox 1393 777 1635 860; x_wconf 91' lang='grc'>2243),</span> <span class='ocrx_word' id='word_1_7' title='bbox 1698 775 1987 862; x_wconf 85' lang='lat' dir='ltr'><strong>capitula</strong></span> <span class='ocrx_word' id='word_1_8' title='bbox 2031 772 2337 857; x_wconf 81' lang='lat' dir='ltr'><strong>Majoris,</strong></span> <span class='ocrx_word' id='word_1_9' title='bbox 2388 769 2454 835; x_wconf 80' lang='lat' dir='ltr'><strong>S.</strong></span> <span class='ocrx_word' id='word_1_10' title='bbox 2502 769 2723 853; x_wconf 89' lang='lat' dir='ltr'><strong>Petri,</strong></span> <span class='ocrx_word' id='word_1_11' title='bbox 2773 769 2841 835; x_wconf 79' lang='lat' dir='ltr'><strong>S.</strong></span> <span class='ocrx_word' id='word_1_12' title='bbox 2892 768 3285 846; x_wconf 70' lang='lat' dir='ltr'><strong>salvatoris,</strong></span> <span class='ocrx_word' id='word_1_13' title='bbox 3335 768 3401 834; x_wconf 78' lang='lat' dir='ltr'><strong>S.</strong></span> <span class='ocrx_word' id='word_1_14' title='bbox 3449 768 3700 834; x_wconf 84' lang='lat' dir='ltr'><strong>Mariae</strong></span> 
     </span>
     <span class='ocr_line' id='line_1_3' title="bbox 652 874 3699 965; baseline -0.003 -19"><span class='ocrx_word' id='word_1_15' title='bbox 652 880 1172 965; x_wconf 83' lang='lat' dir='ltr'><strong>TraJ’ectensium</strong></span> <span class='ocrx_word' id='word_1_16' title='bbox 1235 885 1304 945; x_wconf 91' lang='lat' dir='ltr'><strong>et</strong></span> <span class='ocrx_word' id='word_1_17' title='bbox 1360 880 1858 946; x_wconf 84' lang='lat' dir='ltr'><strong>Daventriensis</strong></span> <span class='ocrx_word' id='word_1_18' title='bbox 1905 878 2326 943; x_wconf 90' lang='lat' dir='ltr'><strong>ecclesiarum</strong></span> <span class='ocrx_word' id='word_1_19' title='bbox 2372 875 2646 959; x_wconf 91' lang='lat' dir='ltr'><strong>(numm.</strong></span> <span class='ocrx_word' id='word_1_20' title='bbox 2702 875 2908 957; x_wconf 89' lang='lat'>1505,</span> <span class='ocrx_word' id='word_1_21' title='bbox 2962 875 3170 955; x_wconf 84' lang='lat'><strong>1644,</strong></span> <span class='ocrx_word' id='word_1_22' title='bbox 3225 874 3432 955; x_wconf 88' lang='lat'><strong>1512,</strong></span> <span class='ocrx_word' id='word_1_23' title='bbox 3488 874 3699 958; x_wconf 85' lang='lat'><strong>1528,</strong></span> 
     </span>
     <span class='ocr_line' id='line_1_4' title="bbox 652 976 3701 1069; baseline -0.002 -20"><span class='ocrx_word' id='word_1_24' title='bbox 652 985 863 1066; x_wconf 91' lang='grc'>2053,</span> <span class='ocrx_word' id='word_1_25' title='bbox 937 985 1175 1068; x_wconf 93' lang='grc'>1387),</span> <span class='ocrx_word' id='word_1_26' title='bbox 1238 984 1548 1050; x_wconf 85' lang='lat' dir='ltr'><strong>Nicolaus</strong></span> <span class='ocrx_word' id='word_1_27' title='bbox 1613 984 1695 1049; x_wconf 91' lang='lat' dir='ltr'><strong>de</strong></span> <span class='ocrx_word' id='word_1_28' title='bbox 1759 982 2040 1069; x_wconf 85' lang='lat' dir='ltr'><strong>Oaputio</strong></span> <span class='ocrx_word' id='word_1_29' title='bbox 2079 982 2381 1066; x_wconf 90' lang='lat' dir='ltr'><strong>jamtunc</strong></span> <span class='ocrx_word' id='word_1_30' title='bbox 2430 976 2794 1043; x_wconf 75' lang='lat' dir='ltr'><strong>cardinalis</strong></span> <span class='ocrx_word' id='word_1_31' title='bbox 2839 998 2957 1063; x_wconf 94' lang='lat' dir='ltr'><strong>pro</strong></span> <span class='ocrx_word' id='word_1_32' title='bbox 3004 977 3468 1042; x_wconf 86' lang='lat' dir='ltr'><strong>Daventriensi</strong></span> <span class='ocrx_word' id='word_1_33' title='bbox 3514 999 3701 1065; x_wconf 82' lang='lat' dir='ltr'><strong>prae-</strong></span> 
     </span>
     <span class='ocr_line' id='line_1_5' title="bbox 650 1081 3701 1175; baseline -0.002 -24"><span class='ocrx_word' id='word_1_34' title='bbox 650 1086 942 1175; x_wconf 77' lang='lat' dir='ltr'><strong>positura</strong></span> <span class='ocrx_word' id='word_1_35' title='bbox 1010 1108 1131 1152; x_wconf 88' lang='lat' dir='ltr'><strong>sua</strong></span> <span class='ocrx_word' id='word_1_36' title='bbox 1199 1087 1471 1170; x_wconf 91' lang='lat' dir='ltr'><strong>(numm.</strong></span> <span class='ocrx_word' id='word_1_37' title='bbox 1540 1089 1751 1169; x_wconf 83' lang='lat'><strong>1423,</strong></span> <span class='ocrx_word' id='word_1_38' title='bbox 1821 1087 2028 1168; x_wconf 88' lang='grc'>1504,</span> <span class='ocrx_word' id='word_1_39' title='bbox 2097 1085 2337 1167; x_wconf 93' lang='grc'>1765),</span> <span class='ocrx_word' id='word_1_40' title='bbox 2403 1083 2824 1147; x_wconf 88' lang='lat' dir='ltr'><strong>Hermannus</strong></span> <span class='ocrx_word' id='word_1_41' title='bbox 2886 1081 3360 1146; x_wconf 86' lang='lat' dir='ltr'><strong>Arnhemensis</strong></span> <span class='ocrx_word' id='word_1_42' title='bbox 3418 1087 3485 1145; x_wconf 89' lang='lat' dir='ltr'><strong>et</strong></span> <span class='ocrx_word' id='word_1_43' title='bbox 3533 1083 3701 1146; x_wconf 91' lang='lat' dir='ltr'><strong>Wil-</strong></span> 
     </span>
     <span class='ocr_line' id='line_1_6' title="bbox 652 1185 3700 1279; baseline -0.001 -23"><span class='ocrx_word' id='word_1_44' title='bbox 652 1191 907 1257; x_wconf 88' lang='lat' dir='ltr'><strong>helmus</strong></span> <span class='ocrx_word' id='word_1_45' title='bbox 970 1190 1052 1256; x_wconf 89' lang='lat' dir='ltr'><strong>de</strong></span> <span class='ocrx_word' id='word_1_46' title='bbox 1109 1191 1334 1256; x_wconf 91' lang='lat' dir='ltr'><strong>Zande</strong></span> <span class='ocrx_word' id='word_1_47' title='bbox 1380 1191 1766 1279; x_wconf 76' lang='lat' dir='ltr'><strong>Campensis</strong></span> <span class='ocrx_word' id='word_1_48' title='bbox 1813 1189 2235 1256; x_wconf 88' lang='lat' dir='ltr'><strong>ecclesiarum</strong></span> <span class='ocrx_word' id='word_1_49' title='bbox 2276 1186 2745 1273; x_wconf 82' lang='lat' dir='ltr'>parochialium</span> <span class='ocrx_word' id='word_1_50' title='bbox 2793 1192 3080 1260; x_wconf 87' lang='lat' dir='ltr'><strong>rectores</strong></span> <span class='ocrx_word' id='word_1_51' title='bbox 3128 1185 3399 1269; x_wconf 89' lang='lat' dir='ltr'><strong>(numm.</strong></span> <span class='ocrx_word' id='word_1_52' title='bbox 3451 1189 3583 1253; x_wconf 88' lang='grc'><strong>295</strong></span> <span class='ocrx_word' id='word_1_53' title='bbox 3631 1196 3700 1254; x_wconf 91' lang='lat' dir='ltr'><strong>et</strong></span> 
     </span>
     <span class='ocr_line' id='line_1_7' title="bbox 657 1290 3699 1381; baseline -0.001 -20"><span class='ocrx_word' id='word_1_54' title='bbox 657 1297 884 1381; x_wconf 85' lang='lat'>1521);</span> <span class='ocrx_word' id='word_1_55' title='bbox 933 1295 1167 1361; x_wconf 91' lang='lat' dir='ltr'><strong>domus</strong></span> <span class='ocrx_word' id='word_1_56' title='bbox 1206 1295 1619 1361; x_wconf 83' lang='lat' dir='ltr'><strong>Theutonica</strong></span> <span class='ocrx_word' id='word_1_57' title='bbox 1656 1293 2099 1380; x_wconf 86' lang='lat' dir='ltr'><strong>Trajectensis</strong></span> <span class='ocrx_word' id='word_1_58' title='bbox 2139 1292 2344 1375; x_wconf 89' lang='lat' dir='ltr'><strong>(num.</strong></span> <span class='ocrx_word' id='word_1_59' title='bbox 2394 1292 2578 1374; x_wconf 89' lang='grc'>103),</span> <span class='ocrx_word' id='word_1_60' title='bbox 2616 1290 2968 1377; x_wconf 79' lang='lat' dir='ltr'><strong>hospitalia</strong></span> <span class='ocrx_word' id='word_1_61' title='bbox 3006 1311 3367 1376; x_wconf 87' lang='lat' dir='ltr'><strong>pauperum</strong></span> <span class='ocrx_word' id='word_1_62' title='bbox 3406 1292 3474 1356; x_wconf 92' lang='lat' dir='ltr'><strong>in</strong></span> <span class='ocrx_word' id='word_1_63' title='bbox 3515 1292 3699 1358; x_wconf 87' lang='lat' dir='ltr'><strong>Delft</strong></span> 
     </span>
     <span class='ocr_line' id='line_1_8' title="bbox 650 1393 3698 1485; baseline -0.001 -19"><span class='ocrx_word' id='word_1_64' title='bbox 650 1406 719 1466; x_wconf 90' lang='lat' dir='ltr'><strong>et</strong></span> <span class='ocrx_word' id='word_1_65' title='bbox 773 1400 1157 1485; x_wconf 84' lang='lat' dir='ltr'><strong>Groningen</strong></span> <span class='ocrx_word' id='word_1_66' title='bbox 1219 1400 1493 1483; x_wconf 87' lang='lat' dir='ltr'><strong>(numm.</strong></span> <span class='ocrx_word' id='word_1_67' title='bbox 1560 1401 1687 1463; x_wconf 93' lang='grc'><strong>713</strong></span> <span class='ocrx_word' id='word_1_68' title='bbox 1738 1405 1807 1464; x_wconf 91' lang='lat' dir='ltr'><strong>et</strong></span> <span class='ocrx_word' id='word_1_69' title='bbox 1852 1399 2049 1482; x_wconf 91' lang='grc'>954),</span> <span class='ocrx_word' id='word_1_70' title='bbox 2111 1396 2511 1460; x_wconf 84' lang='lat' dir='ltr'><strong>monasteria</strong></span> <span class='ocrx_word' id='word_1_71' title='bbox 2558 1393 2825 1458; x_wconf 86' lang='lat' dir='ltr'><strong>tandem</strong></span> <span class='ocrx_word' id='word_1_72' title='bbox 2872 1395 3239 1480; x_wconf 89' lang='lat' dir='ltr'><strong>complura,</strong></span> <span class='ocrx_word' id='word_1_73' title='bbox 3289 1399 3386 1461; x_wconf 87' lang='lat' dir='ltr'><strong>uti</strong></span> <span class='ocrx_word' id='word_1_74' title='bbox 3432 1397 3698 1465; x_wconf 91' lang='lat' dir='ltr'><strong>Insulae</strong></span> 
     </span>
     <span class='ocr_line' id='line_1_9' title="bbox 653 1499 3699 1590; baseline 0 -21"><span class='ocrx_word' id='word_1_75' title='bbox 653 1505 719 1569; x_wconf 81' lang='lat' dir='ltr'><strong>S.</strong></span> <span class='ocrx_word' id='word_1_76' title='bbox 766 1504 1040 1587; x_wconf 83' lang='lat' dir='ltr'><strong>Mariae,</strong></span> <span class='ocrx_word' id='word_1_77' title='bbox 1090 1503 1320 1590; x_wconf 83' lang='lat' dir='ltr'><strong>Campi</strong></span> <span class='ocrx_word' id='word_1_78' title='bbox 1365 1504 1603 1588; x_wconf 82' lang='lat' dir='ltr'><strong>Regis,</strong></span> <span class='ocrx_word' id='word_1_79' title='bbox 1652 1502 1736 1568; x_wconf 90' lang='lat' dir='ltr'><strong>de</strong></span> <span class='ocrx_word' id='word_1_80' title='bbox 1786 1503 1946 1568; x_wconf 85' lang='lat' dir='ltr'><strong>Sinu</strong></span> <span class='ocrx_word' id='word_1_81' title='bbox 1991 1501 2058 1566; x_wconf 80' lang='lat' dir='ltr'><strong>S.</strong></span> <span class='ocrx_word' id='word_1_82' title='bbox 2100 1499 2350 1565; x_wconf 85' lang='lat' dir='ltr'><strong>Mariae</strong></span> <span class='ocrx_word' id='word_1_83' title='bbox 2393 1499 2665 1583; x_wconf 91' lang='lat' dir='ltr'><strong>(numm.</strong></span> <span class='ocrx_word' id='word_1_84' title='bbox 2709 1500 2824 1582; x_wconf 88' lang='grc'>68,</span> <span class='ocrx_word' id='word_1_85' title='bbox 2872 1500 3030 1576; x_wconf 81' lang='grc'>140,</span> <span class='ocrx_word' id='word_1_86' title='bbox 3072 1502 3234 1583; x_wconf 86' lang='grc'>243,</span> <span class='ocrx_word' id='word_1_87' title='bbox 3277 1503 3466 1585; x_wconf 92' lang='grc'>281),</span> <span class='ocrx_word' id='word_1_88' title='bbox 3514 1503 3699 1569; x_wconf 92' lang='lat' dir='ltr'><strong>iden-</strong></span> 
     </span>
     <span class='ocr_line' id='line_1_10' title="bbox 653 1602 3696 1693; baseline 0.001 -21"><span class='ocrx_word' id='word_1_89' title='bbox 653 1607 856 1673; x_wconf 89' lang='lat' dir='ltr'><strong>tidem</strong></span> <span class='ocrx_word' id='word_1_90' title='bbox 917 1630 1073 1674; x_wconf 83' lang='lat' dir='ltr'><strong>vero</strong></span> <span class='ocrx_word' id='word_1_91' title='bbox 1132 1607 1639 1693; x_wconf 85' lang='lat' dir='ltr'><strong>Egmundanum</strong></span> <span class='ocrx_word' id='word_1_92' title='bbox 1705 1613 1772 1672; x_wconf 92' lang='lat' dir='ltr'><strong>et</strong></span> <span class='ocrx_word' id='word_1_93' title='bbox 1819 1606 2364 1690; x_wconf 85' lang='lat' dir='ltr'><strong>Rinisburgense.</strong></span> <span class='ocrx_word' id='word_1_94' title='bbox 2460 1603 2626 1669; x_wconf 83' lang='lat' dir='ltr'><strong>Cum</strong></span> <span class='ocrx_word' id='word_1_95' title='bbox 2673 1604 2845 1667; x_wconf 89' lang='lat' dir='ltr'><strong>enim</strong></span> <span class='ocrx_word' id='word_1_96' title='bbox 2892 1602 3124 1669; x_wconf 90' lang='lat' dir='ltr'><strong>literae</strong></span> <span class='ocrx_word' id='word_1_97' title='bbox 3172 1609 3696 1674; x_wconf 87' lang='lat' dir='ltr'><strong>conservatoriae</strong></span> 
     </span>
     <span class='ocr_line' id='line_1_11' title="bbox 649 1708 3701 1799; baseline 0.001 -23"><span class='ocrx_word' id='word_1_98' title='bbox 649 1712 1031 1799; x_wconf 90' lang='lat' dir='ltr'><strong>plerumque</strong></span> <span class='ocrx_word' id='word_1_99' title='bbox 1093 1712 1175 1776; x_wconf 91' lang='lat' dir='ltr'><strong>ad</strong></span> <span class='ocrx_word' id='word_1_100' title='bbox 1235 1717 1485 1777; x_wconf 91' lang='lat' dir='ltr'><strong>certum</strong></span> <span class='ocrx_word' id='word_1_101' title='bbox 1534 1711 1847 1798; x_wconf 89' lang='lat' dir='ltr'><strong>temporis</strong></span> <span class='ocrx_word' id='word_1_102' title='bbox 1894 1710 2213 1796; x_wconf 90' lang='lat' dir='ltr'><strong>spatium,</strong></span> <span class='ocrx_word' id='word_1_103' title='bbox 2261 1714 2424 1796; x_wconf 91' lang='lat' dir='ltr'><strong>puta</strong></span> <span class='ocrx_word' id='word_1_104' title='bbox 2468 1708 2846 1790; x_wconf 81' lang='lat' dir='ltr'><strong>biennium,</strong></span> <span class='ocrx_word' id='word_1_105' title='bbox 2894 1709 3284 1793; x_wconf 83' lang='lat' dir='ltr'><strong>triennium,</strong></span> <span class='ocrx_word' id='word_1_106' title='bbox 3334 1713 3701 1799; x_wconf 89' lang='lat' dir='ltr'><strong>quinquen·</strong></span> 
     </span>
     <span class='ocr_line' id='line_1_12' title="bbox 650 1811 3702 1902; baseline 0.002 -22"><span class='ocrx_word' id='word_1_107' title='bbox 650 1816 831 1880; x_wconf 90' lang='lat' dir='ltr'><strong>nium</strong></span> <span class='ocrx_word' id='word_1_108' title='bbox 877 1815 1424 1899; x_wconf 77' lang='lat' dir='ltr'><strong>concederentur,</strong></span> <span class='ocrx_word' id='word_1_109' title='bbox 1473 1821 1624 1902; x_wconf 90' lang='lat' dir='ltr'><strong>post</strong></span> <span class='ocrx_word' id='word_1_110' title='bbox 1673 1815 2028 1881; x_wconf 90' lang='lat' dir='ltr'><strong>terminum</strong></span> <span class='ocrx_word' id='word_1_111' title='bbox 2075 1814 2370 1899; x_wconf 88' lang='lat' dir='ltr'><strong>elapsum</strong></span> <span class='ocrx_word' id='word_1_112' title='bbox 2422 1811 2639 1877; x_wconf 91' lang='lat' dir='ltr'><strong>denuo</strong></span> <span class='ocrx_word' id='word_1_113' title='bbox 2687 1813 2826 1899; x_wconf 92' lang='lat' dir='ltr'><strong>peti</strong></span> <span class='ocrx_word' id='word_1_114' title='bbox 2871 1818 2940 1878; x_wconf 91' lang='lat' dir='ltr'><strong>et</strong></span> <span class='ocrx_word' id='word_1_115' title='bbox 2985 1814 3065 1877; x_wconf 88' lang='lat' dir='ltr'><strong>iis</strong></span> <span class='ocrx_word' id='word_1_116' title='bbox 3113 1836 3388 1901; x_wconf 90' lang='lat' dir='ltr'><strong>quorum</strong></span> <span class='ocrx_word' id='word_1_117' title='bbox 3426 1817 3702 1885; x_wconf 80' lang='lat' dir='ltr'><strong>interes-</strong></span> 
     </span>
     <span class='ocr_line' id='line_1_13' title="bbox 652 1919 1350 1986; baseline 0 -3"><span class='ocrx_word' id='word_1_118' title='bbox 652 1926 797 1985; x_wconf 90' lang='lat' dir='ltr'><strong>sent</strong></span> <span class='ocrx_word' id='word_1_119' title='bbox 844 1919 985 1984; x_wconf 90' lang='lat' dir='ltr'><strong>dari</strong></span> <span class='ocrx_word' id='word_1_120' title='bbox 1031 1922 1350 1986; x_wconf 86' lang='lat' dir='ltr'><strong>solebant.</strong></span> 
     </span>
    </p>

    <p class='ocr_par' dir='ltr' id='par_1_3' title="bbox 644 2021 3703 2629">
     <span class='ocr_line' id='line_1_14' title="bbox 869 2021 3703 2110; baseline 0.002 -20"><span class='ocrx_word' id='word_1_121' title='bbox 869 2025 1310 2090; x_wconf 84' lang='lat' dir='ltr'><strong>Inveniuntur</strong></span> <span class='ocrx_word' id='word_1_122' title='bbox 1357 2024 1556 2089; x_wconf 88' lang='lat' dir='ltr'><strong>etiam</strong></span> <span class='ocrx_word' id='word_1_123' title='bbox 1602 2024 1717 2110; x_wconf 91' lang='lat' dir='ltr'><strong>qui</strong></span> <span class='ocrx_word' id='word_1_124' title='bbox 1761 2021 2138 2108; x_wconf 89' lang='lat' dir='ltr'><strong>hujusmodi</strong></span> <span class='ocrx_word' id='word_1_125' title='bbox 2183 2022 2412 2086; x_wconf 88' lang='lat' dir='ltr'><strong>literas</strong></span> <span class='ocrx_word' id='word_1_126' title='bbox 2460 2021 2726 2108; x_wconf 88' lang='lat' dir='ltr'><strong>papales</strong></span> <span class='ocrx_word' id='word_1_127' title='bbox 2767 2022 3201 2109; x_wconf 89' lang='lat' dir='ltr'><strong>impetrarunt</strong></span> <span class='ocrx_word' id='word_1_128' title='bbox 3230 2026 3529 2095; x_wconf 90' lang='lat' dir='ltr'><strong>homines</strong></span> <span class='ocrx_word' id='word_1_129' title='bbox 3561 2052 3703 2098; x_wconf 87' lang='lat' dir='ltr'><strong>sae-</strong></span> 
     </span>
     <span class='ocr_line' id='line_1_15' title="bbox 652 2125 3700 2217; baseline 0.003 -25"><span class='ocrx_word' id='word_1_130' title='bbox 652 2129 943 2212; x_wconf 82' lang='lat' dir='ltr'><strong>culares3</strong></span> <span class='ocrx_word' id='word_1_131' title='bbox 992 2129 1318 2217; x_wconf 81' lang='lat' dir='ltr'><strong>principes</strong></span> <span class='ocrx_word' id='word_1_132' title='bbox 1365 2148 1641 2215; x_wconf 90' lang='lat' dir='ltr'><strong>nempe,</strong></span> <span class='ocrx_word' id='word_1_133' title='bbox 1704 2149 1790 2193; x_wconf 92' lang='lat' dir='ltr'><strong>ne</strong></span> <span class='ocrx_word' id='word_1_134' title='bbox 1839 2148 2035 2214; x_wconf 89' lang='lat' dir='ltr'><strong>super</strong></span> <span class='ocrx_word' id='word_1_135' title='bbox 2081 2125 2367 2213; x_wconf 88' lang='lat' dir='ltr'><strong>quodam</strong></span> <span class='ocrx_word' id='word_1_136' title='bbox 2413 2126 2756 2213; x_wconf 81' lang='lat' dir='ltr'><strong>privilegio</strong></span> <span class='ocrx_word' id='word_1_137' title='bbox 2805 2148 3016 2215; x_wconf 89' lang='lat' dir='ltr'><strong>nuper</strong></span> <span class='ocrx_word' id='word_1_138' title='bbox 3062 2130 3335 2196; x_wconf 91' lang='lat' dir='ltr'><strong>obtento</strong></span> <span class='ocrx_word' id='word_1_139' title='bbox 3385 2134 3700 2202; x_wconf 90' lang='lat' dir='ltr'><strong>molestiis</strong></span> 
     </span>
     <span class='ocr_line' id='line_1_16' title="bbox 647 2229 3699 2318; baseline 0.004 -22"><span class='ocrx_word' id='word_1_140' title='bbox 647 2231 1089 2316; x_wconf 87' lang='lat' dir='ltr'><strong>afficerentur,</strong></span> <span class='ocrx_word' id='word_1_141' title='bbox 1159 2232 1424 2298; x_wconf 89' lang='lat' dir='ltr'><strong>easdem</strong></span> <span class='ocrx_word' id='word_1_142' title='bbox 1492 2230 1844 2318; x_wconf 89' lang='lat' dir='ltr'><strong>aliquando</strong></span> <span class='ocrx_word' id='word_1_143' title='bbox 1914 2231 2370 2317; x_wconf 89' lang='lat' dir='ltr'><strong>implorarunt.</strong></span> <span class='ocrx_word' id='word_1_144' title='bbox 2467 2230 2574 2296; x_wconf 81' lang='lat' dir='ltr'><strong>Sic</strong></span> <span class='ocrx_word' id='word_1_145' title='bbox 2638 2229 2902 2318; x_wconf 91' lang='lat' dir='ltr'><strong>quidem</strong></span> <span class='ocrx_word' id='word_1_146' title='bbox 2962 2232 3337 2299; x_wconf 85' lang='lat' dir='ltr'><strong>Florentius</strong></span> <span class='ocrx_word' id='word_1_147' title='bbox 3396 2236 3478 2302; x_wconf 92' lang='lat' dir='ltr'><strong>de</strong></span> <span class='ocrx_word' id='word_1_148' title='bbox 3532 2240 3699 2306; x_wconf 92' lang='lat' dir='ltr'><strong>Hol-</strong></span> 
     </span>
     <span class='ocr_line' id='line_1_17' title="bbox 644 2334 3697 2423; baseline 0.003 -23"><span class='ocrx_word' id='word_1_149' title='bbox 644 2335 899 2420; x_wconf 89' lang='lat' dir='ltr'><strong>landia,</strong></span> <span class='ocrx_word' id='word_1_150' title='bbox 956 2335 1168 2402; x_wconf 81' lang='lat' dir='ltr'><strong>Maria</strong></span> <span class='ocrx_word' id='word_1_151' title='bbox 1214 2337 1479 2403; x_wconf 89' lang='lat' dir='ltr'><strong>Ottonis</strong></span> <span class='ocrx_word' id='word_1_152' title='bbox 1522 2336 1936 2423; x_wconf 89' lang='lat' dir='ltr'><strong>imperatoris</strong></span> <span class='ocrx_word' id='word_1_153' title='bbox 1981 2334 2217 2417; x_wconf 85' lang='lat' dir='ltr'><strong>vidua,</strong></span> <span class='ocrx_word' id='word_1_154' title='bbox 2271 2335 2431 2401; x_wconf 91' lang='lat' dir='ltr'><strong>Otto</strong></span> <span class='ocrx_word' id='word_1_155' title='bbox 2477 2335 2548 2400; x_wconf 90' lang='lat' dir='ltr'>H</span> <span class='ocrx_word' id='word_1_156' title='bbox 2595 2341 2664 2400; x_wconf 91' lang='lat' dir='ltr'><strong>et</strong></span> <span class='ocrx_word' id='word_1_157' title='bbox 2710 2336 3095 2422; x_wconf 79' lang='lat' dir='ltr'><strong>Reynaldus</strong></span> <span class='ocrx_word' id='word_1_158' title='bbox 3142 2339 3177 2403; x_wconf 95' lang='lat' dir='ltr'>I</span> <span class='ocrx_word' id='word_1_159' title='bbox 3223 2343 3496 2408; x_wconf 85' lang='lat' dir='ltr'><strong>comites</strong></span> <span class='ocrx_word' id='word_1_160' title='bbox 3543 2345 3697 2411; x_wconf 85' lang='lat' dir='ltr'><strong>Gel-</strong></span> 
     </span>
     <span class='ocr_line' id='line_1_18' title="bbox 646 2439 3692 2536; baseline 0.004 -33"><span class='ocrx_word' id='word_1_161' title='bbox 646 2459 902 2523; x_wconf 82' lang='lat' dir='ltr'><strong>tenses,</strong></span> <span class='ocrx_word' id='word_1_162' title='bbox 965 2440 1304 2506; x_wconf 88' lang='lat' dir='ltr'><strong>Johannes</strong></span> <span class='ocrx_word' id='word_1_163' title='bbox 1369 2440 1440 2505; x_wconf 95' lang='lat' dir='ltr'><strong>II</strong></span> <span class='ocrx_word' id='word_1_164' title='bbox 1503 2439 1902 2505; x_wconf 89' lang='lat' dir='ltr'><strong>Hollandiae</strong></span> <span class='ocrx_word' id='word_1_165' title='bbox 1965 2459 2219 2522; x_wconf 89' lang='lat' dir='ltr'><strong>comes,</strong></span> <span class='ocrx_word' id='word_1_166' title='bbox 2287 2439 2399 2504; x_wconf 90' lang='lat' dir='ltr'><strong>alii</strong></span> <span class='ocrx_word' id='word_1_167' title='bbox 2458 2439 2742 2527; x_wconf 92' lang='lat' dir='ltr'><strong>denique</strong></span> <span class='ocrx_word' id='word_1_168' title='bbox 2790 2442 3154 2528; x_wconf 87' lang='lat' dir='ltr'><strong>complures</strong></span> <span class='ocrx_word' id='word_1_169' title='bbox 3202 2446 3474 2529; x_wconf 91' lang='lat' dir='ltr'><strong>(numm.</strong></span> <span class='ocrx_word' id='word_1_170' title='bbox 3524 2451 3692 2536; x_wconf 85' lang='lat'><strong>235,</strong></span> 
     </span>
     <span class='ocr_line' id='line_1_19' title="bbox 644 2545 1690 2629; baseline 0 -21"><span class='ocrx_word' id='word_1_171' title='bbox 644 2545 811 2628; x_wconf 92' lang='grc'>236,</span> <span class='ocrx_word' id='word_1_172' title='bbox 861 2546 1026 2628; x_wconf 91' lang='grc'>256,</span> <span class='ocrx_word' id='word_1_173' title='bbox 1077 2547 1244 2629; x_wconf 90' lang='grc'>269,</span> <span class='ocrx_word' id='word_1_174' title='bbox 1292 2547 1463 2628; x_wconf 90' lang='grc'>449,</span> <span class='ocrx_word' id='word_1_175' title='bbox 1512 2546 1690 2628; x_wconf 87' lang='grc'>451).</span> 
     </span>
    </p>

    <p class='ocr_par' dir='ltr' id='par_1_4' title="bbox 642 2647 4102 3156">
     <span class='ocr_line' id='line_1_20' title="bbox 865 2647 4037 2740; baseline 0.005 -27"><span class='ocrx_word' id='word_1_176' title='bbox 865 2649 1223 2736; x_wconf 88' lang='lat' dir='ltr'><strong>Aptissime</strong></span> <span class='ocrx_word' id='word_1_177' title='bbox 1287 2647 1554 2714; x_wconf 88' lang='lat' dir='ltr'><strong>tandem</strong></span> <span class='ocrx_word' id='word_1_178' title='bbox 1616 2649 1908 2713; x_wconf 86' lang='lat' dir='ltr'><strong>revocari</strong></span> <span class='ocrx_word' id='word_1_179' title='bbox 1960 2647 2089 2713; x_wconf 91' lang='lat' dir='ltr'><strong>huc</strong></span> <span class='ocrx_word' id='word_1_180' title='bbox 2137 2655 2413 2734; x_wconf 87' lang='lat' dir='ltr'><strong>possunt</strong></span> <span class='ocrx_word' id='word_1_181' title='bbox 2458 2649 2689 2715; x_wconf 88' lang='lat' dir='ltr'><strong>literae</strong></span> <span class='ocrx_word' id='word_1_182' title='bbox 2737 2651 3037 2736; x_wconf 87' lang='lat' dir='ltr'><strong>papales,</strong></span> <span class='ocrx_word' id='word_1_183' title='bbox 3086 2653 3324 2739; x_wconf 91' lang='lat' dir='ltr'><strong>quibus</strong></span> <span class='ocrx_word' id='word_1_184' title='bbox 3372 2658 3688 2726; x_wconf 91' lang='lat' dir='ltr'><strong>ecclesiae</strong></span> <span class='ocrx_word' id='word_1_185' title='bbox 3757 2678 4037 2740; x_wconf 74' lang='lat' dir='ltr'><strong>Apostolica</strong></span> 
     </span>
     <span class='ocr_line' id='line_1_21' title="bbox 642 2746 4102 2864; baseline 0.004 -47"><span class='ocrx_word' id='word_1_186' title='bbox 642 2753 748 2817; x_wconf 84' lang='lat' dir='ltr'><strong>vel</strong></span> <span class='ocrx_word' id='word_1_187' title='bbox 810 2756 1206 2819; x_wconf 89' lang='lat' dir='ltr'><strong>monasteria</strong></span> <span class='ocrx_word' id='word_1_188' title='bbox 1265 2755 1398 2819; x_wconf 89' lang='lat' dir='ltr'><strong>suis</strong></span> <span class='ocrx_word' id='word_1_189' title='bbox 1457 2755 1527 2818; x_wconf 93' lang='lat' dir='ltr'><strong>in</strong></span> <span class='ocrx_word' id='word_1_190' title='bbox 1590 2754 1816 2837; x_wconf 90' lang='lat' dir='ltr'><strong>bonis,</strong></span> <span class='ocrx_word' id='word_1_191' title='bbox 1855 2754 2153 2839; x_wconf 78' lang='lat' dir='ltr'><strong>Juribus,</strong></span> <span class='ocrx_word' id='word_1_192' title='bbox 2200 2754 2445 2838; x_wconf 87' lang='lat' dir='ltr'><strong>regulis</strong></span> <span class='ocrx_word' id='word_1_193' title='bbox 2493 2755 2988 2840; x_wconf 87' lang='lat' dir='ltr'><strong>confirmantur,</strong></span> <span class='ocrx_word' id='word_1_194' title='bbox 3036 2756 3565 2846; x_wconf 89' lang='lat' dir='ltr'><strong>quandoquidem</strong></span> <span class='ocrx_word' id='word_1_195' title='bbox 3611 2766 3682 2830; x_wconf 92' lang='lat' dir='ltr'><strong>in</strong></span> <span class='ocrx_word' id='word_1_196' title='bbox 3702 2746 4102 2864; x_wconf 48' lang='grc' dir='ltr'><strong>Ρῗζῗέἑζὲξω</strong></span> 
     </span>
     <span class='ocr_line' id='line_1_22' title="bbox 643 2857 3984 2957; baseline 0.002 -36"><span class='ocrx_word' id='word_1_197' title='bbox 643 2857 924 2923; x_wconf 90' lang='lat' dir='ltr'><strong>eundem</strong></span> <span class='ocrx_word' id='word_1_198' title='bbox 983 2858 1120 2924; x_wconf 87' lang='lat' dir='ltr'><strong>fere</strong></span> <span class='ocrx_word' id='word_1_199' title='bbox 1182 2880 1445 2925; x_wconf 89' lang='lat' dir='ltr'><strong>sensum</strong></span> <span class='ocrx_word' id='word_1_200' title='bbox 1506 2857 1720 2923; x_wconf 89' lang='lat' dir='ltr'><strong>redire</strong></span> <span class='ocrx_word' id='word_1_201' title='bbox 1782 2857 2091 2923; x_wconf 90' lang='lat' dir='ltr'><strong>videntur</strong></span> <span class='ocrx_word' id='word_1_202' title='bbox 2137 2877 2211 2921; x_wconf 93' lang='lat' dir='ltr'><strong>ac</strong></span> <span class='ocrx_word' id='word_1_203' title='bbox 2258 2858 2492 2924; x_wconf 89' lang='lat' dir='ltr'><strong>literae</strong></span> <span class='ocrx_word' id='word_1_204' title='bbox 2540 2862 3096 2926; x_wconf 83' lang='lat' dir='ltr'><strong>conservatoriae:</strong></span> <span class='ocrx_word' id='word_1_205' title='bbox 3146 2863 3326 2929; x_wconf 91' lang='lat' dir='ltr'><strong>hisce</strong></span> <span class='ocrx_word' id='word_1_206' title='bbox 3373 2867 3687 2957; x_wconf 89' lang='lat' dir='ltr'><strong>mediate,</strong></span> <span class='ocrx_word' id='word_1_207' title='bbox 3800 2881 3984 2945; x_wconf 84' lang='lat' dir='ltr'><strong>jurum.</strong></span> 
     </span>
     <span class='ocr_line' id='line_1_23' title="bbox 645 2958 3691 3062; baseline 0.006 -38"><span class='ocrx_word' id='word_1_208' title='bbox 645 2962 895 3027; x_wconf 88' lang='lat' dir='ltr'><strong>scilicet</strong></span> <span class='ocrx_word' id='word_1_209' title='bbox 953 2984 1071 3049; x_wconf 90' lang='lat' dir='ltr'><strong>per</strong></span> <span class='ocrx_word' id='word_1_210' title='bbox 1131 2967 1625 3028; x_wconf 82' lang='lat' dir='ltr'><strong>conservatores</strong></span> <span class='ocrx_word' id='word_1_211' title='bbox 1692 2960 2078 3048; x_wconf 89' lang='lat' dir='ltr'><strong>deputatos,</strong></span> <span class='ocrx_word' id='word_1_212' title='bbox 2139 2958 2271 3027; x_wconf 90' lang='lat' dir='ltr'><strong>illis</strong></span> <span class='ocrx_word' id='word_1_213' title='bbox 2331 2985 2486 3030; x_wconf 83' lang='lat' dir='ltr'><strong>vero</strong></span> <span class='ocrx_word' id='word_1_214' title='bbox 2550 2964 2927 3031; x_wconf 86' lang='lat' dir='ltr'><strong>immediate</strong></span> <span class='ocrx_word' id='word_1_215' title='bbox 2988 2969 3411 3036; x_wconf 80' lang='lat' dir='ltr'><strong>constituitur</strong></span> <span class='ocrx_word' id='word_1_216' title='bbox 3456 2974 3691 3062; x_wconf 87' lang='lat' dir='ltr'><strong>aliquis</strong></span> 
     </span>
     <span class='ocr_line' id='line_1_24' title="bbox 643 3066 3233 3156; baseline 0.003 -25"><span class='ocrx_word' id='word_1_217' title='bbox 643 3068 764 3132; x_wconf 90' lang='lat' dir='ltr'><strong>sub</strong></span> <span class='ocrx_word' id='word_1_218' title='bbox 810 3068 1219 3155; x_wconf 88' lang='lat' dir='ltr'><strong>protectione</strong></span> <span class='ocrx_word' id='word_1_219' title='bbox 1266 3066 1454 3133; x_wconf 87' lang='lat' dir='ltr'><strong>Sedis</strong></span> <span class='ocrx_word' id='word_1_220' title='bbox 1500 3068 1963 3153; x_wconf 86' lang='lat' dir='ltr'><strong>Apostolicae,</strong></span> <span class='ocrx_word' id='word_1_221' title='bbox 2014 3091 2097 3134; x_wconf 90' lang='lat' dir='ltr'><strong>ne</strong></span> <span class='ocrx_word' id='word_1_222' title='bbox 2143 3069 2401 3156; x_wconf 89' lang='lat' dir='ltr'><strong>injuriis</strong></span> <span class='ocrx_word' id='word_1_223' title='bbox 2448 3070 2848 3135; x_wconf 85' lang='lat' dir='ltr'><strong>molestiisve</strong></span> <span class='ocrx_word' id='word_1_224' title='bbox 2895 3071 3233 3139; x_wconf 89' lang='lat' dir='ltr'><strong>afficiatur.</strong></span> 
     </span>
    </p>

    <p class='ocr_par' dir='ltr' id='par_1_5' title="bbox 627 3171 3692 5134">
     <span class='ocr_line' id='line_1_25' title="bbox 865 3171 3692 3262; baseline 0.005 -25"><span class='ocrx_word' id='word_1_225' title='bbox 865 3171 1201 3237; x_wconf 85' lang='lat' dir='ltr'><strong>Nonnulla</strong></span> <span class='ocrx_word' id='word_1_226' title='bbox 1246 3172 1644 3236; x_wconf 90' lang='lat' dir='ltr'><strong>monasteria</strong></span> <span class='ocrx_word' id='word_1_227' title='bbox 1689 3171 1865 3259; x_wconf 89' lang='lat' dir='ltr'><strong>apud</strong></span> <span class='ocrx_word' id='word_1_228' title='bbox 1914 3193 2034 3239; x_wconf 89' lang='lat' dir='ltr'><strong>nos</strong></span> <span class='ocrx_word' id='word_1_229' title='bbox 2083 3175 2203 3239; x_wconf 93' lang='lat' dir='ltr'><strong>sub</strong></span> <span class='ocrx_word' id='word_1_230' title='bbox 2245 3174 2653 3260; x_wconf 88' lang='lat' dir='ltr'><strong>protectione</strong></span> <span class='ocrx_word' id='word_1_231' title='bbox 2688 3174 2876 3239; x_wconf 87' lang='lat' dir='ltr'><strong>Sedis</strong></span> <span class='ocrx_word' id='word_1_232' title='bbox 2906 3175 3331 3262; x_wconf 85' lang='lat' dir='ltr'><strong>Apostolicae</strong></span> <span class='ocrx_word' id='word_1_233' title='bbox 3367 3182 3462 3247; x_wconf 91' lang='lat' dir='ltr'><strong>ita</strong></span> <span class='ocrx_word' id='word_1_234' title='bbox 3491 3184 3692 3253; x_wconf 87' lang='lat' dir='ltr'><strong>fuisse</strong></span> 
     </span>
     <span class='ocr_line' id='line_1_26' title="bbox 642 3276 3689 3377; baseline 0.005 -35"><span class='ocrx_word' id='word_1_235' title='bbox 642 3277 1032 3359; x_wconf 88' lang='lat' dir='ltr'><strong>constituta,</strong></span> <span class='ocrx_word' id='word_1_236' title='bbox 1096 3282 1170 3341; x_wconf 93' lang='lat' dir='ltr'><strong>ut</strong></span> <span class='ocrx_word' id='word_1_237' title='bbox 1231 3277 1426 3340; x_wconf 91' lang='lat' dir='ltr'><strong>simul</strong></span> <span class='ocrx_word' id='word_1_238' title='bbox 1486 3277 1569 3341; x_wconf 90' lang='lat' dir='ltr'><strong>ab</strong></span> <span class='ocrx_word' id='word_1_239' title='bbox 1634 3276 1963 3343; x_wconf 83' lang='lat' dir='ltr'><strong>ordinaria</strong></span> <span class='ocrx_word' id='word_1_240' title='bbox 2024 3279 2314 3365; x_wconf 89' lang='lat' dir='ltr'><strong>episcopi</strong></span> <span class='ocrx_word' id='word_1_241' title='bbox 2374 3283 2702 3365; x_wconf 89' lang='lat' dir='ltr'><strong>potestate</strong></span> <span class='ocrx_word' id='word_1_242' title='bbox 2769 3280 3244 3366; x_wconf 84' lang='lat' dir='ltr'><strong>eximerentur,</strong></span> <span class='ocrx_word' id='word_1_243' title='bbox 3301 3287 3442 3370; x_wconf 89' lang='lat' dir='ltr'><strong>jam</strong></span> <span class='ocrx_word' id='word_1_244' title='bbox 3492 3310 3689 3377; x_wconf 87' lang='lat' dir='ltr'><strong>supra</strong></span> 
     </span>
     <span class='ocr_line' id='line_1_27' title="bbox 639 3379 3691 3478; baseline 0.004 -32"><span class='ocrx_word' id='word_1_245' title='bbox 639 3380 939 3446; x_wconf 84' lang='lat' dir='ltr'><strong>vidimus.</strong></span> <span class='ocrx_word' id='word_1_246' title='bbox 967 3381 1019 3464; x_wconf 89' lang='lat'><strong>1)</strong></span> <span class='ocrx_word' id='word_1_247' title='bbox 1078 3379 1212 3446; x_wconf 83' lang='lat' dir='ltr'><strong>Sed</strong></span> <span class='ocrx_word' id='word_1_248' title='bbox 1242 3388 1507 3467; x_wconf 88' lang='lat' dir='ltr'><strong>praeter</strong></span> <span class='ocrx_word' id='word_1_249' title='bbox 1538 3383 1936 3447; x_wconf 86' lang='lat' dir='ltr'><strong>monasteria</strong></span> <span class='ocrx_word' id='word_1_250' title='bbox 1965 3381 2306 3465; x_wconf 87' lang='lat' dir='ltr'><strong>Eltenum,</strong></span> <span class='ocrx_word' id='word_1_251' title='bbox 2340 3382 2876 3468; x_wconf 84' lang='lat' dir='ltr'><strong>Egmundanum,</strong></span> <span class='ocrx_word' id='word_1_252' title='bbox 2910 3386 3432 3474; x_wconf 87' lang='lat' dir='ltr'><strong>Rinisburgense</strong></span> <span class='ocrx_word' id='word_1_253' title='bbox 3464 3413 3691 3478; x_wconf 89' lang='lat' dir='ltr'><strong>quam-</strong></span> 
     </span>
     <span class='ocr_line' id='line_1_28' title="bbox 638 3484 3690 3584; baseline 0.005 -34"><span class='ocrx_word' id='word_1_254' title='bbox 638 3487 827 3573; x_wconf 87' lang='lat' dir='ltr'><strong>plura</strong></span> <span class='ocrx_word' id='word_1_255' title='bbox 887 3491 1075 3550; x_wconf 91' lang='lat' dir='ltr'><strong>erant</strong></span> <span class='ocrx_word' id='word_1_256' title='bbox 1132 3484 1277 3549; x_wconf 89' lang='lat' dir='ltr'><strong>loca</strong></span> <span class='ocrx_word' id='word_1_257' title='bbox 1338 3506 1556 3567; x_wconf 86' lang='lat' dir='ltr'><strong>sacra,</strong></span> <span class='ocrx_word' id='word_1_258' title='bbox 1606 3506 1772 3572; x_wconf 91' lang='lat' dir='ltr'><strong>quae</strong></span> <span class='ocrx_word' id='word_1_259' title='bbox 1821 3487 2084 3552; x_wconf 90' lang='lat' dir='ltr'><strong>tametsi</strong></span> <span class='ocrx_word' id='word_1_260' title='bbox 2131 3508 2266 3552; x_wconf 92' lang='lat' dir='ltr'><strong>non</strong></span> <span class='ocrx_word' id='word_1_261' title='bbox 2314 3493 2658 3574; x_wconf 83' lang='lat' dir='ltr'><strong>exempta,</strong></span> <span class='ocrx_word' id='word_1_262' title='bbox 2706 3486 2941 3553; x_wconf 89' lang='lat' dir='ltr'><strong>latiore</strong></span> <span class='ocrx_word' id='word_1_263' title='bbox 2989 3490 3270 3575; x_wconf 90' lang='lat' dir='ltr'><strong>quodam</strong></span> <span class='ocrx_word' id='word_1_264' title='bbox 3318 3515 3514 3562; x_wconf 91' lang='lat' dir='ltr'><strong>sensu</strong></span> <span class='ocrx_word' id='word_1_265' title='bbox 3562 3500 3690 3584; x_wconf 89' lang='lat' dir='ltr'><strong>pri-</strong></span> 
     </span>
     <span class='ocr_line' id='line_1_29' title="bbox 637 3590 3690 3687; baseline 0.004 -31"><span class='ocrx_word' id='word_1_266' title='bbox 637 3591 876 3677; x_wconf 83' lang='lat' dir='ltr'><strong>vilegio</strong></span> <span class='ocrx_word' id='word_1_267' title='bbox 922 3590 1347 3677; x_wconf 88' lang='lat' dir='ltr'><strong>protectionis</strong></span> <span class='ocrx_word' id='word_1_268' title='bbox 1391 3590 1815 3677; x_wconf 85' lang='lat' dir='ltr'><strong>Apostolicae</strong></span> <span class='ocrx_word' id='word_1_269' title='bbox 1863 3590 2262 3677; x_wconf 84' lang='lat' dir='ltr'><strong>gaudebant.</strong></span> <span class='ocrx_word' id='word_1_270' title='bbox 2334 3592 2697 3677; x_wconf 89' lang='lat' dir='ltr'><strong>Praecipue</strong></span> <span class='ocrx_word' id='word_1_271' title='bbox 2745 3592 3016 3678; x_wconf 90' lang='lat' dir='ltr'><strong>quidem</strong></span> <span class='ocrx_word' id='word_1_272' title='bbox 3054 3615 3224 3660; x_wconf 88' lang='lat' dir='ltr'><strong>saec.</strong></span> <span class='ocrx_word' id='word_1_273' title='bbox 3257 3597 3433 3665; x_wconf 91' lang='lat' dir='ltr'>XIII</span> <span class='ocrx_word' id='word_1_274' title='bbox 3464 3600 3690 3687; x_wconf 88' lang='lat' dir='ltr'><strong>hujus-</strong></span> 
     </span>
     <span class='ocr_line' id='line_1_30' title="bbox 639 3694 3687 3783; baseline 0.004 -22"><span class='ocrx_word' id='word_1_275' title='bbox 639 3694 815 3761; x_wconf 92' lang='lat' dir='ltr'><strong>modi</strong></span> <span class='ocrx_word' id='word_1_276' title='bbox 888 3694 1113 3759; x_wconf 87' lang='lat' dir='ltr'><strong>literas</strong></span> <span class='ocrx_word' id='word_1_277' title='bbox 1188 3695 1701 3760; x_wconf 89' lang='lat' dir='ltr'><strong>confirmatorias</strong></span> <span class='ocrx_word' id='word_1_278' title='bbox 1772 3718 1812 3761; x_wconf 89' lang='lat' dir='ltr'><strong>a</strong></span> <span class='ocrx_word' id='word_1_279' title='bbox 1882 3695 2166 3761; x_wconf 81' lang='lat' dir='ltr'><strong>Summis</strong></span> <span class='ocrx_word' id='word_1_280' title='bbox 2236 3695 2668 3761; x_wconf 89' lang='lat' dir='ltr'><strong>Pontificibus</strong></span> <span class='ocrx_word' id='word_1_281' title='bbox 2739 3698 3091 3783; x_wconf 90' lang='lat' dir='ltr'><strong>appetiisse</strong></span> <span class='ocrx_word' id='word_1_282' title='bbox 3162 3704 3300 3764; x_wconf 92' lang='lat' dir='ltr'><strong>tum</strong></span> <span class='ocrx_word' id='word_1_283' title='bbox 3373 3705 3687 3773; x_wconf 91' lang='lat' dir='ltr'><strong>ecclesiae</strong></span> 
     </span>
     <span class='ocr_line' id='line_1_31' title="bbox 639 3799 3687 3897; baseline 0.004 -32"><span class='ocrx_word' id='word_1_284' title='bbox 639 3800 1003 3865; x_wconf 78' lang='lat' dir='ltr'><strong>saeculares</strong></span> <span class='ocrx_word' id='word_1_285' title='bbox 1065 3819 1211 3864; x_wconf 89' lang='lat' dir='ltr'><strong>cum</strong></span> <span class='ocrx_word' id='word_1_286' title='bbox 1275 3799 1671 3865; x_wconf 89' lang='lat' dir='ltr'><strong>monasteria</strong></span> <span class='ocrx_word' id='word_1_287' title='bbox 1729 3799 2128 3885; x_wconf 86' lang='lat' dir='ltr'><strong>regularium</strong></span> <span class='ocrx_word' id='word_1_288' title='bbox 2191 3800 2366 3888; x_wconf 91' lang='lat' dir='ltr'><strong>apud</strong></span> <span class='ocrx_word' id='word_1_289' title='bbox 2429 3821 2549 3865; x_wconf 92' lang='lat' dir='ltr'><strong>nos</strong></span> <span class='ocrx_word' id='word_1_290' title='bbox 2611 3800 2937 3866; x_wconf 84' lang='lat' dir='ltr'><strong>videntur.</strong></span> <span class='ocrx_word' id='word_1_291' title='bbox 3031 3802 3240 3869; x_wconf 91' lang='lat' dir='ltr'><strong>Immo</strong></span> <span class='ocrx_word' id='word_1_292' title='bbox 3296 3828 3429 3872; x_wconf 93' lang='lat' dir='ltr'><strong>non</strong></span> <span class='ocrx_word' id='word_1_293' title='bbox 3475 3832 3687 3897; x_wconf 91' lang='lat' dir='ltr'><strong>pauca</strong></span> 
     </span>
     <span class='ocr_line' id='line_1_32' title="bbox 636 3903 3689 4002; baseline 0.004 -32"><span class='ocrx_word' id='word_1_294' title='bbox 636 3905 1099 3987; x_wconf 80' lang='lat' dir='ltr'><strong>inveniuntur,</strong></span> <span class='ocrx_word' id='word_1_295' title='bbox 1171 3925 1338 3990; x_wconf 89' lang='lat' dir='ltr'><strong>quae</strong></span> <span class='ocrx_word' id='word_1_296' title='bbox 1407 3903 1541 3969; x_wconf 90' lang='lat' dir='ltr'><strong>tale</strong></span> <span class='ocrx_word' id='word_1_297' title='bbox 1608 3904 2023 3991; x_wconf 86' lang='lat' dir='ltr'><strong>privilegium</strong></span> <span class='ocrx_word' id='word_1_298' title='bbox 2094 3907 2264 3969; x_wconf 89' lang='lat' dir='ltr'><strong>tanti</strong></span> <span class='ocrx_word' id='word_1_299' title='bbox 2326 3905 2878 3987; x_wconf 80' lang='lat' dir='ltr'><strong>aestimaverunt,</strong></span> <span class='ocrx_word' id='word_1_300' title='bbox 2948 3914 3024 3972; x_wconf 92' lang='lat' dir='ltr'><strong>ut</strong></span> <span class='ocrx_word' id='word_1_301' title='bbox 3071 3910 3273 3973; x_wconf 88' lang='lat' dir='ltr'><strong>semel</strong></span> <span class='ocrx_word' id='word_1_302' title='bbox 3317 3912 3689 4002; x_wconf 89' lang='lat' dir='ltr'><strong>iterumque</strong></span> 
     </span>
     <span class='ocr_line' id='line_1_33' title="bbox 637 4007 3685 4105; baseline 0.004 -32"><span class='ocrx_word' id='word_1_303' title='bbox 637 4008 920 4095; x_wconf 89' lang='lat' dir='ltr'><strong>idipsum</strong></span> <span class='ocrx_word' id='word_1_304' title='bbox 965 4008 1346 4095; x_wconf 80' lang='lat' dir='ltr'><strong>putaverint</strong></span> <span class='ocrx_word' id='word_1_305' title='bbox 1389 4007 1895 4094; x_wconf 89' lang='lat' dir='ltr'><strong>impetrandum.</strong></span> <span class='ocrx_word' id='word_1_306' title='bbox 1988 4008 2095 4073; x_wconf 89' lang='lat' dir='ltr'><strong>Ita</strong></span> <span class='ocrx_word' id='word_1_307' title='bbox 2140 4014 2377 4094; x_wconf 86' lang='lat' dir='ltr'><strong>quater</strong></span> <span class='ocrx_word' id='word_1_308' title='bbox 2422 4008 2689 4073; x_wconf 87' lang='lat' dir='ltr'><strong>abbatia</strong></span> <span class='ocrx_word' id='word_1_309' title='bbox 2734 4009 2798 4075; x_wconf 90' lang='lat' dir='ltr'><strong>b.</strong></span> <span class='ocrx_word' id='word_1_310' title='bbox 2845 4010 3093 4076; x_wconf 88' lang='lat' dir='ltr'><strong>Mariae</strong></span> <span class='ocrx_word' id='word_1_311' title='bbox 3140 4013 3685 4105; x_wconf 81' lang='lat' dir='ltr'><strong>walachriensis,</strong></span> 
     </span>
     <span class='ocr_line' id='line_1_34' title="bbox 636 4111 3689 4201; baseline 0.004 -23"><span class='ocrx_word' id='word_1_312' title='bbox 636 4120 866 4201; x_wconf 89' lang='lat' dir='ltr'><strong>postea</strong></span> <span class='ocrx_word' id='word_1_313' title='bbox 919 4111 1514 4197; x_wconf 84' lang='lat' dir='ltr'><strong>Middelburgensis</strong></span> <span class='ocrx_word' id='word_1_314' title='bbox 1568 4114 1846 4196; x_wconf 90' lang='lat' dir='ltr'><strong>(numm.</strong></span> <span class='ocrx_word' id='word_1_315' title='bbox 1897 4113 2018 4196; x_wconf 90' lang='grc'>32,</span> <span class='ocrx_word' id='word_1_316' title='bbox 2073 4114 2236 4195; x_wconf 91' lang='grc'>102,</span> <span class='ocrx_word' id='word_1_317' title='bbox 2288 4115 2459 4197; x_wconf 87' lang='lat'><strong>491,</strong></span> <span class='ocrx_word' id='word_1_318' title='bbox 2508 4114 2706 4197; x_wconf 88' lang='grc'>919),</span> <span class='ocrx_word' id='word_1_319' title='bbox 2749 4114 3042 4200; x_wconf 87' lang='lat' dir='ltr'><strong>itemque</strong></span> <span class='ocrx_word' id='word_1_320' title='bbox 3090 4121 3560 4186; x_wconf 90' lang='lat' dir='ltr'><strong>monasterium</strong></span> <span class='ocrx_word' id='word_1_321' title='bbox 3607 4123 3689 4190; x_wconf 91' lang='lat' dir='ltr'><strong>de</strong></span> 
     </span>
     <span class='ocr_line' id='line_1_35' title="bbox 638 4216 3691 4305; baseline 0.003 -22"><span class='ocrx_word' id='word_1_322' title='bbox 638 4218 864 4283; x_wconf 90' lang='lat' dir='ltr'><strong>Insula</strong></span> <span class='ocrx_word' id='word_1_323' title='bbox 924 4217 989 4282; x_wconf 81' lang='lat' dir='ltr'><strong>S.</strong></span> <span class='ocrx_word' id='word_1_324' title='bbox 1052 4216 1299 4281; x_wconf 87' lang='lat' dir='ltr'><strong>Mariae</strong></span> <span class='ocrx_word' id='word_1_325' title='bbox 1361 4217 1632 4299; x_wconf 87' lang='lat' dir='ltr'><strong>(numm.</strong></span> <span class='ocrx_word' id='word_1_326' title='bbox 1692 4218 1818 4299; x_wconf 88' lang='grc'>23,</span> <span class='ocrx_word' id='word_1_327' title='bbox 1875 4219 1997 4300; x_wconf 93' lang='grc'>67,</span> <span class='ocrx_word' id='word_1_328' title='bbox 2052 4220 2218 4301; x_wconf 91' lang='grc'>133,</span> <span class='ocrx_word' id='word_1_329' title='bbox 2268 4218 2464 4302; x_wconf 91' lang='grc'>287),</span> <span class='ocrx_word' id='word_1_330' title='bbox 2528 4224 2631 4284; x_wconf 90' lang='lat' dir='ltr'><strong>ter</strong></span> <span class='ocrx_word' id='word_1_331' title='bbox 2677 4219 2952 4284; x_wconf 89' lang='lat' dir='ltr'><strong>ecclesia</strong></span> <span class='ocrx_word' id='word_1_332' title='bbox 2996 4221 3313 4305; x_wconf 85' lang='lat' dir='ltr'><strong>regularis</strong></span> <span class='ocrx_word' id='word_1_333' title='bbox 3360 4222 3441 4288; x_wconf 91' lang='lat' dir='ltr'><strong>de</strong></span> <span class='ocrx_word' id='word_1_334' title='bbox 3486 4227 3691 4292; x_wconf 90' lang='lat' dir='ltr'><strong>Beth-</strong></span> 
     </span>
     <span class='ocr_line' id='line_1_36' title="bbox 635 4322 3686 4413; baseline 0.004 -27"><span class='ocrx_word' id='word_1_335' title='bbox 635 4322 848 4388; x_wconf 88' lang='lat' dir='ltr'><strong>lehem</strong></span> <span class='ocrx_word' id='word_1_336' title='bbox 911 4323 1184 4403; x_wconf 91' lang='lat' dir='ltr'><strong>(numm.</strong></span> <span class='ocrx_word' id='word_1_337' title='bbox 1258 4322 1414 4403; x_wconf 85' lang='lat'><strong>130,</strong></span> <span class='ocrx_word' id='word_1_338' title='bbox 1470 4322 1625 4404; x_wconf 90' lang='grc'>141,</span> <span class='ocrx_word' id='word_1_339' title='bbox 1676 4323 1837 4406; x_wconf 95' lang='grc'>262)</span> <span class='ocrx_word' id='word_1_340' title='bbox 1887 4328 1955 4387; x_wconf 91' lang='lat' dir='ltr'><strong>et</strong></span> <span class='ocrx_word' id='word_1_341' title='bbox 2002 4323 2472 4387; x_wconf 89' lang='lat' dir='ltr'><strong>monasterium</strong></span> <span class='ocrx_word' id='word_1_342' title='bbox 2521 4323 2587 4388; x_wconf 80' lang='lat' dir='ltr'><strong>S.</strong></span> <span class='ocrx_word' id='word_1_343' title='bbox 2637 4322 2927 4410; x_wconf 91' lang='lat' dir='ltr'><strong>Odulphi</strong></span> <span class='ocrx_word' id='word_1_344' title='bbox 2975 4323 3057 4389; x_wconf 93' lang='lat' dir='ltr'><strong>de</strong></span> <span class='ocrx_word' id='word_1_345' title='bbox 3105 4325 3369 4392; x_wconf 83' lang='lat' dir='ltr'><strong>Stauria</strong></span> <span class='ocrx_word' id='word_1_346' title='bbox 3413 4331 3686 4413; x_wconf 91' lang='lat' dir='ltr'><strong>(numm.</strong></span> 
     </span>
     <span class='ocr_line' id='line_1_37' title="bbox 642 4423 3687 4513; baseline 0.003 -22"><span class='ocrx_word' id='word_1_347' title='bbox 642 4429 756 4509; x_wconf 87' lang='lat'><strong>19,</strong></span> <span class='ocrx_word' id='word_1_348' title='bbox 821 4426 1035 4508; x_wconf 90' lang='grc'>2274,</span> <span class='ocrx_word' id='word_1_349' title='bbox 1094 4425 1328 4508; x_wconf 89' lang='grc'>2276),</span> <span class='ocrx_word' id='word_1_350' title='bbox 1377 4423 1477 4489; x_wconf 90' lang='lat' dir='ltr'><strong>bis</strong></span> <span class='ocrx_word' id='word_1_351' title='bbox 1525 4430 1893 4490; x_wconf 86' lang='lat' dir='ltr'><strong>conventus</strong></span> <span class='ocrx_word' id='word_1_352' title='bbox 1941 4425 2024 4491; x_wconf 91' lang='lat' dir='ltr'><strong>de</strong></span> <span class='ocrx_word' id='word_1_353' title='bbox 2072 4426 2283 4490; x_wconf 90' lang='lat' dir='ltr'><strong>Horst</strong></span> <span class='ocrx_word' id='word_1_354' title='bbox 2329 4427 2604 4509; x_wconf 89' lang='lat' dir='ltr'><strong>(numm.</strong></span> <span class='ocrx_word' id='word_1_355' title='bbox 2659 4430 2784 4492; x_wconf 92' lang='grc'>162</span> <span class='ocrx_word' id='word_1_356' title='bbox 2834 4436 2900 4493; x_wconf 95' lang='lat' dir='ltr'><strong>et</strong></span> <span class='ocrx_word' id='word_1_357' title='bbox 2948 4430 3141 4513; x_wconf 91' lang='grc'>277),</span> <span class='ocrx_word' id='word_1_358' title='bbox 3191 4430 3273 4496; x_wconf 88' lang='grc'><strong>(16</strong></span> <span class='ocrx_word' id='word_1_359' title='bbox 3319 4432 3687 4500; x_wconf 87' lang='lat' dir='ltr'><strong>Jerusalem</strong></span> 
     </span>
     <span class='ocr_line' id='line_1_38' title="bbox 633 4528 3685 4624; baseline 0.003 -30"><span class='ocrx_word' id='word_1_360' title='bbox 633 4550 836 4618; x_wconf 90' lang='lat' dir='ltr'><strong>prope</strong></span> <span class='ocrx_word' id='word_1_361' title='bbox 880 4528 1309 4613; x_wconf 86' lang='lat' dir='ltr'><strong>Biezelingen</strong></span> <span class='ocrx_word' id='word_1_362' title='bbox 1356 4529 1629 4611; x_wconf 91' lang='lat' dir='ltr'><strong>(numm.</strong></span> <span class='ocrx_word' id='word_1_363' title='bbox 1680 4529 1811 4593; x_wconf 90' lang='grc'><strong>224</strong></span> <span class='ocrx_word' id='word_1_364' title='bbox 1858 4535 1928 4595; x_wconf 91' lang='lat' dir='ltr'><strong>et</strong></span> <span class='ocrx_word' id='word_1_365' title='bbox 1975 4531 2165 4614; x_wconf 88' lang='grc'>265),</span> <span class='ocrx_word' id='word_1_366' title='bbox 2215 4531 2298 4596; x_wconf 88' lang='grc'><strong>(16</strong></span> <span class='ocrx_word' id='word_1_367' title='bbox 2351 4531 2598 4617; x_wconf 83' lang='lat' dir='ltr'><strong>Campo</strong></span> <span class='ocrx_word' id='word_1_368' title='bbox 2646 4531 2851 4617; x_wconf 81' lang='lat' dir='ltr'><strong>Regis</strong></span> <span class='ocrx_word' id='word_1_369' title='bbox 2898 4534 3171 4616; x_wconf 88' lang='lat' dir='ltr'><strong>(numm.</strong></span> <span class='ocrx_word' id='word_1_370' title='bbox 3222 4537 3352 4600; x_wconf 89' lang='grc'><strong>242</strong></span> <span class='ocrx_word' id='word_1_371' title='bbox 3392 4543 3462 4602; x_wconf 91' lang='lat' dir='ltr'><strong>et</strong></span> <span class='ocrx_word' id='word_1_372' title='bbox 3502 4540 3685 4624; x_wconf 87' lang='lat'>244).</span> 
     </span>
     <span class='ocr_line' id='line_1_39' title="bbox 635 4632 3686 4719; baseline 0.003 -20"><span class='ocrx_word' id='word_1_373' title='bbox 635 4634 818 4709; x_wconf 84' lang='lat' dir='ltr'><strong>Quae</strong></span> <span class='ocrx_word' id='word_1_374' title='bbox 881 4632 1085 4697; x_wconf 90' lang='lat' dir='ltr'><strong>semel</strong></span> <span class='ocrx_word' id='word_1_375' title='bbox 1144 4633 1319 4697; x_wconf 88' lang='lat' dir='ltr'><strong>bona</strong></span> <span class='ocrx_word' id='word_1_376' title='bbox 1369 4633 1652 4718; x_wconf 89' lang='lat' dir='ltr'><strong>juraque</strong></span> <span class='ocrx_word' id='word_1_377' title='bbox 1704 4654 1823 4698; x_wconf 89' lang='lat' dir='ltr'><strong>sua</strong></span> <span class='ocrx_word' id='word_1_378' title='bbox 1865 4633 2293 4719; x_wconf 85' lang='lat' dir='ltr'><strong>Apostolicae</strong></span> <span class='ocrx_word' id='word_1_379' title='bbox 2343 4633 2501 4701; x_wconf 83' lang='lat' dir='ltr'><strong>Sedi</strong></span> <span class='ocrx_word' id='word_1_380' title='bbox 2546 4636 2794 4701; x_wconf 89' lang='lat' dir='ltr'><strong>tuenda</strong></span> <span class='ocrx_word' id='word_1_381' title='bbox 2841 4638 3304 4703; x_wconf 89' lang='lat' dir='ltr'><strong>commiserunt</strong></span> <span class='ocrx_word' id='word_1_382' title='bbox 3349 4648 3504 4706; x_wconf 89' lang='lat' dir='ltr'><strong>sunt</strong></span> <span class='ocrx_word' id='word_1_383' title='bbox 3551 4665 3686 4708; x_wconf 91' lang='lat' dir='ltr'><strong>mo-</strong></span> 
     </span>
     <span class='ocr_line' id='line_1_40' title="bbox 635 4734 3682 4828; baseline 0.003 -26"><span class='ocrx_word' id='word_1_384' title='bbox 635 4738 920 4804; x_wconf 88' lang='lat' dir='ltr'><strong>nasteria</strong></span> <span class='ocrx_word' id='word_1_385' title='bbox 963 4736 1034 4800; x_wconf 91' lang='lat' dir='ltr'><strong>in</strong></span> <span class='ocrx_word' id='word_1_386' title='bbox 1080 4734 1383 4821; x_wconf 76' lang='lat' dir='ltr'><strong>Oudwyk</strong></span> <span class='ocrx_word' id='word_1_387' title='bbox 1428 4757 1631 4823; x_wconf 90' lang='lat' dir='ltr'><strong>prope</strong></span> <span class='ocrx_word' id='word_1_388' title='bbox 1679 4736 2085 4822; x_wconf 84' lang='lat' dir='ltr'><strong>Trajectum,</strong></span> <span class='ocrx_word' id='word_1_389' title='bbox 2135 4739 2206 4802; x_wconf 90' lang='lat' dir='ltr'><strong>in</strong></span> <span class='ocrx_word' id='word_1_390' title='bbox 2256 4738 2641 4825; x_wconf 83' lang='lat' dir='ltr'><strong>Stromberg</strong></span> <span class='ocrx_word' id='word_1_391' title='bbox 2678 4760 2882 4827; x_wconf 91' lang='lat' dir='ltr'><strong>prope</strong></span> <span class='ocrx_word' id='word_1_392' title='bbox 2915 4740 3350 4828; x_wconf 81' lang='lat' dir='ltr'><strong>Dordracum,</strong></span> <span class='ocrx_word' id='word_1_393' title='bbox 3401 4745 3483 4810; x_wconf 92' lang='lat' dir='ltr'><strong>de</strong></span> <span class='ocrx_word' id='word_1_394' title='bbox 3518 4745 3682 4812; x_wconf 83' lang='lat' dir='ltr'><strong>Sinu</strong></span> 
     </span>
     <span class='ocr_line' id='line_1_41' title="bbox 638 4839 3682 4927; baseline 0.002 -19"><span class='ocrx_word' id='word_1_395' title='bbox 638 4842 700 4908; x_wconf 78' lang='lat' dir='ltr'><strong>S.</strong></span> <span class='ocrx_word' id='word_1_396' title='bbox 763 4841 1042 4923; x_wconf 84' lang='lat' dir='ltr'><strong>Mariae,</strong></span> <span class='ocrx_word' id='word_1_397' title='bbox 1104 4839 1175 4904; x_wconf 94' lang='lat' dir='ltr'><strong>in</strong></span> <span class='ocrx_word' id='word_1_398' title='bbox 1235 4839 1691 4925; x_wconf 88' lang='lat' dir='ltr'><strong>Loosduinen,</strong></span> <span class='ocrx_word' id='word_1_399' title='bbox 1758 4842 2307 4926; x_wconf 83' lang='lat' dir='ltr'><strong>Leeuwenhorst,</strong></span> <span class='ocrx_word' id='word_1_400' title='bbox 2357 4842 2741 4927; x_wconf 89' lang='lat' dir='ltr'><strong>Hemelum,</strong></span> <span class='ocrx_word' id='word_1_401' title='bbox 2790 4842 3021 4910; x_wconf 90' lang='lat' dir='ltr'><strong>domus</strong></span> <span class='ocrx_word' id='word_1_402' title='bbox 3068 4846 3479 4913; x_wconf 87' lang='lat' dir='ltr'><strong>Theutonica</strong></span> <span class='ocrx_word' id='word_1_403' title='bbox 3523 4850 3682 4916; x_wconf 82' lang='lat' dir='ltr'><strong>Tra-</strong></span> 
     </span>
     <span class='ocr_line' id='line_1_42' title="bbox 627 4942 3680 5037; baseline 0.003 -26"><span class='ocrx_word' id='word_1_404' title='bbox 627 4946 968 5031; x_wconf 88' lang='lat' dir='ltr'><strong>jectensis,</strong></span> <span class='ocrx_word' id='word_1_405' title='bbox 1014 4942 1342 5030; x_wconf 87' lang='lat' dir='ltr'><strong>hospitale</strong></span> <span class='ocrx_word' id='word_1_406' title='bbox 1386 4965 1747 5031; x_wconf 89' lang='lat' dir='ltr'><strong>pauperum</strong></span> <span class='ocrx_word' id='word_1_407' title='bbox 1795 4947 1867 5010; x_wconf 91' lang='lat' dir='ltr'><strong>in</strong></span> <span class='ocrx_word' id='word_1_408' title='bbox 1910 4945 2167 5012; x_wconf 88' lang='lat' dir='ltr'><strong>Kuinre</strong></span> <span class='ocrx_word' id='word_1_409' title='bbox 2215 4947 2491 5030; x_wconf 87' lang='lat' dir='ltr'><strong>(numm.</strong></span> <span class='ocrx_word' id='word_1_410' title='bbox 2543 4949 2659 5030; x_wconf 85' lang='lat'><strong>82,</strong></span> <span class='ocrx_word' id='word_1_411' title='bbox 2696 4950 2812 5032; x_wconf 91' lang='grc'><strong>83,</strong></span> <span class='ocrx_word' id='word_1_412' title='bbox 2859 4951 3013 5032; x_wconf 94' lang='grc'>132,</span> <span class='ocrx_word' id='word_1_413' title='bbox 3064 4951 3227 5032; x_wconf 88' lang='grc'>225,</span> <span class='ocrx_word' id='word_1_414' title='bbox 3270 4953 3431 5037; x_wconf 89' lang='grc'>576,</span> <span class='ocrx_word' id='word_1_415' title='bbox 3473 4955 3680 5035; x_wconf 92' lang='grc'>2277,</span> 
     </span>
     <span class='ocr_line' id='line_1_43' title="bbox 638 5049 1344 5134; baseline -0.004 -20"><span class='ocrx_word' id='word_1_416' title='bbox 638 5053 799 5134; x_wconf 90' lang='grc'>317,</span> <span class='ocrx_word' id='word_1_417' title='bbox 853 5049 1344 5132; x_wconf 68' lang='lat' dir='ltr'><strong>llos-1200).</strong></span> 
     </span>
    </p>

    <p class='ocr_par' dir='ltr' id='par_1_6' title="bbox 637 5151 3681 5348">
     <span class='ocr_line' id='line_1_44' title="bbox 856 5151 3681 5241; baseline 0.002 -22"><span class='ocrx_word' id='word_1_418' title='bbox 856 5152 1172 5220; x_wconf 83' lang='lat' dir='ltr'><strong>Similiter</strong></span> <span class='ocrx_word' id='word_1_419' title='bbox 1232 5152 1624 5240; x_wconf 88' lang='lat' dir='ltr'><strong>principales</strong></span> <span class='ocrx_word' id='word_1_420' title='bbox 1687 5151 1862 5240; x_wconf 88' lang='lat' dir='ltr'><strong>apud</strong></span> <span class='ocrx_word' id='word_1_421' title='bbox 1929 5174 2049 5219; x_wconf 90' lang='lat' dir='ltr'><strong>nos</strong></span> <span class='ocrx_word' id='word_1_422' title='bbox 2112 5154 2428 5220; x_wconf 88' lang='lat' dir='ltr'><strong>ecclesiae</strong></span> <span class='ocrx_word' id='word_1_423' title='bbox 2492 5153 2876 5241; x_wconf 83' lang='lat' dir='ltr'><strong>Apostolico</strong></span> <span class='ocrx_word' id='word_1_424' title='bbox 2923 5156 3283 5222; x_wconf 90' lang='lat' dir='ltr'><strong>munimine</strong></span> <span class='ocrx_word' id='word_1_425' title='bbox 3329 5179 3400 5223; x_wconf 91' lang='lat' dir='ltr'><strong>se</strong></span> <span class='ocrx_word' id='word_1_426' title='bbox 3449 5160 3681 5225; x_wconf 87' lang='lat' dir='ltr'><strong>confir-</strong></span> 
     </span>
     <span class='ocr_line' id='line_1_45' title="bbox 637 5255 3680 5348; baseline 0.002 -26"><span class='ocrx_word' id='word_1_427' title='bbox 637 5256 905 5322; x_wconf 88' lang='lat' dir='ltr'><strong>mandas</strong></span> <span class='ocrx_word' id='word_1_428' title='bbox 966 5262 1166 5342; x_wconf 89' lang='lat' dir='ltr'><strong>atque</strong></span> <span class='ocrx_word' id='word_1_429' title='bbox 1224 5255 1664 5342; x_wconf 87' lang='lat' dir='ltr'><strong>protegendas</strong></span> <span class='ocrx_word' id='word_1_430' title='bbox 1732 5277 1867 5322; x_wconf 94' lang='lat' dir='ltr'><strong>non</strong></span> <span class='ocrx_word' id='word_1_431' title='bbox 1914 5279 2058 5324; x_wconf 91' lang='lat' dir='ltr'><strong>raro</strong></span> <span class='ocrx_word' id='word_1_432' title='bbox 2105 5263 2439 5323; x_wconf 87' lang='lat' dir='ltr'><strong>curarunt.</strong></span> <span class='ocrx_word' id='word_1_433' title='bbox 2534 5258 2861 5345; x_wconf 90' lang='lat' dir='ltr'><strong>Imprimis</strong></span> <span class='ocrx_word' id='word_1_434' title='bbox 2905 5258 3051 5344; x_wconf 89' lang='lat' dir='ltr'><strong>ipsa</strong></span> <span class='ocrx_word' id='word_1_435' title='bbox 3098 5260 3373 5325; x_wconf 88' lang='lat' dir='ltr'><strong>ecclesia</strong></span> <span class='ocrx_word' id='word_1_436' title='bbox 3418 5262 3680 5348; x_wconf 82' lang='lat' dir='ltr'><strong>Trajec-</strong></span> 
     </span>
    </p>
   </div>
   <div class='ocr_carea' id='block_1_3' title="bbox 794 5692 1598 5764">
    <p class='ocr_par' dir='ltr' id='par_1_7' title="bbox 794 5692 1598 5764">
     <span class='ocr_line' id='line_1_46' title="bbox 794 5692 1598 5764; baseline -0.007 -15"><span class='ocrx_word' id='word_1_437' title='bbox 794 5699 850 5764; x_wconf 85' lang='lat'><strong>1)</strong></span> <span class='ocrx_word' id='word_1_438' title='bbox 887 5695 1212 5747; x_wconf 74' lang='lat' dir='ltr'><strong>Introductio</strong></span> <span class='ocrx_word' id='word_1_439' title='bbox 1243 5709 1296 5759; x_wconf 87' lang='lat' dir='ltr'><strong>p.</strong></span> <span class='ocrx_word' id='word_1_440' title='bbox 1331 5692 1598 5743; x_wconf 79' lang='lat' dir='ltr'>XXXVII.</span> 
     </span>
    </p>
   </div>
  </div>
 </body>
</html>
