4450 6684
858 490 987 554 124
2154 487 2489 553 Uarum
2536 488 2620 552 V.

851 705 1292 776 1722—1724.
1789 710 2000 790 1362,
2051 708 2421 773 Novembris
2466 711 2577 790 27,
2624 709 2988 773 Avenionis.

1165 865 1250 930 A.
1322 864 1575 929 Decano
1621 864 1909 929 ecclesiae
1948 863 2130 947 Traj.
2164 863 2537 947 mandatur,
2583 872 2657 929 ut
2690 863 3086 929 Ghiselberto
3132 863 3394 928 Wichen
3424 863 3501 928 de
3535 862 3920 928 Gorinchem

1064 979 1378 1059 perpetuo
1438 972 1509 1036 in
1554 971 1810 1036 ecclesia
1856 970 1932 1034 de
1984 970 2367 1035 Gorinchem
2412 973 2684 1055 vicario,
2732 974 2804 1035 in
2849 972 3100 1037 artibus
3146 974 3456 1057 maqistro
3501 978 3562 1036 et
3604 974 3676 1035 in
3722 970 3930 1035 Pari-

1074 1078 1268 1141 siensi
1310 1075 1524 1141 studio
1570 1083 1718 1140 actu
1766 1078 2037 1161 reyenti,
2084 1085 2358 1141 reservet
2389 1076 2751 1158 beneficium
2783 1077 3235 1160 conferendum
3266 1098 3308 1141 a
3333 1078 3700 1162 praeposito
3741 1075 3932 1158 Traj.

1078 1189 1136 1247 et
1182 1203 1323 1247 cum
1369 1202 1528 1246 σανα
1574 1184 1694 1265 25,
1740 1184 1876 1246 sine
1923 1203 2082 1246 σανα
2128 1204 2272 1248 vero
2319 1184 2408 1248 18
2454 1204 2823 1248 marcarum
2868 1185 3123 1269 arqenti
3160 1185 3440 1248 valorem
3478 1203 3763 1246 annuum
3795 1202 3936 1245 non

1075 1289 1389 1354 eaecedens.

1165 1396 1247 1461 B.
1320 1395 1578 1462 Decano
1623 1397 1914 1461 ecclesiae
1962 1396 2030 1461 S.
2079 1395 2339 1460 Mariae
2393 1395 2576 1479 Traj.
2625 1395 3008 1477 mandatur,
3056 1403 3131 1461 ut
3174 1396 3486 1461 Bertoldo
3533 1395 3609 1460 de
3657 1395 3932 1460 Bumen-

1080 1503 1231 1569 hove
1274 1505 1572 1568 canonico
1619 1505 1909 1569 ecclesiae
1954 1503 2022 1567 S.
2071 1502 2435 1568 Salvatoris
2483 1502 2698 1585 Traj.,
2747 1505 3057 1587 maqistro
3103 1505 3173 1568 in
3218 1502 3469 1567 artibus
3514 1510 3575 1567 et
3619 1506 3690 1566 in
3727 1502 3930 1566 Pari-

1077 1614 1272 1677 siensi
1328 1612 1542 1676 studio
1596 1618 1745 1676 actu
1791 1613 1859 1676 in
1906 1610 2128 1675 iisdem
2173 1610 2422 1675 artibus
2468 1612 2737 1694 reqenti,
2785 1610 3290 1695 supplementum
3336 1612 3406 1674 in
3451 1610 3626 1674 dicta
3669 1610 3927 1674 ecclesia

1077 1717 1388 1801 conferat.

1172 1824 1246 1889 O.
1319 1822 1547 1888 Eidem
1607 1824 1841 1890 decano
1888 1824 2259 1906 mandatur,
2307 1831 2381 1888 ut
2429 1823 2699 1887 Nicolao
2746 1822 2823 1887 de
2872 1822 3135 1887 Patella
3180 1823 3406 1887 clerico
3462 1821 3647 1905 Traj.
3695 1821 3928 1902 dioec.,

1080 1933 1150 1996 in
1212 1931 1461 1996 artibus
1506 1933 1843 2016 maqistro,
1906 1938 2176 1996 reservet
2222 1930 2586 2012 beneficium
2631 1929 3082 2012 conferendum
3128 1927 3209 1993 ab
3254 1928 3474 1992 abbate
3519 1935 3579 1993 et
3624 1936 3930 1993 conventu

1080 2039 1453 2103 monasterii
1525 2035 2100 2124 Middelburqensis
2143 2036 2585 2101 Praemonstr.
2635 2036 2880 2100 ordinis
2926 2042 2986 2099 et
3030 2055 3170 2099 cum
3216 2055 3376 2099 σανα
3421 2036 3508 2098 25
3523 2083 3541 2118 ,
3587 2036 3721 2099 sine
3768 2055 3929 2099 σανα

1076 2165 1221 2209 vero
1266 2145 1356 2209 18
1400 2165 1767 2208 marcarum
1814 2147 2065 2229 arqenti
2109 2164 2187 2208 va
2196 2145 2389 2208 lorem
2436 2163 2726 2207 annuum
2771 2162 2899 2206 non
2942 2141 3256 2206 excedens.

1077 2326 1367 2412 Dignum
1415 2326 1871 2391 arbitramur..
1901 2373 1916 2389 .
1947 2375 1962 2389 .
2009 2325 2164 2389 Dat.
2213 2323 2583 2407 Aviniono,
2631 2324 2696 2390 V
2741 2323 2852 2390 Kl.
2903 2324 3323 2406 Decembris,
3372 2343 3547 2389 anno
3595 2323 3828 2410 primo.

1278 2462 1401 2525 1209.
1441 2462 1539 2510 Δυ.
1571 2462 1762 2512 scilicet
1796 2462 1840 2511 A
1884 2463 2018 2512 Tom.
2052 2461 2110 2526 4,
2138 2463 2198 2524 Ι.
2236 2459 2361 2524 2843
2398 2459 2439 2510 B
2465 2462 2526 2524 s.
2562 2457 2687 2523 3253
2724 2458 2764 2509 C
2808 2455 2868 2507 Τ.
2902 2457 2961 2520 5,
2987 2459 3048 2522 Ι.
3082 2455 3166 2508 57.

856 3002 1295 3071 1725-1732.
1782 3008 1989 3088 1362,
2040 3006 2410 3071 Novembris
2456 3008 2576 3088 28,
2634 3005 2988 3069 Aveniom‘s.

1166 3156 1257 3224 A.
1327 3156 1569 3221 Jacobo
1614 3164 1767 3221 nato
1817 3156 2138 3241 quondam
2200 3157 2524 3222 Willermi
2570 3157 2902 3242 Poppom's
2949 3156 3026 3221 de
3072 3154 3401 3237 Zierixee,
3461 3156 3686 3219 clerico
3744 3153 3928 3237 Traj.

1085 3261 1307 3344 dioec.,
1355 3264 1426 3326 in
1454 3263 1617 3344 jure
1663 3263 1960 3326 canonico
2012 3263 2361 3345 licentiato,
2409 3271 2773 3327 reservatur
2816 3262 3026 3326 simile
3069 3260 3431 3343 beneficium
3478 3258 3933 3342 conferendum

1084 3388 1126 3433 a
1187 3369 1473 3452 capitulo
1535 3366 1605 3431 S.
1668 3367 1995 3431 Johannis
2064 3367 2246 3450 Traj.
2299 3406 2382 3417 —
2434 3368 2850 3452 Deputantur
2896 3375 3283 3448 executores,
3350 3368 3519 3430 inter
3564 3386 3721 3451 quos
3767 3364 3937 3429 Phi-

1089 3475 1305 3559 lippus
1351 3473 1428 3538 de
1476 3472 1847 3539 Groenevelt
1892 3481 1952 3537 et
1997 3472 2310 3539 Nicolaus
2357 3475 2433 3538 de
2480 3475 2745 3540 Patella
2791 3477 3077 3540 canonici
3131 3474 3315 3558 Traj.

1173 3580 1251 3646 Β.
1335 3579 1611 3646 Volkero
1673 3580 1841 3646 dicto
1901 3581 1967 3644 Y
1960 3602 2136 3645 seren
2184 3583 2408 3646 clerico
2464 3582 2646 3664 Traj.
2693 3582 2920 3664 dioec.,
2969 3585 3039 3646 in
3084 3580 3331 3645 artibus
3377 3582 3723 3665 mayistro,
3778 3578 3931 3665 „qui

1086 3688 1287 3753 etiam
1333 3687 1558 3752 multis
1606 3688 1794 3752 annis
1842 3687 1911 3751 in
1959 3686 2331 3771 medecina,
2379 3694 2456 3752 ut
2495 3688 2829 3770 asseritur,
2873 3686 3185 3752 studuisti
3203 3687 3267 3770 ,”
3317 3693 3683 3751 reservatur
3720 3685 3928 3750 simile

1084 3794 1445 3877 beneficium
1492 3793 1944 3876 conferendum
1990 3815 2032 3857 a
2076 3795 2362 3879 capitulo
2412 3793 2479 3858 S.
2529 3793 2805 3858 Lebuim'
2850 3793 3352 3858 Daventriensis.

1176 3900 1251 3966 O.
1320 3900 1616 3966 Johanm‘
1677 3901 1893 3986 Proys
1954 3900 2120 3964 dicto
2177 3901 2254 3963 de
2307 3900 2637 3983 Trajecto,
2686 3901 2911 3965 clerico
2930 3949 2947 3983 ,
2995 3902 3065 3964 in
3111 3899 3361 3965 artibus
3405 3902 3713 3985 maqistro
3758 3906 3818 3964 et
3863 3900 3935 3962 in

1083 4006 1395 4071 medicina
1462 4006 1774 4089 studenti,
1843 4014 2209 4071 reservatur
2276 4008 2481 4070 simile
2543 4007 2904 4088 beneficium
2964 4005 3413 4088 conferendum
3474 4004 3553 4068 ab
3610 4003 3830 4068 abbate
3873 4010 3933 4067 et

1084 4120 1390 4178 conventu
1435 4112 1997 4197 Eqmondensibus.

1176 4220 1259 4283 D.
1332 4219 1617 4285 Henrico
1666 4220 1904 4305 Spiker
1950 4221 2027 4284 de
2070 4221 2397 4302 Arnherm
2454 4224 2688 4285 rectori
2720 4220 3125 4305 parochialis
3171 4222 3457 4285 ecclesiae
3504 4217 3582 4282 de
3628 4216 3929 4297 Μανεσα,

1088 4327 1159 4390 in
1204 4326 1454 4391 artibus
1500 4330 1808 4411 ntaqistro
1830 4375 1847 4408 ,
1911 4334 2278 4391 reservatur
2323 4326 2684 4408 beneficium
2727 4328 2957 4391 similis
3000 4328 3277 4409 valoris,
3337 4333 3628 4410 spectans
3674 4324 3762 4388 ad
3805 4322 3934 4386 dis·

1082 4434 1463 4517 positionem
1508 4436 1785 4519 episcopi
1836 4432 2021 4517 Traj.
2073 4471 2155 4482 —
2203 4433 2344 4499 Pro
2388 4434 2662 4518 sinyulis
2707 4433 3105 4517 deputantur
3150 4440 3523 4498 executores.

1178 4536 1255 4601 E.
1330 4537 1622 4620 officiali
1676 4540 2069 4623 Trajectensi
2112 4541 2498 4624 mandatur,
2569 4547 2644 4603 ut
2697 4539 3074 4605 Theoderico
3122 4540 3383 4605 Nicolai
3427 4538 3662 4604 Nellen
3708 4540 3930 4604 clerico

1099 4641 1283 4726 Traj.
1329 4643 1551 4727 dioec.,
1598 4647 1903 4731 maqistro
1951 4648 2022 4710 in
2067 4646 2346 4729 artibus,
2402 4647 2551 4732 „qui
2572 4694 2590 4728 ,
2637 4652 2712 4711 ut
2760 4647 3100 4727 asseritur,
3147 4647 3217 4711 in
3267 4645 3516 4711 eisdem
3564 4645 3816 4710 artibus
3860 4646 3930 4710 in

1092 4737 1448 4815 Parisiensi
1515 4750 1733 4816 studio
1800 4756 1953 4815 actu
2016 4751 2266 4837 regitss’
2328 4754 2397 4816 in
2458 4754 2712 4818 ecclesia
2766 4752 2833 4815 S.
2885 4751 3207 4816 Johannis
3263 4751 3445 4835 Traj.
3494 4754 3934 4874 canonicatum

1089 4854 1379 4937 conferat
1424 4863 1484 4920 et
1516 4856 1955 4941 praebendam
2002 4865 2292 4922 reservet.

1181 4960 1256 5025 F.
1326 4960 1583 5028 Decano
1630 4964 1921 5029 ecclesiae
1972 4962 2038 5027 S.
2088 4962 2347 5028 Mariae
2394 4963 2575 5048 Traj.
2618 4964 2986 5048 mandatur,
3033 4972 3110 5029 ut
3148 4965 3526 5031 Theoderico
3558 4965 3635 5030 de
3663 4964 3934 5051 Heswyc

1092 5069 1327 5133 rectori
1371 5070 1652 5153 capellae
1698 5070 1774 5134 de
1820 5069 2221 5134 Emedamme
2275 5070 2457 5153 Traj.
2506 5071 2695 5136 dioec.
2711 5075 3081 5157 ‚maqistro
3126 5075 3197 5136 in
3251 5072 3498 5137 artibus
3529 5093 3604 5137 ασ
3632 5073 3703 5137 in
3734 5070 3935 5135 Pari-

1093 5175 1286 5238 siensi
1327 5175 1538 5253 studio
1585 5177 1655 5240 in
1701 5175 1923 5239 iisdem
1969 5175 2218 5240 artibus
2263 5184 2412 5240 actu
2456 5180 2698 5263 reqenti
2714 5227 2731 5260 ‚
2779 5178 3069 5260 conferat
3108 5180 3547 5243 canonicatum
3576 5185 3636 5243 et
3667 5183 3938 5242 reservet

1077 5282 1511 5367 praebendam
1556 5305 1698 5349 cum
1743 5285 2174 5369 supplemento
2219 5288 2289 5349 in
2334 5287 2591 5350 ecclesia
2637 5286 2704 5350 S.
2753 5287 2944 5351 Petri
2998 5286 3179 5370 Traj.
3208 5287 3261 5370 1)

1181 5390 1260 5454 G.
1319 5389 1673 5475 (Joharmi)
1704 5392 1989 5476 episcopo
2030 5391 2212 5474 Traj.
2244 5391 2611 5476 mandatur,
2645 5400 2719 5457 ut
2749 5393 3016 5458 Ricoldo
3050 5392 3430 5458 Smontriem
3461 5394 3537 5457 de
3566 5392 3850 5458 Haesten
3872 5391 3929 5473 5³)

1090 5497 1160 5559 in
1221 5496 1470 5560 artibus
1530 5499 1840 5582 maqistro
1894 5503 1955 5560 et
1997 5499 2068 5560 in
2113 5495 2478 5561 Parisiensi
2520 5497 2732 5562 studio
2779 5506 2927 5563 actu
2970 5500 3214 5583 reqenti
3256 5506 3527 5564 reservet
3572 5496 3933 5581 beneficiam

1086 5601 1535 5684 conferendum
1580 5624 1622 5667 a
1668 5604 1951 5690 capitulo
1999 5602 2055 5667 b.
2102 5601 2362 5667 Mariae
2415 5602 2598 5686 Traj.
2645 5611 2706 5668 et
2750 5625 2892 5668 cum
2937 5625 3096 5669 cura
3141 5607 3229 5669 25
3246 5653 3263 5688 ,
3309 5607 3445 5670 sine
3474 5625 3631 5669 σανα
3663 5625 3807 5670 vero
3839 5604 3930 5669 18
