4450 6684
768 474 899 538 110
1979 472 2442 539 Innocua-ms
2485 470 2608 537 VI.

760 689 959 758 1655.
1587 694 1799 777 1360,
1847 694 2132 779 Auqusti
2175 695 2295 777 16,
2342 713 2449 778 ap.
2511 692 2999 757 Villamnovam.

1076 845 1370 912 Johanni
1432 844 1715 911 Ouesken
1777 845 1854 910 de
1918 846 2091 910 Goch
2152 847 2450 911 canonico
2505 846 2793 911 ecclesiae
2855 844 2912 911 b.
2959 844 3217 909 Mariae
3258 845 3579 930 Aquensis
3624 842 3821 910 Leod.

991 952 1181 1016 dioec.
1243 952 1693 1034 conferendum
1753 960 2117 1017 reservatur
2169 951 2529 1034 beneficium
2574 958 2863 1037 spectans
2907 949 2996 1014 ad
3039 949 3508 1034 dispositionem
3551 950 3831 1035 capituli

997 1055 1414 1141 Trajectensis
1473 1063 1533 1121 et
1577 1079 1717 1121 cum
1763 1079 1922 1122 cura
1965 1059 2056 1122 25
2069 1107 2086 1141 ‚
2133 1061 2269 1123 sine
2314 1078 2472 1122 cura
2515 1078 2660 1122 vero
2704 1059 2795 1121 18
2840 1076 3204 1120 marcarum
3248 1058 3500 1140 arqenti
3546 1054 3825 1122 valorem

986 1183 1270 1227 annuum
1317 1184 1444 1227 non
1489 1164 1802 1229 eaecedens.
1855 1202 1936 1213 —
1986 1164 2404 1249 Deputantur
2449 1171 2821 1230 executores.

983 1344 1344 1409 Probitatis
1390 1350 1478 1408 et.
1508 1392 1523 1408 .
1550 1391 1567 1408 .
1596 1391 1612 1408 .
1662 1345 1816 1409 Dat.
1864 1345 2039 1433 apud
2077 1346 2560 1412 villamnovam
2599 1353 2741 1430 etc„
2788 1345 2993 1412 XVII
3023 1346 3133 1413 Kl.
3167 1345 3607 1432 septembris,
3652 1367 3817 1435 pon·

763 1450 1048 1517 tificatus
1095 1451 1301 1515 nostri
1349 1471 1522 1516 anno
1567 1451 1761 1517 VIII.

1179 1584 1305 1647 Ray.
1338 1583 1438 1635 Δυ.
1480 1585 1532 1632 T.
1571 1583 1661 1650 23,
1684 1586 1749 1648 s.
1782 1583 1897 1636 527.

754 2079 951 2148 1656.
1670 2082 1884 2164 1360,
1935 2081 2314 2166 Septembris
2359 2085 2481 2166 20,
2531 2083 2901 2148 Avenionis.

1069 2234 1408 2300 Frederico
1469 2234 1780 2299 Utenham
1829 2235 2022 2299 militi
2065 2243 2125 2300 et
2172 2236 2492 2301 Oristinae
2535 2239 2671 2320 qus
2717 2238 2940 2319 uxori,
2984 2219 3299 2301 nobilibus
3352 2233 3539 2320 Traj.
3586 2236 3817 2321 dioec.²

976 2343 1334 2407 conceditur
1368 2342 1782 2426 privileqium
1819 2341 2156 2425 plenariae
2187 2350 2593 2426 peccatorum
2637 2342 3022 2407 remissionis
3065 2342 3136 2405 in
3181 2341 3458 2406 articulo
3503 2343 3746 2405 mortis.

978 2522 1294 2588 Provenit
1340 2544 1446 2587 ex.
1475 2569 1491 2585 .
1518 2569 1535 2586 .
1562 2569 1578 2586 .
1629 2522 1781 2587 Dat.
1832 2522 2198 2606 Avinione,
2246 2520 2387 2587 XII
2431 2522 2542 2588 Kl.
2590 2521 2932 2605 Octobris,
2979 2541 3155 2587 anno
3200 2527 3454 2589 octavo·

1173 2653 1302 2718 Rsy.
1337 2654 1436 2704 Aa.
1479 2656 1534 2704 T.
1570 2652 1660 2720 22,
1687 2655 1749 2719 s.
1782 2652 1900 2706 533.

750 3149 940 3217 1657.
1751 3152 1961 3232 1360,
2013 3149 2295 3216 Octobris
2340 3151 2413 3234 5,
2460 3150 2826 3215 Avenionis.

1061 3308 1344 3371 Antonio
1389 3304 1465 3369 de
1512 3304 1660 3373 Fies
1705 3308 1776 3369 in
1818 3312 2088 3390 utroque
2113 3306 2274 3388 jure
2323 3305 2638 3369 licentiato
2683 3304 3013 3388 confertur
3056 3308 3464 3371 canonicatus
3509 3312 3569 3370 et
3608 3326 3808 3370 reser-

975 3420 1210 3478 vantur
1237 3410 1604 3496 praebenda
1635 3432 1873 3476 necnon
1904 3411 2217 3496 dmitos,
2246 3418 2633 3496 personatus
2661 3411 2761 3476 vel
2788 3409 3076 3494 officium
3104 3412 3176 3475 in
3204 3413 3462 3476 ecclesia
3500 3409 3682 3495 Traj.
3724 3447 3808 3459 —

976 3518 1390 3603 Deputantur
1436 3524 1805 3582 executores.

973 3701 1375 3768 Litterarum
1422 3703 1716 3767 scientia.
1747 3750 1761 3765 .
1791 3749 1807 3765 .
1837 3749 1852 3765 .
1901 3702 2055 3767 Dat.
2104 3701 2468 3785 Avinione‚
2516 3701 2623 3767 111
2667 3701 2839 3768 Non.
2887 3700 3218 3785 Octobris,
3266 3720 3439 3766 anno
3487 3705 3741 3766 octavo.

1169 3836 1295 3899 Bey.
1330 3837 1429 3885 Ac.
1473 3837 1528 3885 T.
1564 3833 1653 3898 22,
1680 3835 1743 3899 s.
1777 3833 1913 3886 281³.

747 4332 944 4401 1658.
1718 4330 1930 4412 1360,
1981 4328 2266 4393 Octobris
2310 4331 2430 4413 10,
2476 4329 2843 4395 Acen-ionis.

1064 4486 1318 4551 Decano
1364 4484 1652 4548 ecclesiae
1701 4482 1769 4548 S.
1818 4482 2101 4547 Martini
2142 4483 2663 4548 Monasteriensis
2707 4483 3078 4568 mandatur,
3126 4485 3200 4549 u't
3235 4485 3603 4550 Hermanno
3636 4484 3812 4551 Zure

975 4593 1142 4657 alias
1202 4592 1369 4655 dicto
1430 4588 1511 4654 H
1508 4590 1629 4654 ake
1691 4590 1912 4654 clerico
1966 4589 2419 4655 Monasterien.
2466 4590 2655 4654 dioec.
2703 4591 2992 4672 conferat
3035 4594 3472 4656 canonicatum
3517 4597 3576 4655 et
3611 4611 3809 4677 prae·

973 4698 1233 4762 bendam
1280 4696 1569 4761 ecclesiae
1613 4694 2131 4778 Aldenzalensis,
2180 4716 2342 4780 quas
2398 4695 2775 4759 Wilhelmus
2810 4694 3089 4780 Goyman
3126 4697 3430 4781 maqister
3458 4699 3529 4761 in
3558 4697 3808 4762 artibus

968 4824 1085 4887 per
1131 4801 1497 4866 Arnoldum
1544 4800 1782 4864 dictum
1841 4799 1968 4864 Vos
2010 4803 2382 4865 canonicum
2428 4799 2494 4865 S.
2543 4799 2800 4864 Mariae
2854 4799 3034 4884 Traj.
3087 4800 3275 4866 libere
3316 4805 3680 4887 resiqnavit.

973 4980 1263 5066 Dignum
1310 4980 1719 5045 arbitramur.
1748 5028 1764 5045 .
1794 5028 1810 5044 .
1836 5028 1851 5044 .
1902 4981 2053 5045 Dat.
2088 4980 2451 5063 Avinione‚
2498 4979 2600 5046 VI
2630 4979 2727 5045 Id.
2762 4979 3096 5065 Octobris,
3143 4981 3567 5069 pontificatus
3602 4982 3814 5049 nostri

750 5106 924 5151 anno
971 5090 1223 5151 notave.

1167 5220 1293 5283 Bey.
1327 5221 1424 5270 Αυ.
1470 5220 1525 5269 Τ.
1559 5216 1651 5282 23,
1678 5221 1738 5283 f.
1773 5216 1888 5267 225.
