4450 6684
1747 548 2239 653 ⁸Imaeocrzm·1us
2285 587 2404 652 VI.
3503 589 3631 655 119

787 807 1172 896 Apostolioe
1219 806 1412 874 sedis.
1443 855 1459 872 .
1487 854 1504 872 .
1534 855 1550 872 .
1598 806 1753 873 Dat.
1800 805 2168 891 Avinione,
2214 806 2315 872 Id.
2365 806 2646 896 Aprilis,
2695 830 2867 875 anno
2916 808 3193 877 decimo·

980 943 1109 1007 περ.
1140 943 1239 993 Ao.
1285 945 1339 993 T.
1371 941 1461 1006 28,
1485 944 1548 1007 s.
1581 940 1698 993 228.

566 1409 762 1479 1888.
1543 1414 1759 1496 1362,
1806 1413 2064 1498 Aprilis
2109 1415 2235 1496 13,
2282 1414 2643 1479 Ammonis.

870 1565 984 1660 Gh
994 1565 1281 1631 iselberto
1342 1565 1419 1630 de
1480 1564 1623 1630 Zile
1670 1565 2092 1647 conferuntur
2136 1568 2542 1631 canonicatus
2560 1617 2577 1650 ‚
2614 1567 2983 1652 praebenda
3029 1574 3088 1632 et
3131 1569 3635 1653 supplementum

797 1673 868 1736 in
903 1673 1158 1736 ecclesia
1191 1671 1580 1754 Trajectensi
1609 1672 1906 1735 vacantia
1924 1691 2049 1756 per
2084 1671 2345 1736 liberam
2374 1675 2855 1758 resiqnationem
2883 1673 3164 1738 Goswini
3192 1675 3268 1738 de
3289 1673 3374 1738 M
3367 1695 3519 1740 eers.
3548 1712 3631 1723 —

785 1777 1206 1863 Deputantur
1250 1785 1619 1842 executores.

790 1958 1156 2026 Laudabile
1205 1960 1673 2025 testimonium.
1701 2004 1719 2023 .
1751 2007 1766 2022 .
1792 2005 1809 2023 .
1858 1959 2013 2023 Dat.
2060 1957 2424 2043 Avinione,
2471 1959 2573 2026 Id.
2620 1960 2897 2047 Aprilis,
2946 1982 3118 2027 anno
3167 1962 3439 2028 decime.

984 2094 1110 2158 πη.
1144 2093 1243 2144 Αυ.
1288 2094 1341 2145 r.
1374 2092 1466 2156 28,
1493 2095 1556 2158 s.
1588 2091 1703 2144 241.

572 2561 766 2631 1889.
1559 2564 1760 2646 1362,
1808 2565 2067 2649 Aprilis
2112 2566 2234 2647 13,
2279 2565 2643 2632 Avenionis.

879 2716 1257 2803 Enqelberto
1302 2715 1379 2780 de
1432 2714 1867 2780 Thisenhusen
1911 2716 2113 2781 nobili
2154 2718 2354 2781 militi
2392 2715 2574 2800 Traj.
2612 2717 2809 2782 dioec.
2837 2718 3198 2782 conceditur
3217 2720 3630 2805 privileqium

783 2825 1126 2909 plenariae
1158 2828 1563 2908 peccatorum
1608 2824 1991 2887 remissionis
2037 2824 2107 2886 in
2151 2824 2426 2887 articulo
2471 2824 2714 2888 mortis.

799 3006 1119 3072 Provenit
1168 3025 1274 3070 ex.
1303 3052 1319 3069 .
1349 3051 1366 3069 .
1394 3052 1410 3069 .
1459 3004 1614 3070 Dat.
1662 3004 2031 3088 Avinione‚
2077 3004 2179 3069 Id.
2227 3004 2511 3092 Aprilis,
2560 3026 2734 3071 anno
2782 3005 3056 3072 docimo.

986 3141 1111 3204 Req-
1145 3139 1247 3190 Αο.
1288 3140 1344 3190 T.
1377 3137 1469 3204 28,
1494 3140 1557 3203 s.
1589 3137 1706 3190 591.

570 3607 771 3678 1890.
1559 3612 1772 3693 1362,
1820 3610 2080 3695 Aprilis
2126 3611 2245 3693 24,
2293 3610 2655 3674 Avenionis.

892 3763 1177 3830 Swedero
1241 3764 1317 3829 de
1376 3763 1598 3829 Voerst
1657 3764 1853 3829 militi
1911 3770 1970 3828 et
2033 3762 2378 3849 Heywiyae
2423 3764 2482 3846 φ’
2486 3783 2559 3828 us
2604 3764 2795 3827 uxori
2838 3761 3151 3826 nobilibus
3206 3761 3389 3845 Traj.
3439 3762 3630 3829 dioec.

799 3867 963 3933 idem
996 3870 1426 3954 privileyium.

804 4048 1127 4115 Provenit
1177 4070 1285 4115 ex.
1313 4096 1330 4114 .
1360 4097 1419 4113 ..
1470 4049 1623 4115 Dat.
1672 4049 2043 4132 Avinione,
2093 4050 2266 4116 VIII
2311 4051 2421 4116 Kl.
2469 4052 2666 4137 Maji,
2715 4070 2887 4116 anno
2935 4050 3207 4116 decimo.

997 4184 1121 4247 Rea.
1155 4186 1255 4234 Ao.
1298 4186 1352 4235 T.
1387 4181 1558 4248 88,s.
1594 4180 1711 4233 605.

583 4652 775 4722 1891.
1495 4712 1498 4715 .
1630 4656 1838 4735 1362,
1886 4654 2059 4738 Maji
2105 4656 2180 4737 7,
2228 4655 2592 4719 Avenionis.

902 4804 1145 4875 Jacobo
1194 4808 1424 4875 Jacobi
1467 4809 1543 4874 de
1586 4809 2022 4895 Compostellis
2068 4808 2488 4890 conferuntur
2532 4808 2970 4891 canonicatus,
3006 4808 3373 4894 praebenda
3411 4817 3470 4875 et
3508 4830 3658 4896 sup·

807 4917 1192 5002 plementum
1255 4918 1541 4981 ecclesiae
1602 4915 1669 4980 S.
1735 4915 2092 4981 Salvatoris
2166 4913 2387 4999 Traj.‚
2443 4935 2573 5000 pro
2636 4914 2863 5000 quibus
2924 4936 3064 4981 cum
3125 4915 3322 4982 Petro
3382 4916 3663 4983 Buxerie

808 5030 1191 5109 perpetuam
1255 5023 1677 5108 capellaniam
1738 5023 1975 5088 altaris
2033 5022 2102 5086 S.
2159 5019 2436 5085 Thomae
2478 5024 2590 5086 siti
2634 5025 2703 5086 in
2748 5023 2998 5087 ecclesio
3056 5021 3238 5107 Traj.
3287 5044 3362 5087 ac
3406 5028 3660 5089 canoni·

813 5136 1027 5193 catum
1062 5127 1615 5213 praebendamque
1662 5127 2203 5193 Zantbomelenses
2232 5126 2286 5211 1)
2315 5131 2580 5212 putavit
2605 5128 3092 5212 permutandus.
3129 5165 3212 5178 —
3243 5127 3661 5215 Deputantur

810 5243 1184 5301 executores.

814 5417 1201 5505 Apostolioe
1250 5415 1445 5482 sedis.
1476 5464 1493 5482 .
1521 5463 1537 5481 .
1566 5463 1583 5481 .
1631 5417 1785 5483 Dat.
1835 5416 2169 5484 Avinione
2193 5467 2211 5503 ‚
2259 5419 2431 5484 Non.
2479 5419 2677 5505 Maji,
2725 5439 2897 5484 anno
2948 5418 3220 5484 docimo·

1009 5552 1136 5617 Ray.
1168 5552 1265 5602 Ao.
1311 5554 1365 5602 T.
1398 5550 1490 5616 28,
1517 5554 1578 5617 f.
1614 5550 1730 5603 236.

742 5678 799 5745 1)
833 5679 1230 5731 Zalt-Bommel.
