4450 6684
853 548 979 596 x1v
2132 525 2625 593 Inmonucrro.

854 767 1052 833 quem
1111 745 1195 812 ab
1258 764 1362 809 an.
1437 743 1911 826 1178-1195,
1974 748 2043 809 et
2089 742 2535 810 Theodericus
2582 742 2665 808 de
2711 742 2881 826 Are,
2926 763 3122 830 quem
3167 742 3253 810 ab
3299 764 3407 810 an.
3459 742 3904 809 1197-1212

853 849 1293 937 Trajectensis
1337 848 1546 914 infula
1590 847 1937 913 exornavit
1960 846 2035 931 ι).

511 949 795 1028 P5205⁸¹¹¹¹¹m
1080 952 1210 1020 Sed
1256 954 1399 1040 J‘am
1445 953 1603 1017 satis
1651 950 1734 1018 de
1780 951 2013 1017 intima
2058 951 2180 1016 hac
2227 951 2681 1039 episcoporum
2727 953 3250 1039 'trajectensium
3298 972 3447 1019 cum
3493 951 3669 1017 civili
3715 955 3901 1038 pote-

460 1017 831 1134 Τᾜῖγξῖιῃξξξω
853 1064 1025 1124 state
1086 1058 1528 1140 connexione,
1590 1054 1673 1122 de
1729 1075 1861 1143 qua
1906 1060 2040 1120 tam
2087 1054 2232 1120 fuse
2278 1054 2556 1121 disserui
2604 1076 2683 1122 eo
2730 1056 2998 1144 quidem
3042 1057 3384 1141 consulto,
3429 1060 3507 1121 ut
3550 1055 3907 1143 praecipua

557 1152 735 1201 Ἠῶ·
852 1162 1220 1251 explicetur
1280 1181 1504 1244 causa,
1569 1160 1653 1226 ob
1716 1179 1911 1247 quam
1975 1165 2130 1226 ante
2186 1179 2356 1225 saec.
2404 1159 2579 1226 XIII
2625 1160 3055 1248 complurium
3101 1161 3482 1248 praesulum
3529 1164 3916 1226 nostrorum.

851 1265 1069 1332 studia
1113 1264 1196 1332 ad
1244 1266 1462 1331 aulam
1510 1264 1758 1351 regiam
1803 1263 2023 1350 potius
2071 1284 2268 1350 quam
2315 1262 2398 1328 ad
2447 1264 2693 1331 curiam
2738 1266 3043 1353 papalem
3087 1264 3437 1332 inclinasse
3481 1263 3845 1330 videamus.

1073 1370 1294 1447 Quare
1341 1390 1476 1436 non
1526 1368 1794 1434 minime
1842 1368 2043 1435 etiam
2090 1366 2401 1451 efficitur,
2445 1373 2524 1432 ut
2569 1373 2704 1435 tam
2748 1390 2960 1456 pauca
3003 1368 3364 1457 diplomata
3407 1368 3747 1456 pontificia
3780 1387 3899 1454 per

846 1481 1060 1540 totum
1123 1474 1249 1540 hoc
1311 1495 1548 1540 aevum
1602 1478 1907 1539 emanata
1965 1473 2036 1537 in
2096 1472 2390 1539 Bullario
2452 1476 2676 1538 nostro
2739 1479 3224 1540 recenseantur.
3319 1472 3613 1540 Similem
3677 1472 3902 1539 obser·

846 1579 1180 1645 vationem
1242 1599 1361 1666 pro
1423 1577 1840 1664 Westphalia
1899 1597 2110 1664 nuper
2170 1577 2486 1662 aliquis2)
2547 1578 2731 1644 fecit:
2788 1578 3092 1643 nimirum
3137 1576 3223 1644 ab
3267 1599 3377 1644 an.
3428 1578 3894 1662 1159-1177,

844 1683 1159 1771 quamdiu
1219 1681 1603 1749 Alexander
1662 1701 1834 1768 papa
1896 1679 2003 1745 III
2058 1685 2127 1747 et
2171 1679 2562 1748 Fredericus
2607 1680 3011 1747 Barbarossa
3054 1683 3229 1748 inter
3274 1702 3346 1748 se
3392 1682 3895 1765 alternarentur,

845 1789 1060 1853 nullas
1126 1788 1352 1853 literas
1420 1808 1462 1851 a
1528 1785 1825 1871 legitimo
1896 1785 2247 1869 Pontifice,
2318 1785 2539 1872 plures
2600 1790 2830 1851 contra
2889 1806 2930 1851 a
2989 1785 3261 1852 Victore
3325 1785 3426 1851 IV
3473 1786 3785 1873 antipapa
3827 1785 3900 1851 in

844 1891 1330 1979 Westphaliam
1376 1889 1739 1956 destinatas
1772 1891 2062 1977 reperiri.
2125 1886 2207 1955 In
2239 1890 2532 1956 Bullario
2563 1889 2739 1975 Traj.
2771 1889 2931 1954 item
2968 1910 3052 1956 ne
3084 1909 3288 1955 unum
3321 1887 3588 1976 quidem
3617 1889 3898 1976 legimus

846 1996 1133 2083 diploma
1191 1993 1559 2060 Alexandri
1620 2014 1831 2080 papae
1886 1994 1994 2060 III
2041 1999 2196 2061 ante
2245 2015 2350 2060 an.
2405 1995 2576 2059 1179
2623 1995 2832 2077 (num.
2880 1996 3029 2078 35),
3085 2015 3250 2082 pace
3296 2015 3445 2059 cum
3489 1993 3898 2082 Imperatore

835 2101 1136 2186 jamtunc
1197 2099 1503 2165 Venetiis
1549 2099 1865 2164 confecta.
1959 2098 2016 2164 E
2063 2099 2392 2164 contrario
2438 2103 2743 2185 apparet,
2804 2099 2874 2164 in
2920 2099 3219 2186 partibus
3264 2099 3507 2165 nostris
3550 2098 3894 2185 primarios

838 2205 1014 2268 viros
1083 2203 1559 2270 ecclesiasticos
1626 2202 1994 2288 legitimum
2073 2203 2408 2290 putavisse
2476 2202 2866 2269 Pontificem
2928 2203 3267 2269 Victorem
3323 2203 3424 2269 IV
3481 2202 3896 2290 antipapam,

840 2308 1083 2395 quippe
1116 2308 1227 2394 qui
1265 2307 1495 2393 „justis
1527 2306 2119 2394 postulationibus”
2151 2327 2451 2372 annuens
2484 2306 2754 2373 Galtero
2787 2306 3013 2372 abbati
3042 2307 3485 2394 fratribusque
3516 2304 3894 2372 monasterii

839 2412 903 2477 b.
968 2411 1214 2477 Mariae
1274 2409 1874 2495 Middelburgensis
1937 2409 2183 2475 ordinis
2247 2409 2689 2477 Praemonstr.
2737 2411 3082 2497 privilegia
3128 2411 3530 2478 confirmarit
3576 2430 3890 2497 suamque

838 2516 1114 2600 largitus
1177 2516 1265 2580 sit
1324 2515 1803 2601 protectionem
1866 2516 2073 2599 (num.
2133 2516 2251 2597 32,
2309 2535 2515 2580 unum
2562 2520 2632 2580 et
2677 2515 2887 2580 solum
2935 2516 3270 2602 specimen
3316 2516 3684 2598 literarum,
3732 2534 3894 2601 quas

838 2620 923 2685 ab
970 2620 1191 2706 aliquo
1238 2619 1551 2705 antipapa
1595 2619 1665 2683 in
1714 2618 2066 2685 dioecesim
2113 2621 2290 2706 Traj.
2338 2623 2495 2686 ante
2542 2640 2649 2684 an.
2704 2620 2876 2689 1378
2924 2640 3264 2686 emanasse
3311 2621 3661 2704 novimus).
3719 2619 3895 2683 Num

839 2722 1235 2790 Godefridus
1304 2722 1387 2788 de
1455 2721 1742 2788 Rhenen
1801 2729 1961 2788 tunc
2027 2724 2373 2810 episcopus
2434 2723 2876 2809 Trajectensis
2922 2724 3280 2790 earundem
3327 2725 3527 2791 fuerit
3569 2724 3890 2811 partium,

840 2827 1125 2894 dubitari
1198 2848 1331 2892 non
1399 2832 1651 2914 potest,
1724 2847 1927 2913 quum
1996 2827 2080 2892 ab
2150 2849 2256 2892 an.
2326 2828 2766 2893 1159—-1164
2831 2828 2901 2893 in
2947 2829 3322 2915 praesentia
3367 2833 3565 2916 atque
3613 2826 3886 2893 consilio

836 2931 1171 2998 Frederici
1238 2931 1679 2996 Barbarossae
1750 2930 2009 3017 saepius
2079 2931 2282 2997 fuisse
2347 2931 2626 3017 legatur.
2727 2931 2852 2998 Cui
2921 2933 3215 3020 opinioni
3286 2932 3555 2998 minime
3630 2930 3890 2997 obstare

835 3035 1098 3101 videtur
1161 3056 1337 3100 num.
1400 3036 1486 3100 28
1513 3035 1588 3118 3).
1681 3034 1948 3101 Etenim
2013 3035 2136 3102 sub
2198 3033 2541 3101 Hadriano
2601 3056 2773 3124 papa
2816 3036 2918 3102 IV
2966 3035 3331 3102 discordiae
3375 3036 3550 3122 ignis
3596 3034 3890 3101 nondum

835 3139 1276 3204 inflammatus
1320 3138 1759 3224 incensusque
1806 3143 1980 3222 erat3
2031 3139 2145 3203 vix
2192 3144 2413 3204 autem
2461 3160 2663 3226 quum
2707 3142 2849 3228 ipse
2898 3138 3273 3207 decesserat
3317 3142 3617 3226 (ineunte
3664 3159 3889 3206 mense

841 3242 1212 3330 Septembri
1274 3263 1360 3307 an
1427 3242 1662 3325 1159),
1726 3241 2114 3308 Alexandro
2159 3242 2268 3308 III
2316 3243 2584 3309 Summo
2632 3243 2956 3311 Pontifice
3003 3250 3072 3310 et
3118 3245 3388 3311 Victore
3434 3244 3535 3310 IV
3580 3243 3894 3332 antipapa

837 3368 972 3412 uno
1019 3347 1381 3433 eodemque
1430 3346 1536 3412 die
1584 3347 1650 3430 (7
1704 3347 1916 3434 Sept.)
1962 3349 2223 3430 electis,
2270 3348 2605 3413 funestum
2651 3353 2956 3413 exortum
3002 3353 3108 3413 est
3152 3347 3453 3413 schisma.

448 3466 797 3599 {ffirsfilglig
1071 3451 1347 3517 Saeculo
1394 3449 1570 3516 XIII
1616 3451 1713 3515 uti
1759 3457 2129 3517 nostrorum
2177 3451 2608 3537 diplomatum
2653 3452 2726 3517 in
2771 3452 3149 3519 universum
3195 3452 3511 3518 accrescit
3550 3472 3887 3533 numerus,

712 3553 745 3584 u
844 3556 860 3572 .
1823 3555 1839 3571 .
2096 3556 2111 3571 .
2394 3557 2408 3570 .
2454 3556 2470 3571 .
2602 3603 2616 3620 ⁸
3015 3557 3030 3572 .
3745 3555 3809 3618 ,ὃ

426 3602 816 3735 “122
839 3555 3888 3747 sszflsssspzfffiavffssfl‘z.”35353323233213'03325223253533..1{{.{2.m322.¹2223.5:

484 3738 748 3788 mmmm·
830 3764 1192 3849 jactantes,
1242 3761 1625 3827 diuturnum
1673 3768 2019 3848 gesserunt
2059 3763 2304 3829 bellum
2346 3764 2538 3829 civile
2561 3766 2651 3848 4·),
2694 3765 2764 3829 in
2797 3785 2925 3850 quo
2958 3763 3404 3831 Theodericus
3437 3763 3520 3830 de
3551 3763 3687 3830 Are
3720 3763 3890 3851 epis-

836 3887 1038 3954 copus
1084 3866 1525 3952 Trajectensis
1572 3871 1641 3932 et
1681 3866 1840 3963 Otto
1881 3888 2100 3934 comes
2131 3867 2167 3932 Ι
2198 3867 2459 3934 Gelriae
2493 3866 2685 3933 modo
2718 3869 2920 3951 hunc,
2971 3867 3210 3934 deinde
3249 3869 3435 3934 illum
3467 3868 3700 3935 sectati
3731 3872 3884 3933 sunt

835 3971 1188 4036 aemulum.
1248 3970 1374 4036 Die
1428 3972 1510 4037 12
1554 3971 1599 4037 J
1603 3971 1718 4036 ulii
1766 3993 1870 4037 an.
1927 3973 2098 4037 1198
2145 3970 2499 4058 Adulphus
2544 3972 3070 4060 archiepiscopus
3116 3972 3534 4038 Coloniensis
3574 3971 3886 4037 Ottonem

836 4094 1056 4159 regem
1103 4074 1205 4140 IV
1251 4074 1632 4141 solemniter
1675 4075 1886 4161 Aquis
1932 4075 2304 4156 coronavit,
2353 4080 2552 4161 atque
2599 4080 2778 4141 certo
2826 4080 2984 4140 tunc
3029 4075 3388 4141 adfuerunt
3421 4082 3556 4142 tam
3588 4074 3886 4141 Theode-

833 4179 1005 4243 ricus
1057 4178 1403 4265 episcopus
1448 4178 1890 4265 Trajectensis
1939 4199 2136 4265 quam
2167 4177 2612 4244 Theodericus
2641 4179 2778 4247 VII
2806 4179 3205 4246 Hollandiae
3252 4186 3322 4246 et
3361 4179 3520 4246 Otto
3552 4178 3885 4246 Gelrensis

834 4284 1104 4348 comites
1138 4302 1272 4347 una
1302 4303 1450 4347 cum
1482 4285 1727 4368 majore
1758 4288 1945 4371 parte
1977 4283 2354 4371 praesulum
2387 4284 2885 4370 principumque
2918 4284 3279 4349 vicinorum
3299 4284 3376 4368 5).
3417 4284 3889 4350 Verumtamen

834 4386 1005 4452 circa
1058 4406 1350 4452 mensem
1398 4385 1802 4473 Septembris
1849 4409 1953 4452 an.
2009 4389 2183 4452 1200
2228 4385 2313 4452 ad
2358 4392 2580 4474 partes
2626 4387 2916 4475 Philippi
2963 4387 3168 4455 Suevi
3214 4387 3580 4453 declinasse
3626 4386 3888 4452 videtur

834 4489 1280 4556 Theodericus
1343 4488 1427 4555 de
1488 4490 1655 4575 Are;
1716 4490 1916 4557 immo
1978 4492 2179 4556 etiam
2224 4496 2302 4555 ut
2347 4511 2467 4556 sua
2510 4498 2942 4579 sequerentur
2985 4492 3297 4578 vestigia,
3347 4491 3578 4558 Ottoni
3627 4490 3886 4558 Gelriae

836 4600 904 4658 et
950 4593 1289 4659 Ludovico
1337 4593 1648 4660 Lossensi
1702 4594 2051 4660 comitibus
2097 4599 2248 4682 post
2294 4615 2584 4661 mensem
2631 4596 2884 4663 ‚Iulium
2931 4618 3035 4662 an.
3090 4598 3255 4661 1201
3309 4595 3636 4684 persuasit
3658 4596 3735 4679 6).
3825 4591 3883 4659 Ε

836 4697 1192 4781 contrario,
1243 4696 1686 4763 Theodericus
1732 4698 2130 4765 Hollandiae
2178 4718 2399 4763 comes
2446 4698 2529 4764 ad
2575 4707 2852 4767 mortem
2892 4718 3101 4787 usque
3135 4701 3206 4785 (†
3236 4701 3279 4765 4
3310 4700 3505 4766 Febr.
3538 4720 3645 4765 an.
3688 4697 3886 4779 1204)

837 4822 877 4866 a
929 4806 1119 4888 parte
1167 4799 1432 4865 Ottonis
1486 4801 1660 4887 regis
1705 4800 1989 4867 fideliter
2035 4801 2297 4867 stetisse
2347 4803 2676 4868 asseritur.
2772 4804 2939 4871 Cum
2988 4804 3162 4870 enim
3209 4804 3280 4869 in
3326 4803 3501 4869 bello
3548 4822 3655 4868 an.
3710 4801 3879 4866 1202

1003 5096 1059 5160 1)
1095 5095 1201 5147 Csr.
1237 5095 1360 5147 Mon
1396 5096 1430 5147 l.
1467 5096 1502 5146 l.
1536 5092 1817 5147 100—104.

1002 5177 1059 5243 2)
1107 5178 1171 5228 Η.
1224 5177 1392 5227 Finke
1443 5178 1558 5227 Das
1607 5177 1865 5242 Pap-stum
1916 5178 2019 5228 aad
2078 5179 2366 5243 westfalon
2417 5176 2901 5243 (Separatabdruck
2954 5176 3106 5242 1891)
3159 5177 3237 5229 72.
3307 5176 3517 5227 Pariter
3562 5176 3617 5226 in
3666 5174 3891 5227 dioecesi

836 5258 1111 5309 Leodiensi
1158 5258 1423 5309 Victorem
1470 5257 1542 5308 IV
1588 5263 1641 5309 et
1689 5257 1955 5309 calixtum
2003 5258 2081 5308 111
2128 5260 2407 5324 antipapae
2455 5259 2616 5311 fuisse
2651 5260 2917 5325 legitimos
2951 5260 3182 5325 agnitos,
3218 5258 3485 5325 colligitur
3519 5271 3583 5307 ex
3618 5255 3892 5308 nonnullis

837 5340 1072 5404 ipsorum
1108 5339 1432 5403 diplomatis3
1469 5340 1564 5390 cfr.
1598 5339 1869 5390 Analecta
1895 5355 2035 5405 pour
2066 5340 2230 5390 servir
2264 5340 2296 5391 ὰ
2331 5340 2486 5392 mist.
2522 5341 2635 5392 eccl.
2669 5342 2730 5392 de
2763 5342 2819 5391 la
2855 5340 3103 5405 Belyiqu
3134 5338 3327 5392 XXIV.
3361 5338 3456 5389 201
3494 5342 3549 5389 et
3582 5336 3680 5387 217
3715 5351 3825 5401 seq.

1005 5419 1062 5484 3)
1098 5419 1247 5480 Quod
1282 5420 1529 5471 innuitur
1564 5435 1595 5470 a
1629 5419 1753 5471 Mol!
1788 5420 1823 5470 l.
1857 5420 1891 5471 l.
1926 5419 2009 5472 98.

1003 5501 1059 5565 4)
1096 5499 1201 5553 Cfr.
1236 5501 1328 5553 Ed.
1360 5500 1747 5553 Winkelmann
1785 5501 2012 5567 Philipp
2043 5516 2139 5552 von
2162 5501 2428 5553 Schwabe„
2453 5504 2556 5553 und
2582 5505 2705 5554 Otto
2730 5503 2769 5553 I
2775 5503 2821 5551 Ρ
2842 5519 2935 5555 con
2959 5500 3352 5566 Brmsehweiq
3372 5497 3702 5565 (1873-'7s)
3728 5497 3892 5550 1—11.

1003 5581 1060 5646 5)
1093 5581 1150 5634 L.
1184 5582 1218 5632 l.
1253 5582 1293 5632 1.
1327 5580 1393 5632 73
1426 5587 1480 5633 et
1514 5581 1600 5634 85.

1006 5661 1063 5728 6)
1098 5662 1154 5713 L.
1190 5664 1225 5715 1.
1259 5661 1357 5714 187
1390 5668 1443 5715 et
1476 5663 1593 5715 220.
