4450 6684
1835 549 2239 614 Ganeoams
2285 550 2405 615 XI.
3520 547 3652 612 263

590 772 1064 857 Trajectensis,
1124 778 1192 837 et
1241 777 1315 838 ut
1361 773 1484 837 sub
1531 772 1703 837 felici
1751 779 1974 836 nostro
2024 772 2340 858 regimine
2388 772 2529 858 ipsa
2576 772 3016 857 Trajectensis
3065 772 3339 837 ecclesia
3386 791 3455 835 se
3504 791 3660 835 con-

600 877 871 943 solatam
933 878 1227 943 inveniat
1291 884 1359 943 et
1422 864 1507 943 ex
1568 877 1693 943 boc
1757 878 1972 942 cultus
2031 877 2290 942 divinus
2347 878 2415 942 in
2462 877 2690 942 eadem
2741 878 3030 942 crebrius
3078 883 3430 964 augeatur,
3481 877 3655 943 dicto

592 985 899 1072 episcopo
946 985 1353 1071 Trajectensi
1400 991 1469 1050 et
1516 985 1996 1050 successoribus
2045 984 2180 1048 suis
2227 984 2710 1070 imperpetuum
2758 983 2840 1049 de
2888 985 3153 1071 speciali
3187 989 3408 1050 nostra
3439 986 3658 1071 gracia

596 1096 664 1159 et
725 1091 1078 1178 imperialis
1135 1098 1357 1157 nostre
1405 1092 1752 1177 potestatis
1799 1091 2209 1178 plenitudine
2258 1112 2515 1155 necnon
2562 1111 2646 1155 ex
2695 1098 2874 1157 certa
2919 1097 3143 1157 nostra
3190 1093 3464 1158 scientia
3511 1115 3663 1159 con-

594 1199 883 1266 cedimus
945 1199 1301 1284 graciosius
1365 1204 1432 1263 et
1492 1199 1841 1284 largimur,
1908 1197 2081 1283 quod
2141 1199 2484 1286 episcopus
2533 1197 2805 1265 ecclesie
2853 1200 3329 1285 Trajectensis‚
3380 1201 3492 1288 qui
3539 1223 3657 1288 pro

594 1312 888 1393 tempore
934 1305 1162 1386 fuerit,
1212 1326 1475 1369 auream
1525 1311 1639 1369 aut
1686 1311 2064 1390 argenteam
2112 1310 2443 1369 monetam
2491 1305 2703 1372 facere
2741 1327 2858 1371 seu
2890 1306 3129 1372 cudere
3162 1309 3380 1374 valeat
3412 1310 3663 1396 equalis

600 1414 840 1479 valoris
887 1421 1149 1477 monete
1200 1413 1493 1476 divorum
1540 1412 2006 1496 imperatorum
2056 1417 2123 1476 et
2168 1434 2396 1498 regum
2445 1413 2894 1477 Romanorum
2944 1413 3476 1499 predecessorum
3519 1437 3667 1480 nos-

604 1529 853 1587 trorum
914 1521 1159 1605 absque
1206 1519 1638 1606 requisicione
1687 1540 1802 1584 seu
1853 1540 2123 1583 assensu
2170 1520 2571 1605 prelatorum
2618 1526 2685 1584 et
2733 1521 2888 1585 cleri
2937 1522 3357 1587 ecclesiarum
3405 1523 3667 1609 Trajec-

609 1629 813 1693 tensis
877 1627 1196 1708 civitatis,
1256 1626 1646 1691 vasallorum
1694 1626 1801 1689 vel
1849 1646 2385 1711 quorumcunque
2433 1626 2705 1714 aliorum
2753 1626 2922 1693 infra
2968 1627 3299 1694 districtus
3348 1636 3666 1696 terrarum

614 1735 900 1823 episcopi
931 1733 1371 1817 Trajectensis
1404 1733 1980 1814 commorancium,
2031 1734 2101 1796 in
2134 1732 2399 1797 civitate
2434 1734 2841 1816 Trajectensi
2873 1735 2981 1799 vel
3013 1735 3139 1799 alio
3172 1736 3316 1800 loco
3351 1743 3669 1802 terrarum

617 1862 911 1923 suarum,
968 1845 1043 1904 ut
1090 1839 1212 1904 sibi
1262 1839 1495 1904 melius
1540 1839 1870 1903 videbitur
1918 1839 2269 1924 expedire,
2319 1839 2624 1925 quodque
2673 1841 2832 1904 alias
2881 1862 3105 1906 omnes
3155 1850 3450 1908 monetas
3498 1844 3674 1930 prin-

602 1951 858 2037 cipum,
926 1948 1269 2029 comitum,
1335 1946 1650 2011 nobilium
1701 1966 1818 2011 seu
1867 1947 2366 2010 universitatum
2415 1948 2890 2032 quorumlibet,
2942 1950 3180 2013 nostris
3230 1970 3304 2014 ac
3353 1948 3674 2014 dictorum

609 2057 1074 2144 imperatorum
1117 2061 1187 2119 et
1221 2074 1448 2140 regum
1483 2054 1932 2118 Romanorum
1967 2052 2315 2117 dumtaxat
2347 2054 2676 2140 exceptis,
2727 2054 3064 2120 moderare
3100 2061 3168 2120 et
3203 2063 3428 2121 taxare
3462 2059 3677 2122 valeat

614 2162 973 2229 secundum
1021 2162 1306 2226 valorem
1358 2161 1498 2225 auri
1543 2161 1691 2246 puri
1739 2161 1843 2225 vel
1891 2161 2185 2246 argenti,
2252 2160 2424 2246 quod
2473 2169 2620 2246 post
2669 2163 3134 2248 probacionem
3182 2185 3296 2228 seu
3347 2165 3678 2228 examina-

617 2272 866 2338 cionem
919 2269 1346 2333 sufficientem
1395 2268 1462 2331 in
1512 2269 1665 2353 igne
1712 2268 1945 2332 factam
1998 2274 2294 2332 remanet
2333 2289 2419 2332 ex
2451 2267 2733 2351 eisdem,
2763 2269 2815 2352 1)
2858 2268 3028 2333 infra
3059 2270 3299 2335 limites
3332 2271 3680 2336 dumtaxat

610 2376 1024 2442 districtuum
1072 2376 1376 2461 episcopo
1424 2375 1831 2460 Trajectensi
1880 2375 2249 2460 specialiter
2298 2374 2775 2458 subjectorum,
2824 2377 3121 2441 volentes
3170 2383 3239 2443 et
3286 2377 3674 2443 mandantes

621 2484 937 2549 universis
1007 2489 1073 2546 et
1122 2482 1394 2567 singulis
1443 2483 1723 2547 subditis
1771 2481 1929 2546 dicti
1975 2482 2264 2568 episcopi
2312 2503 2387 2545 ac
2436 2483 2708 2547 ecclesie
2758 2504 2872 2547 sue
2920 2483 3361 2568 Trajectensis
3409 2485 3682 2551 firmiter

614 2598 681 2657 et
728 2590 1050 2672 districte,
1100 2591 1412 2677 quatinus
1450 2596 1780 2653 monetam
1818 2587 2195 2674 hujusmodi
2228 2609 2346 2673 per
2378 2589 2754 2674 episcopum
2789 2590 3276 2674 Trajectensem
3311 2592 3676 2656 faciendam

610 2718 727 2762 seu
775 2696 1141 2762 cudendam
1190 2698 1331 2761 sine
1367 2694 1880 2760 contradictione
1917 2695 2238 2780 recipiant
2272 2715 2528 2759 necnon
2560 2694 3084 2760 moderacionem
3118 2717 3233 2776 seu
3267 2698 3681 2761 taxacionem

622 2805 891 2871 aliarum
941 2809 1351 2870 monetarum
1400 2804 1663 2868 omnino
1712 2804 2108 2884 sustineant,
2160 2808 2235 2865 ut
2281 2801 2627 2887 prefertur.
2683 2802 2864 2866 Nulli
2914 2823 3069 2889 ergo
3119 2805 3383 2867 omnino
3432 2804 3682 2868 homini

625 2913 820 2978 liceat
886 2912 1055 2977 banc
1127 2919 1348 2977 nostre
1420 2911 1857 2976 concessionis
1921 2917 1989 2975 et
2047 2910 2413 2995 largitionis
2477 2910 2760 2996 graciam
2822 2909 3176 2996 infringere
3237 2910 3345 2976 vel
3407 2912 3467 2976 ei
3515 2932 3682 2976 ausu

623 3021 965 3085 temerario
1029 3018 1522 3106 quomodolibet
1581 3017 1925 3082 contraire.
2022 3016 2091 3082 Si
2156 3017 2302 3103 quis
2365 3023 2588 3083 autem
2652 3018 3047 3082 contrarium
3096 3024 3489 3106 attemptare
3536 3041 3681 3105 pre-

624 3126 960 3208 sumserit,
1025 3145 1288 3211 gravem
1351 3128 1572 3188 nostre
1631 3121 2109 3208 indignacionis
2154 3142 2395 3208 penam
2442 3128 2509 3186 et
2557 3122 3034 3209 quinquaginta
3078 3123 3487 3189 marcharum
3533 3126 3682 3212 puri

618 3234 787 3315 auri,
838 3233 1088 3298 tociens
1136 3232 1446 3318 quociens
1493 3230 1895 3295 confractum
1936 3229 2168 3312 fuerit,
2219 3249 2292 3294 se
2333 3229 2591 3293 noverit
2632 3229 3075 3313 incursurum,
3127 3252 3399 3317 quarum
3440 3231 3683 3297 medie-

619 3346 823 3410 tatem
883 3339 1238 3425 imperialis
1285 3338 1490 3405 nostri
1537 3337 1678 3401 fisci
1724 3337 1861 3401 sive
1911 3336 2134 3418 erarii,
2196 3334 2528 3401 residuam
2575 3357 2729 3401 vero
2775 3343 3031 3422 partem
3079 3336 3237 3400 dicti
3283 3338 3571 3424 episcopi
3619 3344 3687 3403 et

619 3469 735 3513 sue
797 3447 1069 3512 ecclesie
1136 3445 1577 3531 Trajectensis
1633 3444 1939 3528 injuriam
1988 3464 2327 3529 passorum
2374 3443 2602 3507 usibus
2649 3443 3182 3508 irremissibiliter
3228 3445 3527 3508 volumus
3575 3467 3686 3531 ap-

613 3555 857 3641 plicari.
931 3554 1203 3640 Signum
1252 3552 1646 3618 serenissimi
1695 3551 2004 3637 principis
2052 3557 2121 3614 et
2164 3550 2411 3614 domini
2445 3550 2693 3616 domini
2724 3551 2956 3616 Karoli
2989 3551 3205 3637 quarti
3239 3552 3685 3616 Romanorum

622 3661 1030 3748 imperatoris
1091 3661 1500 3725 invictissimi
1563 3641 1630 3723 et
1691 3658 2173 3744 gloriosissimi,
2239 3659 2508 3723 Boemie
2573 3660 2764 3744 regis.
2862 3660 3095 3724 Testes
3141 3659 3338 3744 hujus
3387 3660 3481 3724 rei
3528 3667 3683 3723 sunt

611 3769 1019 3833 venerabiles
1066 3766 1416 3832 Bertoldus
1466 3766 1913 3851 Eystetensis,
1963 3765 2303 3830 Johannes
2351 3766 2835 3849 olomucensis,
2884 3765 3330 3831 Theodericus
3376 3767 3680 3830 Worma·

608 3876 853 3958 censis,
888 3874 1205 3940 Albertus
1240 3874 1667 3939 Swerinensis
1700 3879 1768 3938 et
1801 3874 2196 3960 Lampertus
2222 3871 2548 3959 Spirensis
2583 3874 3003 3938 ecclesiarum
3036 3873 3354 3959 episcopi,
3390 3874 3679 3938 illustres

620 3980 1011 4067 Rudolphus
1082 3980 1218 4044 dux
1284 3981 1608 4062 Saxonie,
1680 3982 1845 4045 sacri
1908 3980 2192 4044 Romani
2261 3980 2517 4067 imperii
2585 3979 3181 4045 archimarescallus
3249 3989 3316 4046 et
3375 3983 3680 4069 princeps

618 4088 897 4169 elector,
963 4086 1355 4174 Rudolphus
1418 4087 1724 4167 Austrie,
1789 4086 2006 4171 Styrie
2070 4094 2136 4152 et
2198 4087 2542 4170 Karintie,
2592 4087 2803 4153 Bolko
2854 4087 3305 4172 Swidicensis,
3353 4090 3681 4155 Henricus
3780 4106 3783 4109 ’

618 4196 1029 4282 Lignicensis
1077 4194 1303 4276 duces,
1352 4195 1692 4259 Johannes
1738 4194 2031 4259 Moravie
2080 4201 2148 4259 et
2195 4193 2587 4280 Rudolphus
2635 4194 2717 4259 de
2765 4195 2997 4260 Baden
3044 4197 3452 4261 marchiones
3501 4219 3683 4285 spec·

612 4303 881 4384 tabiles,
948 4301 1318 4367 Fridericus
1379 4302 1975 4387 Nuemburgensis,
2009 4301 2063 4385 2)
2126 4301 2551 4387 Burghardus
2614 4301 3199 4388 Magdeburgensis
3269 4304 3677 4389 burggravii,

608 4409 657 4476 J
662 4411 952 4475 ohannes
995 4411 1398 4496 lantgravius
1430 4410 2066 4496 Luchembergensis
2101 4415 2169 4474 et
2199 4410 2529 4475 Henricus
2563 4431 2780 4475 comes
2813 4409 2895 4475 de
2929 4409 3374 4497 Swartzpurg,
3426 4411 3678 4476 nobiles

613 4516 886 4598 Petrus,
934 4516 1258 4600 Judocus,
1307 4518 1569 4583 Ulricus
1617 4526 1684 4583 et
1722 4505 1774 4583 'J
1779 4519 2070 4583 ohannes
2117 4518 2349 4582 fratres
2383 4516 2464 4581 de
2498 4518 2908 4602 Rosemberg
2942 4523 3011 4581 et
3042 4518 3152 4582 alii
3187 4539 3380 4604 quam
3414 4519 3676 4604 plurimi

615 4627 683 4686 et
743 4623 998 4711 imperii
1062 4626 1225 4689 sacri
1288 4626 1612 4712 principes
1675 4626 1929 4690 nobiles
1993 4633 2059 4690 et
2122 4622 2350 4688 fideles
2413 4624 2822 4710 presencium
2886 4625 3006 4688 sub
3057 4630 3276 4689 nostre
3323 4624 3677 4711 imperialis

615 4731 977 4813 majestatis
1040 4734 1254 4818 sigillo
1319 4734 1694 4798 testimonio
1742 4734 2129 4797 litterarum.
2216 4732 2368 4797 Dat.
2419 4731 2748 4818 Budwoys
2796 4753 2969 4796 anno
3017 4732 3282 4797 Domini
3331 4731 3673 4796 millesimo

621 4840 1079 4903 trecentesimo
1147 4841 1554 4925 sexagesimo
1621 4847 1889 4926 quarte,
1952 4837 2312 4903 indictione
2377 4839 2698 4920 secunda,
2763 4839 2862 4902 VI
2907 4839 3019 4905 Kl.
3069 4839 3265 4922 Julii,
3329 4860 3680 4925 regnorum

613 4951 981 5009 nostrorum
1031 4968 1203 5010 anno
1253 4946 1505 5012 decimo
1555 4955 1818 5030 octavo,
1868 4947 2124 5032 imperii
2158 4966 2313 5010 vero
2347 4944 2619 5010 decimo.
2686 4944 2818 5010 Per
2849 4944 3184 5009 dominum
3219 4946 3676 5031 imperatorem

609 5048 952 5116 Johannes
1000 5052 1443 5137 Eystetensis,
1492 5055 1831 5120 Johannes
1882 5053 2077 5119 Saxo.

836 5160 1016 5224 Nulli
1099 5182 1254 5246 ergo
1335 5169 1556 5226 nostre
1626 5160 2143 5226 confirmacionis
2215 5165 2284 5223 et
2331 5159 2865 5224 communicionis
2911 5159 3267 5245 infringere
3314 5165 3422 5222 etc.
3519 5158 3674 5224 Dat.

612 5264 982 5350 Avinione,
1031 5267 1238 5333 VIIII
1282 5267 1392 5332 Kl.
1441 5268 1778 5351 Januarii,
1827 5269 2250 5355 pontificatus
2297 5267 2503 5330 nostri
2551 5286 2723 5330 anno
2771 5271 3025 5352 quarto.

1030 5381 1155 5444 Ray.
1192 5383 1290 5429 Ao.
1334 5383 1387 5429 Τ.
1422 5380 1513 5438 20,
1540 5384 1601 5446 s,
1635 5381 1757 5444 330;
1808 5386 2154 5448 apoyraplmm
2188 5402 2318 5436 saec.
2353 5385 2545 5434 XVII
2573 5384 2626 5433 in
2662 5385 2866 5434 archivo
2899 5384 3123 5433 civitatis
3170 5384 3435 5448 Ultraject.
3468 5384 3688 5435 chartul.

968 5466 1033 5515 G.
1102 5467 1167 5515 ol.
1202 5465 1285 5514 92.

1033 5469 1236 5602 Ibidem
1270 5552 1356 5603 sol.
1390 5551 1457 5602 96
1490 5553 1633 5603 aliud
1671 5554 1864 5619 legitur
1900 5552 2260 5619 privilegium,
2298 5568 2328 5603 a
2365 5553 2549 5604 Carolo
2587 5552 2656 5602 lV
2691 5554 2873 5604 eodem
2906 5553 2992 5603 die
3025 5554 3088 5602 ad
3127 5553 3440 5603 instantiam
3467 5553 3689 5604 loannis

963 5633 1051 5695 (de
1095 5635 1279 5698 Arkel)
1327 5636 1558 5700 episcopi
1607 5651 1942 5702 concessum,
1991 5638 2102 5687 scil.
2152 5638 2293 5701 quod
2337 5637 2611 5701 episcopus
2656 5636 2795 5700 Traj.
2837 5637 2918 5687 vel
2953 5635 3167 5686 officiati
3206 5637 3372 5701 ipsius
3407 5637 3691 5687 homicidia

960 5716 1170 5779 publica
1204 5723 1258 5768 et
1294 5719 1654 5769 mutilationes
1690 5719 2051 5771 membrorum
2087 5721 2143 5769 in
2178 5719 2426 5770 districtu
2461 5735 2584 5782 suo,
2629 5721 2790 5771 etiam
2825 5719 2870 5770 si
2907 5720 3045 5783 parti
3082 5720 3252 5770 laaeae
3286 5720 3350 5769 ad
3385 5720 3687 5770 evitandam
