4450 6684
787 525 876 590 80
2012 523 2473 591 Ιηοοωῐυε
2516 522 2638 590 VI.

782 746 979 815 1558.
1762 748 1972 831 1356,
2019 748 2282 833 Aprilis
2328 748 2450 830 29,
2496 747 2866 812 Avenionis.

1094 903 1425 970 Balduino
1455 903 1532 968 de
1554 902 1761 969 Erkel
1788 902 2119 986 confertur
2137 911 2456 988 perpetua
2487 902 2848 988 capellania
2879 903 2950 967 in
2980 901 3236 967 ecclesia
3258 898 3328 965 S.
3355 899 3614 966 Nicolai
3642 898 3853 985 Traj.,

1005 1032 1236 1077 vacans
1269 1033 1396 1098 per
1441 1013 1926 1098 reeiynationem
1977 1009 2225 1077 Ottonic
2271 1009 2349 1074 de
2398 1008 2679 1075 Omeren.
2714 1009 2769 1093 1)
2819 1047 2901 1058 —
2956 1008 3369 1096 Deputantur
3413 1017 3781 1076 executores.

1006 1194 1388 1283 Apostolice
1438 1194 1631 1260 aedis.
1661 1242 1676 1259 .
1705 1242 1721 1259 .
1750 1242 1766 1259 .
1818 1192 1973 1260 Dat.
2021 1192 2392 1276 Avinione‚
2441 1192 2547 1258 III
2592 1192 2703 1259 Kl.
2751 1193 2955 1280 Maji,
3000 1213 3175 1259 anno
3223 1198 3479 1280 quarto·

1200 1310 1328 1373 περ.
1362 1311 1460 1359 Aa.
1504 1311 1557 1358 Τ.
1592 1307 1680 1372 12,
1705 1310 1767 1373 s.
1801 1306 1917 1360 171.

931 1439 989 1503 1)
1026 1438 1197 1491 Codex
1233 1438 1424 1490 habet:
1462 1438 1527 1489 de
1562 1436 1813 1489 Omeron.

778 1782 1238 1851 1559—1560.
1763 1786 1980 1867 1356,
2027 1784 2289 1870 Aprilis
2334 1784 2456 1867 29,
2502 1784 2867 1849 Avenionis.

1094 1940 1177 2004 A.
1247 1937 1539 2004 Mathiae
1607 1938 1932 2004 Johannis
2001 1937 2206 2003 Fabri
2273 1938 2604 2022 confertur
2662 1944 2980 2023 perpetua
3048 1937 3411 2023 capellania
3473 1940 3543 2002 in
3598 1938 3851 2003 ecclesia

1006 2048 1341 2131 colleqiata
1387 2045 1456 2110 S.
1498 2046 1687 2111 Petri
1718 2045 2294 2131 Middelburyensi,
2344 2066 2536 2132 quam
2569 2066 2710 2110 cum
2744 2044 3021 2130 Huqone
3050 2044 3381 2110 Lamberti
3398 2065 3530 2131 pro
3561 2044 3849 2109 custodia

1002 2157 1074 2218 in
1117 2155 1372 2219 ecclesia
1416 2153 1493 2217 de
1537 2153 1839 2219 Baudino
1864 2154 1916 2237 1)
1954 2154 2221 2239 putavit
2253 2153 2774 2238 permutandam.
2826 2190 2908 2200 —
2958 2152 3374 2238 Deputantur
3418 2158 3787 2216 executores.

1091 2260 1171 2326 Β.
1242 2259 1513 2346 Huqoni
1572 2260 1904 2326 Lamberti
1962 2262 2186 2326 clerico
2245 2261 2575 2343 confertur
2630 2259 2919 2325 custodia
2964 2261 3033 2325 in
3079 2260 3333 2325 ecclesia
3379 2257 3482 2343 [de
3525 2258 3849 2342 Baudino]

1013 2369 1195 2452 Traj.
1243 2369 1431 2434 dioec.
1457 2370 1514 2454 2)

1005 2552 1389 2639 Apostolice
1439 2550 1633 2618 sedis.
1662 2601 1677 2616 .
1707 2600 1723 2616 .
1753 2599 1769 2617 .
1817 2551 1972 2617 Dat.
2020 2550 2392 2636 Afiniana,
2441 2551 2547 2617 III
2593 2550 2703 2616 Kl.
2753 2551 2952 2637 maji,
3002 2572 3175 2618 anno
3223 2555 3478 2638 quarto,

1201 2669 1244 2719 Α
1279 2670 1404 2733 Ray.
1441 2672 1539 2719 Ac.
1584 2671 1718 2721 Tem.
1751 2667 1844 2732 12,
1868 2669 1930 2732 f.
1965 2667 2111 2732 2213
2147 2668 2187 2718 B
2235 2671 2365 2722 Tem.
2399 2668 2493 2732 14,
2522 2669 2581 2734 s.
2615 2668 2739 2733 475,
2779 2667 2934 2732 cujus
2969 2669 3079 2720 folii
3113 2669 3450 2720 characteres
3483 2666 3701 2718 maditie
3728 2680 3865 2717 non-

1129 2752 1267 2802 nihil
1301 2756 1653 2802 evanuerunt.

931 2871 989 2935 1)
1025 2869 1524 2936 Boudewynskerke
1558 2870 1615 2920 in
1651 2868 1975 2921 Walachria.
2182 2868 2241 2934 2)
2275 2867 2383 2922 cfr,
2416 2884 2580 2935 supra
2615 2885 2767 2921 num.
2799 2869 2948 2921 1174.

778 3246 970 3315 1561.
1812 3247 2023 3329 1356,
2071 3246 2244 3331 Maji
2288 3248 2407 3329 16,
2456 3247 2822 3313 Avonionis.

1098 3400 1316 3467 Ottoni
1373 3400 1449 3465 de
1507 3399 1767 3466 Omeren
1795 3402 1847 3485 1)
1893 3401 2315 3485 conferuntur
2360 3402 2794 3484 canonicatu3‚
2832 3400 3203 3486 praebenda
3243 3409 3303 3466 et
3345 3404 3847 3487 supplementum

1002 3508 1286 3573 ecclesiae
1332 3506 1401 3571 S.
1451 3506 1809 3572 Salvatoris
1863 3507 2079 3592 Traj.,
2115 3528 2247 3593 pro
2295 3509 2524 3594 quibus
2570 3529 2711 3573 cum
2751 3507 3050 3573 Johanne
3095 3506 3172 3572 de
3214 3508 3595 3573 Castrobono
3640 3509 3845 3593 capel-

1010 3615 1249 3678 laniam
1317 3615 1385 3677 in
1443 3612 1816 3698 parochiali
1885 3614 2139 3678 ecclesia
2201 3613 2270 3678 S.
2338 3614 2599 3679 Nicolai
2667 3613 2850 3697 Traj.
2898 3616 3163 3699 putavit
3206 3614 3714 3700 permutandam.
3766 3650 3848 3660 —

1003 3720 1419 3805 Deputantur
1463 3725 1832 3784 executores.

1000 3903 1385 3991 Apostolice
1431 3901 1626 3971 sedis.
1653 3952 1671 3970 .
1699 3953 1713 3969 .
1745 3953 1759 3968 .
1809 3904 1963 3970 Dat.
2012 3903 2381 3987 Avinione,
2428 3903 2635 3971 XVII
2683 3903 2794 3969 Kl.
2845 3904 3067 3989 Junii,
3117 3924 3291 3970 anno
3338 3911 3592 3991 quarto.

1196 4021 1322 4084 Bag.
1369 4023 1466 4073 Δυ.
1521 4020 1580 4071 T.
1626 4020 1715 4085 12,
1753 4024 1813 4087 s.
1848 4020 1988 4072 1512».
2070 4020 2133 4071 ln
2171 4022 2272 4072 hac
2306 4023 2453 4073 bulla
2487 4027 2779 4073 occurrunt
2816 4022 2977 4073 etiam
3014 4022 3241 4074 Jacobus
3276 4023 3341 4073 de
3376 4022 3538 4073 Valde
3571 4022 3862 4074 canonicus

1132 4103 1184 4155 S.
1231 4104 1377 4154 Petri
1419 4103 1562 4168 Traj.
1605 4110 1882 4170 tamquam
1928 4112 2241 4169 procurator
2281 4111 2334 4155 et
2369 4106 2647 4157 Baldricus
2682 4106 2747 4156 de
2782 4105 2941 4157 Erkel
2978 4111 3253 4172 tamquam
3286 4120 3511 4170 persona
3545 4109 3861 4170 personatus

1128 4190 1245 4241 sine
1279 4204 1407 4240 cura
1443 4190 1500 4240 in
1534 4189 1799 4242 Naerden.

933 4316 990 4381 1)
1026 4316 1197 4368 Codex
1233 4316 1419 4367 habet:
1456 4316 1520 4366 de
1555 4315 1801 4369 Oiveren.

778 4689 973 4758 1562.
1648 4694 1865 4777 1356,
1912 4693 2109 4759 Junii
2150 4697 2273 4778 19,
2324 4717 2429 4780 ap.
2494 4695 2982 4761 Villamnovam.

1096 4844 1365 4909 Nicolao
1417 4847 1513 4909 tit.
1550 4845 1619 4911 S.
1667 4846 1814 4911 Vita
1824 4848 1903 4912 lis
1921 4849 2298 4935 presbytero
2333 4849 2676 4915 Cardinali
2705 4851 3075 4935 mandatur,
3123 4859 3197 4916 ut
3225 4851 3500 4916 Juliano
3532 4850 3609 4915 de
3641 4848 3852 4914 Fovea

1001 4950 1328 5034 familiari
1385 4971 1499 5016 suo
1516 4999 1533 5034 ‚
1593 4953 1958 5039 presbytero
2005 4953 2409 5020 Lexomensis
2455 4956 2644 5021 dioec.
2670 5005 2687 5040 ‚
2742 4956 3032 5041 conferat
3076 4959 3515 5022 canonicatum
3562 4964 3623 5021 et
3657 4976 3850 5041 prae·

1007 5058 1269 5122 bendam
1315 5060 1384 5123 in
1430 5060 1683 5125 ecclesia
1714 5059 1782 5124 S.
1816 5060 2140 5127 Johannis
2180 5061 2396 5147 Traj.,
2444 5072 2736 5128 vacantes
2768 5085 2894 5149 per
2923 5064 3159 5129 obitum
3189 5062 3512 5130 Johannis
3543 5062 3845 5146 Moliart,

1007 5166 1188 5248 cujus
1259 5164 1552 5248 beneficia
1619 5167 1720 5231 die
1788 5169 1878 5231 12
1944 5167 2131 5233 Febr.
2203 5190 2311 5235 an.
2382 5172 2561 5236 1354
2624 5170 2956 5237 donationi
3014 5171 3179 5237 sedis
3240 5173 3619 5256 apostolicae
3664 5177 3850 5236 erant

1006 5279 1346 5337 reservata.

955 5412 960 5419 Ι
1005 5455 1300 5542 Dignum
1347 5455 1760 5521 arbitramur.
1789 5503 1806 5522 .
1834 5504 1849 5522 .
1881 5505 1897 5523 .
1945 5458 2100 5525 Dat.
2149 5459 2323 5546 apud
2364 5461 2849 5528 Villamnovam
2892 5470 3037 5546 eta,
3083 5463 3261 5530 XIII
3296 5463 3407 5529 Kl.
3442 5463 3485 5529 J
3489 5462 3635 5546 ulii,
3677 5481 3850 5527 anno

783 5570 1036 5650 quarto,

1204 5651 1331 5714 Req.
1365 5649 1459 5701 Δυ.
1506 5655 1559 5702 Τ.
1595 5651 1681 5714 12,
1710 5654 1771 5717 s.
1807 5652 1946 5704 323⁶.
