4450 6684
1719 549 2178 612 Inocmvrme
2236 542 2357 609 VI.
3436 537 3563 604 10⁹1

735 775 902 841 Oum
947 794 1068 839 nos
1113 770 1388 859 pridem.
1418 817 1434 834 .
1464 819 1477 829 .
1510 815 1528 833 .
1577 768 1731 833 Dat.
1779 766 2138 849 Avinione,
2185 762 2329 828 ΗΠ
2372 760 2474 826 Id.
2523 759 2567 826 J
2569 760 2852 845 anuarii,
2902 759 3323 845 pontificatus
3361 760 3574 826 nostri

507 904 684 950 anno
732 887 985 949 oetavo.

930 996 1058 1061 Ray.
1091 996 1190 1047 Aa.
1232 996 1287 1045 T.
1321 993 1414 1055 24,
1438 995 1497 1058 s.
1532 990 1673 1043 231·.

663 1113 723 1177 1)
759 1110 930 1164 Codex
966 1108 1152 1161 habet:
1189 1106 1450 1173 Adulphi,
1486 1111 1563 1157 et:
1601 1105 1843 1156 Staurea.

511 1546 709 1616 1648.
1467 1545 1680 1626 1360,
1727 1540 2047 1606 Jannarii
2089 1541 2209 1622 21,
2256 1538 2623 1603 Acen-ionis.

832 1700 1152 1764 Cristinae
1207 1699 1469 1762 relictae
1531 1695 1853 1782 quondam
1917 1691 2200 1757 Arnoldi
2260 1691 2418 1756 dicti
2477 1690 2764 1775 Scriner‚
2827 1691 3055 1757 viduae
3108 1691 3290 1775 Traj.
3338 1692 3528 1759 dioec.
3552 1743 3571 1778 ‚

738 1804 1097 1870 conceditur
1132 1805 1545 1889 privileqium
1583 1802 1925 1887 plenariae
1957 1805 2364 1885 peccatorum
2408 1799 2789 1863 remissionis
2833 1800 2904 1863 in
2949 1800 3223 1864 articulo
3267 1802 3509 1866 mortis.

739 1989 1056 2055 Provenit
1100 2008 1206 2053 ex.
1234 2034 1251 2052 .
1279 2034 1295 2052 .
1324 2034 1340 2051 .
1389 1985 1542 2051 Dat.
1590 1983 1922 2050 Avinione
1945 2032 1963 2067 ‚
2009 1981 2150 2049 XII
2195 1981 2306 2046 Kl.
2354 1979 2731 2064 Februarii,
2781 2001 2955 2052 anno
3003 1988 3256 2047 octavo.

936 2122 1058 2186 Ray.
1093 2122 1191 2171 Ao.
1233 2122 1287 2172 T.
1320 2118 1409 2185 22,
1437 2121 1497 2184 s.
1531 2118 1648 2169 522.

521 2588 720 2656 1644.
1476 2586 1700 2669 1360,
1745 2585 2064 2651 Januarii
2106 2587 2224 2669 26,
2272 2584 2637 2650 Avenionis.

838 2738 981 2804 Pro
1041 2739 1273 2804 decano
1339 2745 1400 2804 et
1458 2739 1740 2825 capitulo
1803 2738 2089 2802 ecclesiae
2157 2735 2340 2819 Traj.
2402 2735 2812 2821 infrascripti
2863 2736 2952 2801 ad
2996 2739 3339 2804 triennium
3385 2740 3582 2826 depu-

748 2853 972 2911 tantur
1014 2852 1497 2910 conservatores.

748 3028 1023 3094 Dileotis
1077 3028 1228 3093 filiis
1275 3075 1292 3093 .
1322 3076 1339 3094 .
1398 3029 1608 3094 saneti
1652 3027 1922 3094 Martini
1971 3025 2382 3092 Coloniensis
2428 3029 2500 3089 et
2546 3072 2561 3088 .
2587 3070 2605 3088 .
2653 3024 2864 3090 saneti
2907 3023 3144 3092 Jacobi
3188 3027 3580 3095 Leodiensie

525 3134 1063 3200 monasteriorum
1108 3134 1457 3200 abbatibus
1510 3155 1589 3200 ao
1637 3181 1653 3199 .
1680 3182 1698 3198 .
1748 3133 1996 3199 decano
2046 3131 2322 3197 eoeleeie
2368 3129 2852 3196 Cameracensis
2901 3132 3181 3198 salutem
3227 3142 3338 3200 etc.

748 3240 1062 3306 Militanti
1109 3241 1406 3307 eoelesie.
1435 3288 1451 3305 .
1480 3288 1497 3306 .
1526 3287 1543 3305 .
1592 3239 1744 3306 Dat.
1775 3239 2109 3305 Avinione
2128 3286 2147 3322 ,
2193 3235 2331 3302 VII
2359 3233 2471 3301 Kl.
2503 3235 2873 3322 Februarii,
2922 3238 3346 3325 pontificatus
3375 3242 3586 3309 nostri

526 3365 698 3412 auno
744 3351 998 3411 octavo.

940 3462 1330 3527 Aatoyrapham
1377 3461 1431 3511 in
1475 3462 1614 3511 arch.
1650 3476 1795 3526 prov.
1856 3461 2051 3525 Ultraj.
2098 3459 2164 3510 D.
2209 3455 2335 3521 472,
2381 3473 2490 3507 oum
2532 3457 2705 3521 effluo
2742 3459 2974 3524 plumbeo
3012 3461 3273 3513 chordulis
3303 3463 3606 3516 cannabinis

876 3654 1096 3704 appenso
1104 3661 1127 3698 ,-
1158 3638 1321 3689 latere
1349 3638 1560 3688 sinistro
1587 3636 1923 3702 subscriptum
1950 3640 2057 3686 est.-
2238 3554 2296 3736 Ξ
2463 3649 2614 3700 super
2638 3635 2784 3700 plica
2814 3635 3065 3701 inferiori
3097 3639 3169 3688 ad
3200 3640 3363 3690 deca.-
3397 3656 3492 3705 pro
3525 3643 3608 3695 Jo.

880 3819 1082 3871 Mon-elli
1126 3818 1202 3871 Jo.
1248 3820 1312 3871 de
1353 3819 1673 3886 Angicuria3
1709 3836 1744 3869 a
1777 3823 1948 3882 torae.-
1983 3737 2712 3885 EgigssngPss-'Jaumco'
2745 3833 2855 3870 non
2890 3820 3211 3871 restituatur
3242 3821 3349 3873 nisi
3384 3821 3517 3874 hull.
3550 3825 3605 3872 et

867 3903 1052 3968 paullo
1082 3902 1267 3967 infra.-
1303 3901 1371 3955 R.

949 4015 1073 4078 Roy-
1108 4016 1206 4065 Av.
1249 4017 1303 4065 r.
1339 4013 1435 4082 22,
1459 4017 1521 4078 s.
1553 4013 1674 4068 490.

531 4477 723 4548 1645.
1547 4484 1760 4566 1360,
1807 4482 2047 4549 Martii
2089 4485 2165 4568 2,
2214 4485 2577 4550 Avenionis.

862 4632 1192 4700 Willermo
1247 4634 1544 4702 Herman
1605 4639 1840 4702 rectori
1889 4637 2294 4723 parochialis
2353 4638 2639 4704 ecclesiae
2682 4639 2751 4702 in
2800 4635 3109 4702 Haerlem
3166 4636 3351 4723 Traj.
3397 4637 3598 4704 dioec.

758 4739 1117 4805 conceditur
1149 4742 1563 4827 privileqium
1602 4744 1944 4829 plenariae
1978 4750 2386 4828 peccatorum
2427 4744 2811 4808 remissionis
2853 4744 2921 4807 in
2969 4743 3246 4808 articulo
3290 4745 3538 4810 mortis.

754 4917 1072 4984 Provenit
1117 4940 1225 4985 ex.
1251 4967 1267 4985 .
1294 4967 1310 4985 .
1337 4966 1355 4985 .
1404 4920 1557 4986 Dat.
1604 4920 1937 4987 Avinione
1957 4970 1974 5005 ‚
2020 4919 2123 4987 VI
2165 4919 2339 4986 Non.
2385 4920 2617 4986 Marcii
2635 4969 2654 5004 ‚
2697 4940 2874 4987 anno
2921 4926 3179 4989 oetavo.

955 5053 1081 5117 Rey.
1112 5053 1211 5103 Ao.
1254 5050 1315 5105 Τ.
1348 5054 1438 5120 24,
1461 5058 1525 5120 f.
1556 5053 1673 5106 ⁴33.

541 5515 737 5585 1646.
1182 5558 1192 5568 -
1562 5521 1741 5584 1360
1759 5567 1777 5602 ‚
1825 5519 2062 5586 Martii
2104 5523 2177 5605 4,
2226 5523 2591 5587 Avenionis.

862 5670 1216 5737 Guillermo
1260 5672 1419 5737 Bloc
1462 5671 1662 5738 nobili
1705 5672 2032 5739 domicello
2086 5672 2271 5757 Traj.
2318 5673 2509 5739 dioec.
2555 5673 2719 5739 idem
2751 5674 3193 5759 privilegium.
