4450 6684
816 529 903 593 66
2045 529 2508 596 Innoonn‘rms
2551 528 2674 595 VI.

816 748 1001 817 1513.
1684 753 1897 835 1354,
1945 751 2139 816 Junii
2184 753 2303 835 12,
2354 773 2460 836 ap.
2525 751 3010 816 Villamnovam.

1136 904 1274 968 Pro
1321 903 1541 968 abbate
1585 912 1647 968 et
1690 913 1991 970 conventu
2037 911 2408 974 monasterii
2445 909 2910 995 Eymundensis
2956 911 3369 996 infrascripti
3412 912 3500 975 ad
3548 913 3886 977 triennium

1039 1009 1434 1095 deputantur
1478 1018 1958 1076 conservatores.

1041 1190 1319 1257 Dilectis
1384 1192 1535 1256 filiis
1592 1240 1608 1257 .
1638 1241 1653 1257 .
1719 1193 2129 1278 Trajectenis
2177 1202 2247 1260 et
2294 1243 2312 1260 .
2339 1243 2357 1260 .
2407 1198 2618 1262 saneti
2667 1196 2932 1283 Georgii
2982 1196 3394 1263 Coloniensis
3441 1219 3517 1264 ao
3566 1246 3581 1262 .
3610 1245 3627 1263 .
3677 1202 3885 1265 saneti

820 1298 1109 1364 Servaoii
1156 1300 1600 1384 Trajeotensis
1647 1299 2037 1365 Leodiensis
2085 1300 2366 1368 diocesis
2413 1304 2834 1370 eeclesiarum
2885 1302 3151 1369 decanis
3199 1306 3478 1370 salutem
3526 1313 3637 1371 etc.

1038 1405 1355 1471 Militanti
1395 1407 1691 1472 ecclesie.
1720 1454 1736 1471 .
1765 1456 1780 1471 .
1812 1455 1828 1473 .
1874 1408 2028 1474 Dat.
2072 1409 2251 1497 apud
2289 1412 2776 1478 villamnovam
2816 1413 3287 1479 Avinionensis
3328 1413 3635 1500 diocesis,
3675 1415 3746 1481 H
3787 1415 3885 1481 Id.

814 1512 1039 1596 Junii,
1089 1534 1261 1578 anno
1316 1513 1625 1579 seeundo.

1239 1648 1361 1711 Rea.
1397 1650 1496 1698 Ao.
1540 1651 1594 1698 T.
1629 1647 1687 1712 8,
1714 1651 1776 1713 f.
1811 1649 1947 1701 448r.

812 2160 1000 2230 1514.
1642 2168 1853 2250 1354,
1910 2168 2190 2252 Auqusti
2235 2170 2354 2251 27,
2402 2190 2510 2254 ap.
2573 2170 3061 2235 Villamnovam.

1126 2317 1267 2382 Pro
1330 2318 1676 2404 Raynaldo
1741 2322 1837 2383 tit.
1901 2320 1968 2383 S.
2017 2321 2308 2386 Adriani
2354 2321 2615 2386 diacono
2666 2322 3008 2388 Cardinali
3053 2322 3140 2386 ad
3187 2324 3422 2387 tuenda
3468 2325 3672 2409 ipsius
3720 2324 3892 2389 bene·

1040 2424 1222 2507 ficia,
1269 2428 1440 2508 jura
1501 2433 1562 2490 et
1611 2430 2031 2519 possessiones
2093 2430 2160 2492 in
2208 2428 2460 2492 civitate
2506 2436 2565 2493 et
2610 2429 2871 2494 dioecesi
2925 2429 3429 2514 Trajectensibus
3474 2431 3889 2517 infrascripti

1041 2531 1129 2594 ad
1174 2534 1680 2617 quinquennium
1726 2533 2118 2618 deputantur
2163 2542 2644 2600 conservatores,

1040 2714 1424 2779 Venerabili
1472 2715 1658 2780 fratri
1707 2763 1724 2780 .
1754 2765 1769 2779 .
1820 2716 2126 2804 episeopo
2176 2717 2636 2782 Cameracensi
2684 2723 2752 2782 et
2798 2715 3056 2783 dilectis
3102 2718 3253 2782 filiis
3304 2766 3321 2783 .
3351 2766 3367 2783 .
3416 2719 3669 2786 decano
3701 2719 3893 2787 Colo-

816 2819 1064 2884 niensis
1111 2841 1186 2885 ao
1236 2868 1252 2883 .
1283 2869 1297 2884 .
1348 2821 1605 2885 cantori
1650 2828 1874 2887 sancte
1923 2822 2151 2887 Crucis
2199 2823 2589 2889 Leodiensis
2637 2823 3060 2888 ecelesiarum
3108 2825 3389 2889 salutem
3435 2832 3549 2890 etc.

1039 2927 1149 2993 Ad
1182 2927 1547 3012 regendum
1578 2928 1968 2995 universale.
1998 2977 2013 2995 .
2044 2934 2059 2993 ζ
2088 2977 2104 2993 .
2155 2930 2306 2995 Dat.
2342 2929 2518 3016 apud
2550 2930 3035 2995 Villamnovam
3065 2931 3538 2997 Avinionensis
3571 2931 3883 3016 diocesia,

811 3032 915 3098 VI
961 3033 1073 3098 Kl.
1122 3034 1567 3120 Septembris,
1617 3057 1789 3100 anno
1838 3036 2149 3102 secundo.

1232 3168 1358 3232 Ray.
1394 3171 1494 3220 Δυ.
1537 3171 1589 3220 Τ.
1623 3167 1685 3232 8,
1712 3171 1775 3234 s.
1805 3168 1921 3220 455.

813 3687 1004 3755 1515.
1649 3691 1861 3772 1354,
1908 3689 2197 3775 Auqusti
2244 3691 2364 3772 31,
2412 3710 2516 3773 ap.
2583 3687 3067 3753 Villamnovam.

1137 3840 1394 3906 Decano
1458 3843 1746 3906 ecclesiae
1817 3842 2234 3924 Trajectensis
2280 3844 2723 3924 committitur,
2790 3849 2863 3905 ut
2908 3841 3285 3906 decanatum
3331 3843 3618 3906 ecclesiae
3663 3839 3732 3905 S.
3779 3839 3896 3906 Jo-

1042 3948 1277 4013 hannis
1333 3948 1517 4031 Traj.
1540 3997 1558 4031 ,
1606 3949 1938 4014 donationi
1981 3948 2145 4013 sedis
2192 3949 2577 4033 apostolicae
2620 3948 2721 4011 die
2765 3949 2806 4011 4
2856 3947 3177 4012 Januarii
3208 3950 3506 4032 proxime
3536 3949 3892 4032 praeterito

1040 4064 1428 4120 reservatum
1460 4064 1517 4120 et
1550 4077 1725 4120 nunc
1757 4063 2077 4120 vacantem
2107 4077 2234 4141 per
2266 4054 2500 4120 obitum
2533 4054 2808 4118 Henrici
2836 4054 2912 4118 de
2942 4053 3375 4137 Loenresloet,
3421 4055 3711 4137 conferat
3740 4053 3896 4118 Fre·

1038 4161 1247 4226 derico
1296 4162 1373 4225 de
1418 4160 1623 4245 Bare,
1668 4161 1999 4226 dummodo
2034 4162 2134 4226 hic
2169 4162 2643 4226 thesaurariam
2672 4163 2742 4226 in
2773 4161 2984 4225 eadem
3016 4161 3272 4226 ecclesia
3306 4164 3558 4226 omnino
3589 4161 3889 4226 dimittat.

1040 4341 1337 4428 Dignum
1385 4342 1796 4408 arbitramur.
1825 4389 1842 4407 .
1873 4390 1889 4406 .
1916 4390 1931 4406 .
1983 4343 2136 4408 Dat.
2194 4342 2375 4429 apud
2423 4342 2906 4408 villamnovam
2952 4343 3423 4410 Avinionensis
3470 4342 3784 4425 diocesis,
3823 4342 3895 4408 H

818 4449 936 4515 Kl.
987 4449 1433 4536 Septembris,
1481 4470 1655 4514 anno
1703 4449 2010 4516 secundo.

1235 4587 1362 4649 Bey.
1397 4586 1494 4635 Ao.
1539 4587 1593 4635 T.
1628 4585 1691 4645 6,
1716 4588 1779 4650 s.
1812 4585 1928 4636 145.

818 5105 1009 5175 1516.
1599 5107 1812 5188 1354,
1864 5104 2243 5189 Septembris
2289 5106 2371 5168 21
2398 5154 2414 5187 ,
2463 5125 2570 5188 ap.
2633 5104 3124 5169 Villamnovam.

1138 5260 1211 5324 N
1213 5261 1412 5324 icolao
1477 5260 1554 5324 de
1625 5258 1947 5343 Trampen
2002 5258 2224 5322 clerico
2270 5256 2465 5321 Leod.
2515 5256 2703 5321 dioec.
2754 5258 2995 5320 intuitu
3039 5255 3232 5320 Petri
3275 5256 3442 5340 reyis
3487 5254 3894 5338 Araqonum‚

1052 5372 1235 5453 cujus
1285 5369 1547 5432 clericus
1595 5375 1654 5432 et
1701 5369 1770 5430 in
1814 5366 2062 5450 capella
2107 5372 2330 5428 cantor
2368 5366 2608 5446 existit,
2657 5363 3101 5446 conferendum
3140 5369 3504 5427 reservatur
3541 5358 3900 5441 beneficium

1049 5481 1338 5559 spectans
1385 5473 1474 5537 ad
1520 5472 1988 5557 dispositionem
2033 5471 2306 5555 capituli
2351 5469 2437 5533 S.-
2471 5468 2827 5534 Salvatoris
2882 5468 3063 5551 Traj.
3114 5475 3172 5532 et
3217 5488 3359 5531 cum
3404 5486 3562 5531 cura
3598 5467 3717 5547 25,
3762 5466 3897 5528 sine

1049 5601 1209 5644 eura
1269 5600 1413 5644 vero
1476 5580 1565 5643 18
1626 5599 1993 5642 marcarum
2053 5579 2305 5661 arqenti
2358 5576 2634 5640 valorem
2681 5595 2964 5639 annuum
3012 5595 3139 5639 non
3188 5572 3497 5637 excedens.
3550 5608 3632 5618 —
3681 5570 3898 5656 Depu-

1046 5697 1271 5754 tantur
1316 5695 1692 5753 executores.
