<?xml version="1.0" encoding="UTF-8"?>
<!DOCTYPE html PUBLIC "-//W3C//DTD XHTML 1.0 Transitional//EN"
    "http://www.w3.org/TR/xhtml1/DTD/xhtml1-transitional.dtd">
<html xmlns="http://www.w3.org/1999/xhtml" xml:lang="en" lang="en">
 <head>
  <title>
</title>
<meta http-equiv="Content-Type" content="text/html;charset=utf-8" />
  <meta name='ocr-system' content='tesseract 3.04.00' />
  <meta name='ocr-capabilities' content='ocr_page ocr_carea ocr_par ocr_line ocrx_word'/>
</head>
<body>
  <div class='ocr_page' id='page_1' title='image "./bullariumtrajec00nethgoog_0090.png"; bbox 0 0 4450 6684; ppageno 0'>
   <div class='ocr_carea' id='block_1_1' title="bbox 408 2767 651 2832">
    <p class='ocr_par' dir='ltr' id='par_1_1' title="bbox 408 2767 651 2832">
     <span class='ocr_line' id='line_1_1' title="bbox 408 2767 651 2832; baseline 0.008 -17"><span class='ocrx_word' id='word_1_1' title='bbox 408 2767 651 2832; x_wconf 76' lang='lat' dir='ltr'><strong>Epilogus,</strong></span> 
     </span>
    </p>
   </div>
   <div class='ocr_carea' id='block_1_2' title="bbox 740 461 2515 529">
    <p class='ocr_par' dir='ltr' id='par_1_2' title="bbox 740 461 2515 529">
     <span class='ocr_line' id='line_1_2' title="bbox 740 461 2515 529; baseline 0.002 -11"><span class='ocrx_word' id='word_1_2' title='bbox 740 480 939 529; x_wconf 77' lang='lat' dir='ltr'><strong>Lm</strong></span> <span class='ocrx_word' id='word_1_3' title='bbox 2025 461 2515 526; x_wconf 70' lang='lat' dir='ltr'><strong>Imaonuc‘rlo.</strong></span> 
     </span>
    </p>
   </div>
   <div class='ocr_carea' id='block_1_3' title="bbox 721 673 3802 2526">
    <p class='ocr_par' dir='ltr' id='par_1_3' title="bbox 721 673 3802 2526">
     <span class='ocr_line' id='line_1_3' title="bbox 738 673 3802 765; baseline -0.001 -23"><span class='ocrx_word' id='word_1_4' title='bbox 738 678 1164 765; x_wconf 89' lang='lat' dir='ltr'><strong>interpositas</strong></span> <span class='ocrx_word' id='word_1_5' title='bbox 1211 677 1578 765; x_wconf 79' lang='lat' dir='ltr'><strong>complures</strong></span> <span class='ocrx_word' id='word_1_6' title='bbox 1625 676 1927 764; x_wconf 88' lang='lat' dir='ltr'><strong>querelas</strong></span> <span class='ocrx_word' id='word_1_7' title='bbox 1974 674 2057 740; x_wconf 93' lang='lat' dir='ltr'><strong>de</strong></span> <span class='ocrx_word' id='word_1_8' title='bbox 2103 675 2361 761; x_wconf 87' lang='lat' dir='ltr'><strong>injuriis</strong></span> <span class='ocrx_word' id='word_1_9' title='bbox 2408 675 2532 741; x_wconf 89' lang='lat' dir='ltr'><strong>sibi</strong></span> <span class='ocrx_word' id='word_1_10' title='bbox 2579 673 2779 739; x_wconf 88' lang='lat' dir='ltr'><strong>illatis</strong></span> <span class='ocrx_word' id='word_1_11' title='bbox 2828 695 2977 739; x_wconf 90' lang='lat' dir='ltr'><strong>cum</strong></span> <span class='ocrx_word' id='word_1_12' title='bbox 3010 695 3049 739; x_wconf 89' lang='lat' dir='ltr'><strong>a</strong></span> <span class='ocrx_word' id='word_1_13' title='bbox 3080 675 3331 741; x_wconf 75' lang='lat' dir='ltr'><strong>clericis</strong></span> <span class='ocrx_word' id='word_1_14' title='bbox 3365 680 3505 739; x_wconf 90' lang='lat' dir='ltr'><strong>tum</strong></span> <span class='ocrx_word' id='word_1_15' title='bbox 3539 695 3579 739; x_wconf 93' lang='lat' dir='ltr'><strong>a</strong></span> <span class='ocrx_word' id='word_1_16' title='bbox 3608 675 3802 741; x_wconf 68' lang='lat' dir='ltr'><strong>laicis:</strong></span> 
     </span>
     <span class='ocr_line' id='line_1_4' title="bbox 740 777 3789 866; baseline -0.001 -19"><span class='ocrx_word' id='word_1_17' title='bbox 740 780 1182 866; x_wconf 85' lang='lat' dir='ltr'><strong>Trajectensis</strong></span> <span class='ocrx_word' id='word_1_18' title='bbox 1244 780 1620 846; x_wconf 90' lang='lat' dir='ltr'><strong>dioeceseos</strong></span> <span class='ocrx_word' id='word_1_19' title='bbox 1682 779 1764 844; x_wconf 91' lang='lat' dir='ltr'><strong>ad</strong></span> <span class='ocrx_word' id='word_1_20' title='bbox 1830 779 2171 845; x_wconf 83' lang='lat' dir='ltr'><strong>Summum</strong></span> <span class='ocrx_word' id='word_1_21' title='bbox 2232 778 2622 844; x_wconf 89' lang='lat' dir='ltr'><strong>Pontificem</strong></span> <span class='ocrx_word' id='word_1_22' title='bbox 2679 777 2931 842; x_wconf 90' lang='lat' dir='ltr'><strong>delatas</strong></span> <span class='ocrx_word' id='word_1_23' title='bbox 2979 778 3180 843; x_wconf 90' lang='lat' dir='ltr'><strong>fuisse</strong></span> <span class='ocrx_word' id='word_1_24' title='bbox 3225 778 3590 844; x_wconf 74' lang='lat' dir='ltr'><strong>Bullatium</strong></span> <span class='ocrx_word' id='word_1_25' title='bbox 3637 799 3789 843; x_wconf 88' lang='lat' dir='ltr'><strong>nos-</strong></span> 
     </span>
     <span class='ocr_line' id='line_1_5' title="bbox 741 880 3791 971; baseline -0.001 -22"><span class='ocrx_word' id='word_1_26' title='bbox 741 892 915 951; x_wconf 90' lang='lat' dir='ltr'><strong>trum</strong></span> <span class='ocrx_word' id='word_1_27' title='bbox 964 884 1182 950; x_wconf 80' lang='lat' dir='ltr'><strong>tradit.</strong></span> <span class='ocrx_word' id='word_1_28' title='bbox 1276 884 1357 948; x_wconf 85' lang='lat' dir='ltr'><strong>In</strong></span> <span class='ocrx_word' id='word_1_29' title='bbox 1406 884 1643 971; x_wconf 91' lang='lat' dir='ltr'><strong>quibus</strong></span> <span class='ocrx_word' id='word_1_30' title='bbox 1681 881 2059 968; x_wconf 88' lang='lat' dir='ltr'><strong>judicandis</strong></span> <span class='ocrx_word' id='word_1_31' title='bbox 2108 882 2430 947; x_wconf 88' lang='lat' dir='ltr'><strong>alterutra</strong></span> <span class='ocrx_word' id='word_1_32' title='bbox 2476 882 2585 946; x_wconf 84' lang='lat' dir='ltr'><strong>via</strong></span> <span class='ocrx_word' id='word_1_33' title='bbox 2627 880 2983 968; x_wconf 80' lang='lat' dir='ltr'><strong>procedere</strong></span> <span class='ocrx_word' id='word_1_34' title='bbox 3033 903 3172 947; x_wconf 89' lang='lat' dir='ltr'><strong>mos</strong></span> <span class='ocrx_word' id='word_1_35' title='bbox 3220 888 3380 948; x_wconf 89' lang='lat' dir='ltr'><strong>erat.</strong></span> <span class='ocrx_word' id='word_1_36' title='bbox 3473 881 3604 947; x_wconf 82' lang='lat' dir='ltr'><strong>Vel</strong></span> <span class='ocrx_word' id='word_1_37' title='bbox 3648 882 3791 968; x_wconf 88' lang='lat' dir='ltr'><strong>ipsa</strong></span> 
     </span>
     <span class='ocr_line' id='line_1_6' title="bbox 736 985 3788 1071; baseline -0.001 -18"><span class='ocrx_word' id='word_1_38' title='bbox 736 989 806 1054; x_wconf 91' lang='lat' dir='ltr'><strong>in</strong></span> <span class='ocrx_word' id='word_1_39' title='bbox 878 988 1059 1053; x_wconf 90' lang='lat' dir='ltr'><strong>curia</strong></span> <span class='ocrx_word' id='word_1_40' title='bbox 1123 988 1204 1052; x_wconf 92' lang='lat' dir='ltr'><strong>lis</strong></span> <span class='ocrx_word' id='word_1_41' title='bbox 1271 987 1744 1053; x_wconf 76' lang='lat' dir='ltr'><strong>instituebatur</strong></span> <span class='ocrx_word' id='word_1_42' title='bbox 1812 992 1880 1053; x_wconf 93' lang='lat' dir='ltr'><strong>et</strong></span> <span class='ocrx_word' id='word_1_43' title='bbox 1942 985 2285 1051; x_wconf 87' lang='lat' dir='ltr'><strong>definitiva</strong></span> <span class='ocrx_word' id='word_1_44' title='bbox 2344 985 2900 1071; x_wconf 89' lang='lat' dir='ltr'><strong>pronunciabatur</strong></span> <span class='ocrx_word' id='word_1_45' title='bbox 2961 988 3326 1069; x_wconf 81' lang='lat' dir='ltr'><strong>sententia3</strong></span> <span class='ocrx_word' id='word_1_46' title='bbox 3384 985 3582 1070; x_wconf 77' lang='lat' dir='ltr'><strong>huJus</strong></span> <span class='ocrx_word' id='word_1_47' title='bbox 3628 1005 3788 1051; x_wconf 77' lang='lat' dir='ltr'><strong>vero</strong></span> 
     </span>
     <span class='ocr_line' id='line_1_7' title="bbox 739 1088 3786 1177; baseline -0.002 -19"><span class='ocrx_word' id='word_1_48' title='bbox 739 1092 1044 1158; x_wconf 83' lang='lat' dir='ltr'><strong>executio</strong></span> <span class='ocrx_word' id='word_1_49' title='bbox 1109 1091 1428 1157; x_wconf 88' lang='lat' dir='ltr'><strong>committi</strong></span> <span class='ocrx_word' id='word_1_50' title='bbox 1476 1097 1634 1156; x_wconf 90' lang='lat' dir='ltr'><strong>tunc</strong></span> <span class='ocrx_word' id='word_1_51' title='bbox 1679 1091 1936 1157; x_wconf 80' lang='lat' dir='ltr'><strong>solebat</strong></span> <span class='ocrx_word' id='word_1_52' title='bbox 1982 1089 2178 1154; x_wconf 90' lang='lat' dir='ltr'><strong>certis</strong></span> <span class='ocrx_word' id='word_1_53' title='bbox 2226 1088 2616 1175; x_wconf 90' lang='lat' dir='ltr'><strong>quibusdam</strong></span> <span class='ocrx_word' id='word_1_54' title='bbox 2654 1089 3026 1173; x_wconf 90' lang='lat' dir='ltr'><strong>judicibus,</strong></span> <span class='ocrx_word' id='word_1_55' title='bbox 3084 1091 3196 1176; x_wconf 91' lang='lat' dir='ltr'><strong>qui</strong></span> <span class='ocrx_word' id='word_1_56' title='bbox 3250 1090 3669 1177; x_wconf 84' lang='lat' dir='ltr'><strong>„simpliciter</strong></span> <span class='ocrx_word' id='word_1_57' title='bbox 3717 1094 3786 1155; x_wconf 92' lang='lat' dir='ltr'><strong>et</strong></span> 
     </span>
     <span class='ocr_line' id='line_1_8' title="bbox 740 1192 3788 1283; baseline -0 -24"><span class='ocrx_word' id='word_1_58' title='bbox 740 1194 821 1261; x_wconf 90' lang='lat' dir='ltr'><strong>de</strong></span> <span class='ocrx_word' id='word_1_59' title='bbox 869 1197 1099 1283; x_wconf 84' lang='lat' dir='ltr'><strong>plane,</strong></span> <span class='ocrx_word' id='word_1_60' title='bbox 1148 1196 1290 1260; x_wconf 89' lang='lat' dir='ltr'><strong>sine</strong></span> <span class='ocrx_word' id='word_1_61' title='bbox 1338 1196 1618 1282; x_wconf 88' lang='lat' dir='ltr'><strong>strepitu</strong></span> <span class='ocrx_word' id='word_1_62' title='bbox 1667 1201 1734 1260; x_wconf 88' lang='lat' dir='ltr'><strong>et</strong></span> <span class='ocrx_word' id='word_1_63' title='bbox 1781 1194 1990 1279; x_wconf 87' lang='lat' dir='ltr'><strong>figura</strong></span> <span class='ocrx_word' id='word_1_64' title='bbox 2036 1192 2304 1278; x_wconf 90' lang='lat' dir='ltr'><strong>judicii,</strong></span> <span class='ocrx_word' id='word_1_65' title='bbox 2351 1192 2811 1258; x_wconf 79' lang='lat' dir='ltr'><strong>informatione</strong></span> <span class='ocrx_word' id='word_1_66' title='bbox 2859 1200 3160 1279; x_wconf 88' lang='lat' dir='ltr'><strong>recepta,</strong></span> <span class='ocrx_word' id='word_1_67' title='bbox 3210 1195 3264 1257; x_wconf 92' lang='lat' dir='ltr'><strong>si</strong></span> <span class='ocrx_word' id='word_1_68' title='bbox 3319 1214 3436 1281; x_wconf 90' lang='lat' dir='ltr'><strong>per</strong></span> <span class='ocrx_word' id='word_1_69' title='bbox 3479 1193 3788 1258; x_wconf 87' lang='lat' dir='ltr'><strong>informa·</strong></span> 
     </span>
     <span class='ocr_line' id='line_1_9' title="bbox 738 1295 3781 1385; baseline -0.001 -21"><span class='ocrx_word' id='word_1_70' title='bbox 738 1301 985 1366; x_wconf 91' lang='lat' dir='ltr'><strong>tionem</strong></span> <span class='ocrx_word' id='word_1_71' title='bbox 1046 1297 1423 1385; x_wconf 88' lang='lat' dir='ltr'><strong>hujusmodi</strong></span> <span class='ocrx_word' id='word_1_72' title='bbox 1485 1298 1859 1385; x_wconf 86' lang='lat' dir='ltr'><strong>repereritis</strong></span> <span class='ocrx_word' id='word_1_73' title='bbox 1918 1298 2014 1361; x_wconf 88' lang='lat' dir='ltr'><strong>ita</strong></span> <span class='ocrx_word' id='word_1_74' title='bbox 2080 1295 2292 1379; x_wconf 88' lang='lat' dir='ltr'><strong>esse”,</strong></span> <span class='ocrx_word' id='word_1_75' title='bbox 2342 1296 2676 1362; x_wconf 87' lang='lat' dir='ltr'><strong>decretum</strong></span> <span class='ocrx_word' id='word_1_76' title='bbox 2724 1297 2793 1360; x_wconf 90' lang='lat' dir='ltr'><strong>in</strong></span> <span class='ocrx_word' id='word_1_77' title='bbox 2842 1297 3022 1362; x_wconf 89' lang='lat' dir='ltr'><strong>curia</strong></span> <span class='ocrx_word' id='word_1_78' title='bbox 3068 1296 3318 1362; x_wconf 87' lang='lat' dir='ltr'><strong>editum</strong></span> <span class='ocrx_word' id='word_1_79' title='bbox 3367 1295 3781 1363; x_wconf 89' lang='lat' dir='ltr'><strong>efficiendum</strong></span> 
     </span>
     <span class='ocr_line' id='line_1_10' title="bbox 737 1399 3786 1488; baseline -0.001 -19"><span class='ocrx_word' id='word_1_80' title='bbox 737 1409 1041 1469; x_wconf 89' lang='lat' dir='ltr'><strong>curarent</strong></span> <span class='ocrx_word' id='word_1_81' title='bbox 1109 1405 1197 1486; x_wconf 83' lang='lat' dir='ltr'><strong>(v.</strong></span> <span class='ocrx_word' id='word_1_82' title='bbox 1261 1424 1356 1488; x_wconf 88' lang='lat' dir='ltr'><strong>gr.</strong></span> <span class='ocrx_word' id='word_1_83' title='bbox 1429 1423 1606 1467; x_wconf 91' lang='lat' dir='ltr'><strong>num.</strong></span> <span class='ocrx_word' id='word_1_84' title='bbox 1673 1403 1851 1486; x_wconf 85' lang='lat'><strong>596).</strong></span> <span class='ocrx_word' id='word_1_85' title='bbox 1943 1401 2074 1466; x_wconf 83' lang='lat' dir='ltr'><strong>Vel</strong></span> <span class='ocrx_word' id='word_1_86' title='bbox 2142 1400 2286 1463; x_wconf 88' lang='lat' dir='ltr'><strong>aliis</strong></span> <span class='ocrx_word' id='word_1_87' title='bbox 2344 1399 2718 1485; x_wconf 89' lang='lat' dir='ltr'><strong>judicibus,</strong></span> <span class='ocrx_word' id='word_1_88' title='bbox 2754 1400 2806 1483; x_wconf 87' lang='lat'><strong>1)</strong></span> <span class='ocrx_word' id='word_1_89' title='bbox 2878 1401 2991 1486; x_wconf 90' lang='lat' dir='ltr'><strong>qui</strong></span> <span class='ocrx_word' id='word_1_90' title='bbox 3053 1401 3293 1466; x_wconf 88' lang='lat' dir='ltr'><strong>nostris</strong></span> <span class='ocrx_word' id='word_1_91' title='bbox 3353 1401 3423 1465; x_wconf 91' lang='lat' dir='ltr'><strong>in</strong></span> <span class='ocrx_word' id='word_1_92' title='bbox 3486 1402 3786 1488; x_wconf 88' lang='lat' dir='ltr'><strong>partibus</strong></span> 
     </span>
     <span class='ocr_line' id='line_1_11' title="bbox 737 1503 3785 1594; baseline -0.001 -22"><span class='ocrx_word' id='word_1_93' title='bbox 737 1508 1117 1572; x_wconf 86' lang='lat' dir='ltr'><strong>commorati</strong></span> <span class='ocrx_word' id='word_1_94' title='bbox 1186 1527 1448 1571; x_wconf 90' lang='lat' dir='ltr'><strong>causam</strong></span> <span class='ocrx_word' id='word_1_95' title='bbox 1518 1506 1786 1594; x_wconf 89' lang='lat' dir='ltr'><strong>propius</strong></span> <span class='ocrx_word' id='word_1_96' title='bbox 1854 1505 1980 1593; x_wconf 91' lang='lat' dir='ltr'><strong>ipsi</strong></span> <span class='ocrx_word' id='word_1_97' title='bbox 2046 1504 2370 1590; x_wconf 85' lang='lat' dir='ltr'><strong>inspicere</strong></span> <span class='ocrx_word' id='word_1_98' title='bbox 2440 1508 2743 1589; x_wconf 85' lang='lat' dir='ltr'><strong>possent,</strong></span> <span class='ocrx_word' id='word_1_99' title='bbox 2810 1504 2934 1568; x_wconf 89' lang='lat' dir='ltr'><strong>rite</strong></span> <span class='ocrx_word' id='word_1_100' title='bbox 2983 1525 3053 1568; x_wconf 91' lang='lat' dir='ltr'><strong>se</strong></span> <span class='ocrx_word' id='word_1_101' title='bbox 3099 1503 3531 1588; x_wconf 87' lang='lat' dir='ltr'><strong>informandi,</strong></span> <span class='ocrx_word' id='word_1_102' title='bbox 3579 1510 3785 1571; x_wconf 89' lang='lat' dir='ltr'><strong>testes</strong></span> 
     </span>
     <span class='ocr_line' id='line_1_12' title="bbox 734 1605 3784 1697; baseline -0.001 -22"><span class='ocrx_word' id='word_1_103' title='bbox 734 1610 818 1675; x_wconf 88' lang='lat' dir='ltr'><strong>ad</strong></span> <span class='ocrx_word' id='word_1_104' title='bbox 872 1610 1195 1696; x_wconf 89' lang='lat' dir='ltr'><strong>judicium</strong></span> <span class='ocrx_word' id='word_1_105' title='bbox 1257 1609 1611 1692; x_wconf 88' lang='lat' dir='ltr'><strong>evocandi,</strong></span> <span class='ocrx_word' id='word_1_106' title='bbox 1663 1610 1915 1694; x_wconf 90' lang='lat' dir='ltr'><strong>justam</strong></span> <span class='ocrx_word' id='word_1_107' title='bbox 1978 1608 2374 1674; x_wconf 90' lang='lat' dir='ltr'><strong>sententiam</strong></span> <span class='ocrx_word' id='word_1_108' title='bbox 2440 1605 2680 1673; x_wconf 90' lang='lat' dir='ltr'><strong>edendi</strong></span> <span class='ocrx_word' id='word_1_109' title='bbox 2734 1606 3009 1672; x_wconf 83' lang='lat' dir='ltr'><strong>facultas</strong></span> <span class='ocrx_word' id='word_1_110' title='bbox 3058 1607 3522 1694; x_wconf 85' lang='lat' dir='ltr'><strong>delegabatur3</strong></span> <span class='ocrx_word' id='word_1_111' title='bbox 3588 1630 3784 1697; x_wconf 89' lang='lat' dir='ltr'><strong>quam</strong></span> 
     </span>
     <span class='ocr_line' id='line_1_13' title="bbox 735 1712 3783 1799; baseline 0.001 -22"><span class='ocrx_word' id='word_1_112' title='bbox 735 1714 1126 1779; x_wconf 86' lang='lat' dir='ltr'><strong>sententiam</strong></span> <span class='ocrx_word' id='word_1_113' title='bbox 1192 1712 1500 1799; x_wconf 89' lang='lat' dir='ltr'><strong>deinceps</strong></span> <span class='ocrx_word' id='word_1_114' title='bbox 1567 1713 2047 1799; x_wconf 86' lang='lat' dir='ltr'><strong>„appellatione</strong></span> <span class='ocrx_word' id='word_1_115' title='bbox 2110 1712 2476 1798; x_wconf 86' lang='lat' dir='ltr'><strong>postposita</strong></span> <span class='ocrx_word' id='word_1_116' title='bbox 2537 1730 2655 1797; x_wconf 93' lang='lat' dir='ltr'><strong>per</strong></span> <span class='ocrx_word' id='word_1_117' title='bbox 2717 1732 3059 1776; x_wconf 88' lang='lat' dir='ltr'><strong>censuram</strong></span> <span class='ocrx_word' id='word_1_118' title='bbox 3121 1713 3625 1779; x_wconf 89' lang='lat' dir='ltr'><strong>ecclesiasticam</strong></span> <span class='ocrx_word' id='word_1_119' title='bbox 3675 1715 3783 1779; x_wconf 88' lang='lat' dir='ltr'><strong>fir·</strong></span> 
     </span>
     <span class='ocr_line' id='line_1_14' title="bbox 734 1814 3783 1902; baseline 0 -20"><span class='ocrx_word' id='word_1_120' title='bbox 734 1818 927 1882; x_wconf 90' lang='lat' dir='ltr'><strong>miter</strong></span> <span class='ocrx_word' id='word_1_121' title='bbox 973 1817 1347 1882; x_wconf 82' lang='lat' dir='ltr'><strong>observari“</strong></span> <span class='ocrx_word' id='word_1_122' title='bbox 1394 1817 1686 1882; x_wconf 87' lang='lat' dir='ltr'><strong>facerent</strong></span> <span class='ocrx_word' id='word_1_123' title='bbox 1732 1818 1820 1900; x_wconf 83' lang='lat' dir='ltr'><strong>(v.</strong></span> <span class='ocrx_word' id='word_1_124' title='bbox 1870 1837 1965 1902; x_wconf 92' lang='lat' dir='ltr'><strong>gr.</strong></span> <span class='ocrx_word' id='word_1_125' title='bbox 2015 1837 2193 1881; x_wconf 91' lang='lat' dir='ltr'><strong>num.</strong></span> <span class='ocrx_word' id='word_1_126' title='bbox 2245 1815 2424 1897; x_wconf 79' lang='lat'><strong>279).</strong></span> <span class='ocrx_word' id='word_1_127' title='bbox 2497 1816 2695 1881; x_wconf 92' lang='lat' dir='ltr'><strong>Hunc</strong></span> <span class='ocrx_word' id='word_1_128' title='bbox 2726 1815 2794 1879; x_wconf 91' lang='lat' dir='ltr'><strong>in</strong></span> <span class='ocrx_word' id='word_1_129' title='bbox 2829 1814 3096 1880; x_wconf 89' lang='lat' dir='ltr'><strong>modum</strong></span> <span class='ocrx_word' id='word_1_130' title='bbox 3129 1815 3199 1881; x_wconf 86' lang='lat' dir='ltr'><strong>a⁰</strong></span> <span class='ocrx_word' id='word_1_131' title='bbox 3239 1821 3408 1883; x_wconf 80' lang='lat'>1375</span> <span class='ocrx_word' id='word_1_132' title='bbox 3442 1818 3783 1884; x_wconf 87' lang='lat' dir='ltr'><strong>Johannes</strong></span> 
     </span>
     <span class='ocr_line' id='line_1_15' title="bbox 732 1918 3779 2010; baseline 0.001 -24"><span class='ocrx_word' id='word_1_133' title='bbox 732 1920 816 1986; x_wconf 85' lang='lat' dir='ltr'><strong>de</strong></span> <span class='ocrx_word' id='word_1_134' title='bbox 884 1919 1094 1986; x_wconf 81' lang='lat' dir='ltr'><strong>Arkel</strong></span> <span class='ocrx_word' id='word_1_135' title='bbox 1162 1926 1320 1985; x_wconf 89' lang='lat' dir='ltr'><strong>tunc</strong></span> <span class='ocrx_word' id='word_1_136' title='bbox 1390 1921 1735 2008; x_wconf 89' lang='lat' dir='ltr'><strong>episcopus</strong></span> <span class='ocrx_word' id='word_1_137' title='bbox 1803 1918 2218 2001; x_wconf 88' lang='lat' dir='ltr'><strong>Leodiensis,</strong></span> <span class='ocrx_word' id='word_1_138' title='bbox 2283 1919 2396 2004; x_wconf 90' lang='lat' dir='ltr'><strong>qui</strong></span> <span class='ocrx_word' id='word_1_139' title='bbox 2442 1926 2640 1984; x_wconf 87' lang='lat' dir='ltr'><strong>antea</strong></span> <span class='ocrx_word' id='word_1_140' title='bbox 2684 1939 2802 2005; x_wconf 88' lang='lat' dir='ltr'><strong>per</strong></span> <span class='ocrx_word' id='word_1_141' title='bbox 2849 1921 3082 2006; x_wconf 83' lang='lat' dir='ltr'><strong>viginti</strong></span> <span class='ocrx_word' id='word_1_142' title='bbox 3130 1942 3338 1987; x_wconf 83' lang='lat' dir='ltr'><strong>annos</strong></span> <span class='ocrx_word' id='word_1_143' title='bbox 3385 1930 3454 1989; x_wconf 90' lang='lat' dir='ltr'><strong>et</strong></span> <span class='ocrx_word' id='word_1_144' title='bbox 3500 1925 3779 2010; x_wconf 89' lang='lat' dir='ltr'><strong>amplius</strong></span> 
     </span>
     <span class='ocr_line' id='line_1_16' title="bbox 733 2021 3776 2112; baseline 0.001 -23"><span class='ocrx_word' id='word_1_145' title='bbox 733 2024 1047 2090; x_wconf 88' lang='lat' dir='ltr'><strong>ecclesiae</strong></span> <span class='ocrx_word' id='word_1_146' title='bbox 1109 2024 1518 2110; x_wconf 84' lang='lat' dir='ltr'><strong>Trajectensi</strong></span> <span class='ocrx_word' id='word_1_147' title='bbox 1580 2024 1953 2112; x_wconf 78' lang='lat' dir='ltr'><strong>praefuerat</strong></span> <span class='ocrx_word' id='word_1_148' title='bbox 2015 2023 2290 2109; x_wconf 90' lang='lat' dir='ltr'><strong>ejusque</strong></span> <span class='ocrx_word' id='word_1_149' title='bbox 2354 2021 2801 2087; x_wconf 88' lang='lat' dir='ltr'><strong>conditionem</strong></span> <span class='ocrx_word' id='word_1_150' title='bbox 2862 2023 3056 2110; x_wconf 89' lang='lat' dir='ltr'><strong>plane</strong></span> <span class='ocrx_word' id='word_1_151' title='bbox 3105 2033 3421 2112; x_wconf 84' lang='lat' dir='ltr'><strong>expertus</strong></span> <span class='ocrx_word' id='word_1_152' title='bbox 3466 2035 3776 2112; x_wconf 80' lang='lat' dir='ltr'><strong>noverat,</strong></span> 
     </span>
     <span class='ocr_line' id='line_1_17' title="bbox 721 2125 3782 2218; baseline 0.002 -26"><span class='ocrx_word' id='word_1_153' title='bbox 721 2126 935 2213; x_wconf 84' lang='lat' dir='ltr'><strong>judex</strong></span> <span class='ocrx_word' id='word_1_154' title='bbox 1005 2127 1359 2213; x_wconf 88' lang='lat' dir='ltr'><strong>deputatus</strong></span> <span class='ocrx_word' id='word_1_155' title='bbox 1431 2148 1575 2193; x_wconf 91' lang='lat' dir='ltr'><strong>esse</strong></span> <span class='ocrx_word' id='word_1_156' title='bbox 1643 2128 1886 2213; x_wconf 87' lang='lat' dir='ltr'><strong>legitur</strong></span> <span class='ocrx_word' id='word_1_157' title='bbox 1954 2127 2024 2190; x_wconf 91' lang='lat' dir='ltr'><strong>in</strong></span> <span class='ocrx_word' id='word_1_158' title='bbox 2085 2147 2283 2190; x_wconf 90' lang='lat' dir='ltr'><strong>causa</strong></span> <span class='ocrx_word' id='word_1_159' title='bbox 2349 2125 2762 2209; x_wconf 90' lang='lat' dir='ltr'><strong>difficillima,</strong></span> <span class='ocrx_word' id='word_1_160' title='bbox 2830 2128 3089 2215; x_wconf 89' lang='lat' dir='ltr'><strong>saepius</strong></span> <span class='ocrx_word' id='word_1_161' title='bbox 3137 2149 3216 2193; x_wconf 92' lang='lat' dir='ltr'><strong>eo</strong></span> <span class='ocrx_word' id='word_1_162' title='bbox 3265 2135 3561 2218; x_wconf 89' lang='lat' dir='ltr'><strong>tempore</strong></span> <span class='ocrx_word' id='word_1_163' title='bbox 3608 2133 3782 2198; x_wconf 87' lang='lat' dir='ltr'><strong>inter</strong></span> 
     </span>
     <span class='ocr_line' id='line_1_18' title="bbox 731 2228 3778 2320; baseline 0.002 -24"><span class='ocrx_word' id='word_1_164' title='bbox 731 2231 1094 2296; x_wconf 90' lang='lat' dir='ltr'><strong>antistitem</strong></span> <span class='ocrx_word' id='word_1_165' title='bbox 1142 2238 1210 2295; x_wconf 90' lang='lat' dir='ltr'><strong>et</strong></span> <span class='ocrx_word' id='word_1_166' title='bbox 1259 2230 1784 2296; x_wconf 84' lang='lat' dir='ltr'><strong>archidiaconum</strong></span> <span class='ocrx_word' id='word_1_167' title='bbox 1836 2231 2295 2315; x_wconf 76' lang='lat' dir='ltr'><strong>TraJectenses</strong></span> <span class='ocrx_word' id='word_1_168' title='bbox 2328 2230 2411 2295; x_wconf 91' lang='lat' dir='ltr'><strong>de</strong></span> <span class='ocrx_word' id='word_1_169' title='bbox 2442 2228 2901 2316; x_wconf 88' lang='lat' dir='ltr'><strong>jurisdictione</strong></span> <span class='ocrx_word' id='word_1_170' title='bbox 2936 2232 3258 2319; x_wconf 90' lang='lat' dir='ltr'><strong>spirituali</strong></span> <span class='ocrx_word' id='word_1_171' title='bbox 3292 2236 3542 2320; x_wconf 86' lang='lat' dir='ltr'><strong>agitata</strong></span> <span class='ocrx_word' id='word_1_172' title='bbox 3572 2237 3778 2320; x_wconf 89' lang='lat' dir='ltr'><strong>(num.</strong></span> 
     </span>
     <span class='ocr_line' id='line_1_19' title="bbox 730 2333 3781 2423; baseline 0.002 -24"><span class='ocrx_word' id='word_1_173' title='bbox 730 2336 955 2419; x_wconf 86' lang='lat'><strong>2241).</strong></span> <span class='ocrx_word' id='word_1_174' title='bbox 1049 2334 1343 2400; x_wconf 87' lang='lat' dir='ltr'><strong>Eandem</strong></span> <span class='ocrx_word' id='word_1_175' title='bbox 1407 2334 1647 2421; x_wconf 88' lang='lat' dir='ltr'><strong>agendi</strong></span> <span class='ocrx_word' id='word_1_176' title='bbox 1708 2335 2025 2401; x_wconf 92' lang='lat' dir='ltr'><strong>rationem</strong></span> <span class='ocrx_word' id='word_1_177' title='bbox 2089 2335 2475 2421; x_wconf 90' lang='lat' dir='ltr'><strong>plerumque</strong></span> <span class='ocrx_word' id='word_1_178' title='bbox 2524 2355 2563 2398; x_wconf 88' lang='lat' dir='ltr'><strong>a</strong></span> <span class='ocrx_word' id='word_1_179' title='bbox 2609 2333 2781 2400; x_wconf 81' lang='lat' dir='ltr'><strong>Sede</strong></span> <span class='ocrx_word' id='word_1_180' title='bbox 2831 2334 3211 2422; x_wconf 81' lang='lat' dir='ltr'><strong>Apostolica</strong></span> <span class='ocrx_word' id='word_1_181' title='bbox 3256 2337 3326 2402; x_wconf 93' lang='lat' dir='ltr'><strong>in</strong></span> <span class='ocrx_word' id='word_1_182' title='bbox 3363 2338 3631 2423; x_wconf 90' lang='lat' dir='ltr'><strong>judiciis</strong></span> <span class='ocrx_word' id='word_1_183' title='bbox 3678 2362 3781 2405; x_wconf 91' lang='lat' dir='ltr'><strong>sa·</strong></span> 
     </span>
     <span class='ocr_line' id='line_1_20' title="bbox 729 2437 3781 2526; baseline 0.002 -24"><span class='ocrx_word' id='word_1_184' title='bbox 729 2439 989 2525; x_wconf 89' lang='lat' dir='ltr'><strong>pienter</strong></span> <span class='ocrx_word' id='word_1_185' title='bbox 1056 2437 1256 2503; x_wconf 91' lang='lat' dir='ltr'><strong>fuisse</strong></span> <span class='ocrx_word' id='word_1_186' title='bbox 1330 2439 1778 2522; x_wconf 87' lang='lat' dir='ltr'><strong>observatam,</strong></span> <span class='ocrx_word' id='word_1_187' title='bbox 1855 2437 2322 2524; x_wconf 90' lang='lat' dir='ltr'><strong>speciminibus</strong></span> <span class='ocrx_word' id='word_1_188' title='bbox 2391 2438 2628 2524; x_wconf 90' lang='lat' dir='ltr'><strong>quibus</strong></span> <span class='ocrx_word' id='word_1_189' title='bbox 2700 2446 3014 2526; x_wconf 86' lang='lat' dir='ltr'><strong>appareat</strong></span> <span class='ocrx_word' id='word_1_190' title='bbox 3080 2441 3443 2508; x_wconf 77' lang='lat' dir='ltr'><strong>Bullatium</strong></span> <span class='ocrx_word' id='word_1_191' title='bbox 3511 2444 3781 2509; x_wconf 91' lang='lat' dir='ltr'><strong>minime</strong></span> 
     </span>
    </p>
   </div>
   <div class='ocr_carea' id='block_1_4' title="bbox 728 2548 926 2607">
    <p class='ocr_par' dir='ltr' id='par_1_4' title="bbox 728 2548 926 2607">
     <span class='ocr_line' id='line_1_21' title="bbox 728 2548 926 2607; baseline -0.01 -1"><span class='ocrx_word' id='word_1_192' title='bbox 728 2548 926 2607; x_wconf 89' lang='lat' dir='ltr'><strong>caret.</strong></span> 
     </span>
    </p>
   </div>
   <div class='ocr_carea' id='block_1_5' title="bbox 716 2746 3798 4715">
    <p class='ocr_par' dir='ltr' id='par_1_5' title="bbox 716 2746 3798 4715">
     <span class='ocr_line' id='line_1_22' title="bbox 956 2746 3777 2838; baseline 0.005 -27"><span class='ocrx_word' id='word_1_193' title='bbox 956 2747 1149 2812; x_wconf 85' lang='lat' dir='ltr'><strong>Nunc</strong></span> <span class='ocrx_word' id='word_1_194' title='bbox 1213 2746 1495 2834; x_wconf 90' lang='lat' dir='ltr'><strong>denique</strong></span> <span class='ocrx_word' id='word_1_195' title='bbox 1555 2747 2071 2814; x_wconf 88' lang='lat' dir='ltr'><strong>Introductionis</strong></span> <span class='ocrx_word' id='word_1_196' title='bbox 2134 2755 2398 2814; x_wconf 86' lang='lat' dir='ltr'><strong>nostrae</strong></span> <span class='ocrx_word' id='word_1_197' title='bbox 2461 2750 2630 2815; x_wconf 91' lang='lat' dir='ltr'><strong>finis.</strong></span> <span class='ocrx_word' id='word_1_198' title='bbox 2723 2752 2802 2816; x_wconf 93' lang='lat' dir='ltr'><strong>In</strong></span> <span class='ocrx_word' id='word_1_199' title='bbox 2866 2774 2998 2838; x_wconf 91' lang='lat' dir='ltr'><strong>qua</strong></span> <span class='ocrx_word' id='word_1_200' title='bbox 3053 2754 3218 2819; x_wconf 91' lang='lat' dir='ltr'><strong>nihil</strong></span> <span class='ocrx_word' id='word_1_201' title='bbox 3265 2757 3441 2821; x_wconf 88' lang='lat' dir='ltr'><strong>aliud</strong></span> <span class='ocrx_word' id='word_1_202' title='bbox 3490 2764 3777 2825; x_wconf 88' lang='lat' dir='ltr'><strong>sectatus</strong></span> 
     </span>
     <span class='ocr_line' id='line_1_23' title="bbox 726 2852 3777 2944; baseline 0.005 -27"><span class='ocrx_word' id='word_1_203' title='bbox 726 2873 907 2934; x_wconf 89' lang='lat' dir='ltr'><strong>sum,</strong></span> <span class='ocrx_word' id='word_1_204' title='bbox 973 2852 1099 2916; x_wconf 90' lang='lat' dir='ltr'><strong>nisi</strong></span> <span class='ocrx_word' id='word_1_205' title='bbox 1161 2858 1238 2916; x_wconf 90' lang='lat' dir='ltr'><strong>ut</strong></span> <span class='ocrx_word' id='word_1_206' title='bbox 1298 2857 1544 2939; x_wconf 88' lang='lat' dir='ltr'><strong>quanta</strong></span> <span class='ocrx_word' id='word_1_207' title='bbox 1590 2854 1841 2918; x_wconf 88' lang='lat' dir='ltr'><strong>utilitas</strong></span> <span class='ocrx_word' id='word_1_208' title='bbox 1889 2853 1970 2919; x_wconf 90' lang='lat' dir='ltr'><strong>ad</strong></span> <span class='ocrx_word' id='word_1_209' title='bbox 2020 2853 2242 2918; x_wconf 88' lang='lat' dir='ltr'><strong>studia</strong></span> <span class='ocrx_word' id='word_1_210' title='bbox 2285 2855 2632 2938; x_wconf 89' lang='lat' dir='ltr'><strong>historica,</strong></span> <span class='ocrx_word' id='word_1_211' title='bbox 2682 2877 2852 2943; x_wconf 89' lang='lat' dir='ltr'><strong>quae</strong></span> <span class='ocrx_word' id='word_1_212' title='bbox 2900 2858 3165 2944; x_wconf 89' lang='lat' dir='ltr'><strong>quidem</strong></span> <span class='ocrx_word' id='word_1_213' title='bbox 3212 2863 3282 2925; x_wconf 93' lang='lat' dir='ltr'><strong>in</strong></span> <span class='ocrx_word' id='word_1_214' title='bbox 3328 2864 3525 2929; x_wconf 91' lang='lat' dir='ltr'><strong>rebus</strong></span> <span class='ocrx_word' id='word_1_215' title='bbox 3572 2867 3777 2932; x_wconf 91' lang='lat' dir='ltr'><strong>eccle·</strong></span> 
     </span>
     <span class='ocr_line' id='line_1_24' title="bbox 725 2956 3778 3056; baseline 0.005 -35"><span class='ocrx_word' id='word_1_216' title='bbox 725 2956 1001 3021; x_wconf 87' lang='lat' dir='ltr'><strong>siasticis</strong></span> <span class='ocrx_word' id='word_1_217' title='bbox 1048 2956 1300 3042; x_wconf 88' lang='lat' dir='ltr'><strong>patriae</strong></span> <span class='ocrx_word' id='word_1_218' title='bbox 1347 2962 1610 3022; x_wconf 91' lang='lat' dir='ltr'><strong>nostrae</strong></span> <span class='ocrx_word' id='word_1_219' title='bbox 1658 2964 2030 3043; x_wconf 83' lang='lat' dir='ltr'><strong>versantur,</strong></span> <span class='ocrx_word' id='word_1_220' title='bbox 2081 2980 2168 3023; x_wconf 83' lang='lat' dir='ltr'><strong>ex</strong></span> <span class='ocrx_word' id='word_1_221' title='bbox 2216 2964 2357 3023; x_wconf 91' lang='lat' dir='ltr'><strong>toto</strong></span> <span class='ocrx_word' id='word_1_222' title='bbox 2404 2958 2528 3025; x_wconf 92' lang='lat' dir='ltr'><strong>hoc</strong></span> <span class='ocrx_word' id='word_1_223' title='bbox 2576 2981 2774 3047; x_wconf 91' lang='lat' dir='ltr'><strong>opere</strong></span> <span class='ocrx_word' id='word_1_224' title='bbox 2815 2962 3096 3028; x_wconf 90' lang='lat' dir='ltr'><strong>conferri</strong></span> <span class='ocrx_word' id='word_1_225' title='bbox 3136 2966 3371 3051; x_wconf 88' lang='lat' dir='ltr'><strong>possit,</strong></span> <span class='ocrx_word' id='word_1_226' title='bbox 3412 2989 3606 3054; x_wconf 92' lang='lat' dir='ltr'><strong>porro</strong></span> <span class='ocrx_word' id='word_1_227' title='bbox 3646 2990 3778 3056; x_wconf 89' lang='lat' dir='ltr'><strong>qua</strong></span> 
     </span>
     <span class='ocr_line' id='line_1_25' title="bbox 724 3059 3778 3150; baseline 0.006 -27"><span class='ocrx_word' id='word_1_228' title='bbox 724 3061 790 3124; x_wconf 89' lang='lat' dir='ltr'><strong>vi</strong></span> <span class='ocrx_word' id='word_1_229' title='bbox 852 3065 1051 3146; x_wconf 91' lang='lat' dir='ltr'><strong>atque</strong></span> <span class='ocrx_word' id='word_1_230' title='bbox 1115 3059 1505 3126; x_wconf 90' lang='lat' dir='ltr'><strong>auctoritate</strong></span> <span class='ocrx_word' id='word_1_231' title='bbox 1570 3062 1671 3126; x_wconf 91' lang='lat' dir='ltr'><strong>his</strong></span> <span class='ocrx_word' id='word_1_232' title='bbox 1731 3062 1801 3127; x_wconf 91' lang='lat' dir='ltr'><strong>in</strong></span> <span class='ocrx_word' id='word_1_233' title='bbox 1866 3060 2244 3147; x_wconf 79' lang='lat' dir='ltr'><strong>regionibus</strong></span> <span class='ocrx_word' id='word_1_234' title='bbox 2305 3084 2517 3150; x_wconf 91' lang='lat' dir='ltr'><strong>usque</strong></span> <span class='ocrx_word' id='word_1_235' title='bbox 2575 3063 2659 3129; x_wconf 91' lang='lat' dir='ltr'><strong>ad</strong></span> <span class='ocrx_word' id='word_1_236' title='bbox 2707 3086 2810 3130; x_wconf 90' lang='lat' dir='ltr'><strong>an.</strong></span> <span class='ocrx_word' id='word_1_237' title='bbox 2868 3068 3038 3132; x_wconf 84' lang='lat'>1378</span> <span class='ocrx_word' id='word_1_238' title='bbox 3086 3069 3370 3135; x_wconf 88' lang='lat' dir='ltr'><strong>Romani</strong></span> <span class='ocrx_word' id='word_1_239' title='bbox 3415 3073 3778 3141; x_wconf 89' lang='lat' dir='ltr'><strong>Pontifices</strong></span> 
     </span>
     <span class='ocr_line' id='line_1_26' title="bbox 726 3162 3776 3259; baseline 0.005 -30"><span class='ocrx_word' id='word_1_240' title='bbox 726 3162 1121 3249; x_wconf 86' lang='lat' dir='ltr'><strong>gauderent,</strong></span> <span class='ocrx_word' id='word_1_241' title='bbox 1170 3164 1328 3228; x_wconf 89' lang='lat' dir='ltr'><strong>satis</strong></span> <span class='ocrx_word' id='word_1_242' title='bbox 1374 3165 1833 3251; x_wconf 80' lang='lat' dir='ltr'><strong>explicaretur.</strong></span> <span class='ocrx_word' id='word_1_243' title='bbox 1860 3167 1913 3249; x_wconf 71' lang='grc'><strong>2)</strong></span> <span class='ocrx_word' id='word_1_244' title='bbox 1986 3164 2192 3252; x_wconf 86' lang='lat' dir='ltr'><strong>Cujus</strong></span> <span class='ocrx_word' id='word_1_245' title='bbox 2238 3166 2526 3232; x_wconf 87' lang='lat' dir='ltr'><strong>instituti</strong></span> <span class='ocrx_word' id='word_1_246' title='bbox 2575 3169 2751 3255; x_wconf 91' lang='lat' dir='ltr'><strong>prior</strong></span> <span class='ocrx_word' id='word_1_247' title='bbox 2796 3191 2945 3256; x_wconf 88' lang='lat' dir='ltr'><strong>pars</strong></span> <span class='ocrx_word' id='word_1_248' title='bbox 2992 3192 3070 3236; x_wconf 93' lang='lat' dir='ltr'><strong>eo</strong></span> <span class='ocrx_word' id='word_1_249' title='bbox 3119 3175 3382 3259; x_wconf 87' lang='lat' dir='ltr'><strong>majoris</strong></span> <span class='ocrx_word' id='word_1_250' title='bbox 3427 3175 3776 3243; x_wconf 73' lang='lat' dir='ltr'><strong>videbatur</strong></span> 
     </span>
     <span class='ocr_line' id='line_1_27' title="bbox 724 3267 3774 3368; baseline 0.006 -36"><span class='ocrx_word' id='word_1_251' title='bbox 724 3268 1074 3351; x_wconf 89' lang='lat' dir='ltr'><strong>momenti,</strong></span> <span class='ocrx_word' id='word_1_252' title='bbox 1150 3267 1325 3355; x_wconf 89' lang='lat' dir='ltr'><strong>quod</strong></span> <span class='ocrx_word' id='word_1_253' title='bbox 1396 3275 1535 3333; x_wconf 89' lang='lat' dir='ltr'><strong>tum</strong></span> <span class='ocrx_word' id='word_1_254' title='bbox 1604 3275 1869 3335; x_wconf 83' lang='lat' dir='ltr'><strong>vetusta</strong></span> <span class='ocrx_word' id='word_1_255' title='bbox 1937 3269 2263 3335; x_wconf 83' lang='lat' dir='ltr'><strong>Chronica</strong></span> <span class='ocrx_word' id='word_1_256' title='bbox 2332 3292 2479 3335; x_wconf 90' lang='lat' dir='ltr'><strong>cum</strong></span> <span class='ocrx_word' id='word_1_257' title='bbox 2550 3278 2886 3358; x_wconf 89' lang='lat' dir='ltr'><strong>auctores,</strong></span> <span class='ocrx_word' id='word_1_258' title='bbox 2949 3296 2991 3340; x_wconf 92' lang='lat' dir='ltr'><strong>a</strong></span> <span class='ocrx_word' id='word_1_259' title='bbox 3035 3277 3272 3363; x_wconf 90' lang='lat' dir='ltr'><strong>quibus</strong></span> <span class='ocrx_word' id='word_1_260' title='bbox 3321 3280 3774 3368; x_wconf 88' lang='lat' dir='ltr'><strong>episcoporum</strong></span> 
     </span>
     <span class='ocr_line' id='line_1_28' title="bbox 724 3371 3775 3472; baseline 0.005 -35"><span class='ocrx_word' id='word_1_261' title='bbox 724 3373 1247 3457; x_wconf 85' lang='lat' dir='ltr'><strong>Trajectensium</strong></span> <span class='ocrx_word' id='word_1_262' title='bbox 1294 3372 1632 3458; x_wconf 89' lang='lat' dir='ltr'><strong>antiquam</strong></span> <span class='ocrx_word' id='word_1_263' title='bbox 1676 3372 2016 3437; x_wconf 89' lang='lat' dir='ltr'><strong>historiam</strong></span> <span class='ocrx_word' id='word_1_264' title='bbox 2065 3371 2456 3459; x_wconf 86' lang='lat' dir='ltr'><strong>descriptam</strong></span> <span class='ocrx_word' id='word_1_265' title='bbox 2492 3376 2821 3461; x_wconf 81' lang='lat' dir='ltr'><strong>novimus,</strong></span> <span class='ocrx_word' id='word_1_266' title='bbox 2867 3400 2970 3443; x_wconf 92' lang='lat' dir='ltr'><strong>res</strong></span> <span class='ocrx_word' id='word_1_267' title='bbox 3000 3381 3300 3466; x_wconf 86' lang='lat' dir='ltr'><strong>politicas</strong></span> <span class='ocrx_word' id='word_1_268' title='bbox 3331 3384 3437 3449; x_wconf 85' lang='lat' dir='ltr'><strong>vel</strong></span> <span class='ocrx_word' id='word_1_269' title='bbox 3467 3387 3775 3472; x_wconf 89' lang='lat' dir='ltr'><strong>profanas</strong></span> 
     </span>
     <span class='ocr_line' id='line_1_29' title="bbox 720 3474 3769 3562; baseline 0.006 -23"><span class='ocrx_word' id='word_1_270' title='bbox 720 3476 932 3562; x_wconf 88' lang='lat' dir='ltr'><strong>primo</strong></span> <span class='ocrx_word' id='word_1_271' title='bbox 994 3474 1138 3540; x_wconf 92' lang='lat' dir='ltr'><strong>loco</strong></span> <span class='ocrx_word' id='word_1_272' title='bbox 1200 3495 1446 3562; x_wconf 91' lang='lat' dir='ltr'><strong>ponere</strong></span> <span class='ocrx_word' id='word_1_273' title='bbox 1508 3481 1774 3559; x_wconf 88' lang='lat' dir='ltr'><strong>amant,</strong></span> <span class='ocrx_word' id='word_1_274' title='bbox 1818 3497 1854 3540; x_wconf 96' lang='lat' dir='ltr'><strong>e</strong></span> <span class='ocrx_word' id='word_1_275' title='bbox 1903 3478 2231 3541; x_wconf 89' lang='lat' dir='ltr'><strong>contrario</strong></span> <span class='ocrx_word' id='word_1_276' title='bbox 2279 3499 2382 3543; x_wconf 92' lang='lat' dir='ltr'><strong>res</strong></span> <span class='ocrx_word' id='word_1_277' title='bbox 2429 3479 2653 3545; x_wconf 89' lang='lat' dir='ltr'><strong>stricte</strong></span> <span class='ocrx_word' id='word_1_278' title='bbox 2701 3482 3173 3550; x_wconf 87' lang='lat' dir='ltr'><strong>ecclesiasticas</strong></span> <span class='ocrx_word' id='word_1_279' title='bbox 3220 3487 3326 3552; x_wconf 85' lang='lat' dir='ltr'><strong>vel</strong></span> <span class='ocrx_word' id='word_1_280' title='bbox 3372 3509 3589 3555; x_wconf 88' lang='lat' dir='ltr'><strong>sacras</strong></span> <span class='ocrx_word' id='word_1_281' title='bbox 3635 3512 3769 3557; x_wconf 93' lang='lat' dir='ltr'><strong>non</strong></span> 
     </span>
     <span class='ocr_line' id='line_1_30' title="bbox 724 3578 3778 3666; baseline 0.006 -24"><span class='ocrx_word' id='word_1_282' title='bbox 724 3586 857 3643; x_wconf 90' lang='lat' dir='ltr'><strong>tam</strong></span> <span class='ocrx_word' id='word_1_283' title='bbox 927 3599 1012 3643; x_wconf 82' lang='lat' dir='ltr'><strong>ex</strong></span> <span class='ocrx_word' id='word_1_284' title='bbox 1083 3578 1376 3665; x_wconf 88' lang='lat' dir='ltr'><strong>professo</strong></span> <span class='ocrx_word' id='word_1_285' title='bbox 1447 3584 1761 3662; x_wconf 87' lang='lat' dir='ltr'><strong>tractare,</strong></span> <span class='ocrx_word' id='word_1_286' title='bbox 1835 3601 2031 3666; x_wconf 89' lang='lat' dir='ltr'><strong>quam</strong></span> <span class='ocrx_word' id='word_1_287' title='bbox 2088 3588 2164 3645; x_wconf 89' lang='lat' dir='ltr'><strong>ut</strong></span> <span class='ocrx_word' id='word_1_288' title='bbox 2209 3582 2339 3646; x_wconf 92' lang='lat' dir='ltr'><strong>illis</strong></span> <span class='ocrx_word' id='word_1_289' title='bbox 2386 3582 2865 3650; x_wconf 88' lang='lat' dir='ltr'><strong>subordinatas.</strong></span> <span class='ocrx_word' id='word_1_290' title='bbox 2959 3587 3259 3654; x_wconf 91' lang='lat' dir='ltr'><strong>Instituti</strong></span> <span class='ocrx_word' id='word_1_291' title='bbox 3310 3594 3518 3657; x_wconf 90' lang='lat' dir='ltr'><strong>nostri</strong></span> <span class='ocrx_word' id='word_1_292' title='bbox 3568 3595 3778 3661; x_wconf 83' lang='lat' dir='ltr'><strong>altera</strong></span> 
     </span>
     <span class='ocr_line' id='line_1_31' title="bbox 720 3680 3770 3775; baseline 0.006 -29"><span class='ocrx_word' id='word_1_293' title='bbox 720 3703 872 3768; x_wconf 87' lang='lat' dir='ltr'><strong>pars</strong></span> <span class='ocrx_word' id='word_1_294' title='bbox 933 3681 1217 3747; x_wconf 83' lang='lat' dir='ltr'><strong>maxime</strong></span> <span class='ocrx_word' id='word_1_295' title='bbox 1279 3680 1542 3747; x_wconf 78' lang='lat' dir='ltr'><strong>videtur</strong></span> <span class='ocrx_word' id='word_1_296' title='bbox 1600 3682 1874 3766; x_wconf 91' lang='lat' dir='ltr'><strong>idonea,</strong></span> <span class='ocrx_word' id='word_1_297' title='bbox 1938 3705 2071 3771; x_wconf 91' lang='lat' dir='ltr'><strong>qua</strong></span> <span class='ocrx_word' id='word_1_298' title='bbox 2115 3686 2409 3750; x_wconf 87' lang='lat' dir='ltr'><strong>convicia</strong></span> <span class='ocrx_word' id='word_1_299' title='bbox 2458 3694 2527 3751; x_wconf 90' lang='lat' dir='ltr'><strong>et</strong></span> <span class='ocrx_word' id='word_1_300' title='bbox 2575 3689 2924 3775; x_wconf 90' lang='lat' dir='ltr'><strong>opprobria</strong></span> <span class='ocrx_word' id='word_1_301' title='bbox 2970 3692 3287 3758; x_wconf 86' lang='lat' dir='ltr'><strong>Romanis</strong></span> <span class='ocrx_word' id='word_1_302' title='bbox 3335 3695 3770 3764; x_wconf 88' lang='lat' dir='ltr'><strong>Pontificibus</strong></span> 
     </span>
     <span class='ocr_line' id='line_1_32' title="bbox 722 3785 3770 3889; baseline 0.006 -39"><span class='ocrx_word' id='word_1_303' title='bbox 722 3785 806 3850; x_wconf 93' lang='lat' dir='ltr'><strong>ob</strong></span> <span class='ocrx_word' id='word_1_304' title='bbox 870 3805 1281 3871; x_wconf 89' lang='lat' dir='ltr'><strong>supremam,</strong></span> <span class='ocrx_word' id='word_1_305' title='bbox 1342 3807 1473 3872; x_wconf 90' lang='lat' dir='ltr'><strong>qua</strong></span> <span class='ocrx_word' id='word_1_306' title='bbox 1519 3787 1761 3851; x_wconf 88' lang='lat' dir='ltr'><strong>nostris</strong></span> <span class='ocrx_word' id='word_1_307' title='bbox 1807 3788 1874 3851; x_wconf 92' lang='lat' dir='ltr'><strong>in</strong></span> <span class='ocrx_word' id='word_1_308' title='bbox 1922 3787 2219 3875; x_wconf 89' lang='lat' dir='ltr'><strong>partibus</strong></span> <span class='ocrx_word' id='word_1_309' title='bbox 2267 3791 2630 3877; x_wconf 87' lang='lat' dir='ltr'><strong>antiquitus</strong></span> <span class='ocrx_word' id='word_1_310' title='bbox 2676 3794 2780 3858; x_wconf 90' lang='lat' dir='ltr'><strong>usi</strong></span> <span class='ocrx_word' id='word_1_311' title='bbox 2826 3802 3015 3878; x_wconf 87' lang='lat' dir='ltr'><strong>sunt,</strong></span> <span class='ocrx_word' id='word_1_312' title='bbox 3064 3799 3524 3865; x_wconf 86' lang='lat' dir='ltr'><strong>auctoritatem</strong></span> <span class='ocrx_word' id='word_1_313' title='bbox 3571 3803 3770 3889; x_wconf 80' lang='lat' dir='ltr'><strong>vulgo</strong></span> 
     </span>
     <span class='ocr_line' id='line_1_33' title="bbox 722 3889 3770 3984; baseline 0.007 -32"><span class='ocrx_word' id='word_1_314' title='bbox 722 3889 1046 3975; x_wconf 90' lang='lat' dir='ltr'><strong>imputata</strong></span> <span class='ocrx_word' id='word_1_315' title='bbox 1106 3889 1479 3955; x_wconf 87' lang='lat' dir='ltr'><strong>refutentur</strong></span> <span class='ocrx_word' id='word_1_316' title='bbox 1534 3890 1640 3955; x_wconf 82' lang='lat' dir='ltr'><strong>vel</strong></span> <span class='ocrx_word' id='word_1_317' title='bbox 1688 3891 1921 3956; x_wconf 88' lang='lat' dir='ltr'><strong>saltem</strong></span> <span class='ocrx_word' id='word_1_318' title='bbox 1971 3890 2052 3956; x_wconf 91' lang='lat' dir='ltr'><strong>de</strong></span> <span class='ocrx_word' id='word_1_319' title='bbox 2099 3892 2317 3958; x_wconf 80' lang='lat' dir='ltr'><strong>verbis</strong></span> <span class='ocrx_word' id='word_1_320' title='bbox 2364 3898 2770 3983; x_wconf 80' lang='lat' dir='ltr'><strong>exasperatis</strong></span> <span class='ocrx_word' id='word_1_321' title='bbox 2815 3900 3400 3984; x_wconf 85' lang='lat' dir='ltr'><strong>reprehendantur.</strong></span> <span class='ocrx_word' id='word_1_322' title='bbox 3495 3906 3770 3971; x_wconf 90' lang='lat' dir='ltr'><strong>Interim</strong></span> 
     </span>
     <span class='ocr_line' id='line_1_34' title="bbox 717 3993 3798 4079; baseline 0.006 -23"><span class='ocrx_word' id='word_1_323' title='bbox 717 4013 873 4057; x_wconf 84' lang='lat' dir='ltr'><strong>vero</strong></span> <span class='ocrx_word' id='word_1_324' title='bbox 938 4013 1071 4057; x_wconf 92' lang='lat' dir='ltr'><strong>non</strong></span> <span class='ocrx_word' id='word_1_325' title='bbox 1133 3993 1515 4079; x_wconf 86' lang='lat' dir='ltr'><strong>apologeta,</strong></span> <span class='ocrx_word' id='word_1_326' title='bbox 1579 3994 1927 4059; x_wconf 90' lang='lat' dir='ltr'><strong>historicus</strong></span> <span class='ocrx_word' id='word_1_327' title='bbox 1991 4000 2249 4059; x_wconf 88' lang='lat' dir='ltr'><strong>tantum</strong></span> <span class='ocrx_word' id='word_1_328' title='bbox 2324 4016 2467 4061; x_wconf 91' lang='lat' dir='ltr'><strong>esse</strong></span> <span class='ocrx_word' id='word_1_329' title='bbox 2516 3998 2767 4064; x_wconf 91' lang='lat' dir='ltr'><strong>sincere</strong></span> <span class='ocrx_word' id='word_1_330' title='bbox 2819 3999 3066 4065; x_wconf 87' lang='lat' dir='ltr'><strong>studui.</strong></span> <span class='ocrx_word' id='word_1_331' title='bbox 3157 4003 3409 4071; x_wconf 90' lang='lat' dir='ltr'><strong>Idcirco</strong></span> <span class='ocrx_word' id='word_1_332' title='bbox 3458 4012 3600 4071; x_wconf 91' lang='lat' dir='ltr'><strong>tota</strong></span> <span class='ocrx_word' id='word_1_333' title='bbox 3649 4007 3798 4074; x_wconf 86' lang='lat' dir='ltr'><strong>hac-</strong></span> 
     </span>
     <span class='ocr_line' id='line_1_35' title="bbox 719 4095 3772 4190; baseline 0.006 -30"><span class='ocrx_word' id='word_1_334' title='bbox 719 4095 1218 4162; x_wconf 89' lang='lat' dir='ltr'><strong>Introductione</strong></span> <span class='ocrx_word' id='word_1_335' title='bbox 1288 4103 1365 4162; x_wconf 90' lang='lat' dir='ltr'><strong>ut</strong></span> <span class='ocrx_word' id='word_1_336' title='bbox 1432 4099 1575 4184; x_wconf 91' lang='lat' dir='ltr'><strong>ipsa</strong></span> <span class='ocrx_word' id='word_1_337' title='bbox 1644 4097 2001 4184; x_wconf 88' lang='lat' dir='ltr'><strong>diplomata</strong></span> <span class='ocrx_word' id='word_1_338' title='bbox 2072 4099 2298 4186; x_wconf 91' lang='lat' dir='ltr'><strong>paucis</strong></span> <span class='ocrx_word' id='word_1_339' title='bbox 2364 4101 2690 4165; x_wconf 89' lang='lat' dir='ltr'><strong>illustrata</strong></span> <span class='ocrx_word' id='word_1_340' title='bbox 2750 4102 3066 4190; x_wconf 88' lang='lat' dir='ltr'><strong>quidquid</strong></span> <span class='ocrx_word' id='word_1_341' title='bbox 3128 4128 3357 4173; x_wconf 85' lang='lat' dir='ltr'><strong>verum</strong></span> <span class='ocrx_word' id='word_1_342' title='bbox 3420 4110 3538 4175; x_wconf 92' lang='lat' dir='ltr'><strong>tali</strong></span> <span class='ocrx_word' id='word_1_343' title='bbox 3582 4113 3652 4177; x_wconf 91' lang='lat' dir='ltr'><strong>in</strong></span> <span class='ocrx_word' id='word_1_344' title='bbox 3700 4134 3772 4178; x_wconf 89' lang='lat' dir='ltr'><strong>re</strong></span> 
     </span>
     <span class='ocr_line' id='line_1_36' title="bbox 717 4199 3771 4289; baseline 0.006 -25"><span class='ocrx_word' id='word_1_345' title='bbox 717 4199 867 4265; x_wconf 90' lang='lat' dir='ltr'><strong>sciri</strong></span> <span class='ocrx_word' id='word_1_346' title='bbox 928 4200 1136 4286; x_wconf 93' lang='lat' dir='ltr'><strong>possit</strong></span> <span class='ocrx_word' id='word_1_347' title='bbox 1198 4199 1481 4266; x_wconf 89' lang='lat' dir='ltr'><strong>fideliter</strong></span> <span class='ocrx_word' id='word_1_348' title='bbox 1541 4201 1944 4289; x_wconf 86' lang='lat' dir='ltr'><strong>patefaciant</strong></span> <span class='ocrx_word' id='word_1_349' title='bbox 2006 4208 2280 4267; x_wconf 89' lang='lat' dir='ltr'><strong>conatus</strong></span> <span class='ocrx_word' id='word_1_350' title='bbox 2344 4225 2507 4269; x_wconf 91' lang='lat' dir='ltr'><strong>sum.</strong></span> <span class='ocrx_word' id='word_1_351' title='bbox 2600 4204 2806 4271; x_wconf 91' lang='lat' dir='ltr'><strong>Porro</strong></span> <span class='ocrx_word' id='word_1_352' title='bbox 2869 4206 2992 4273; x_wconf 90' lang='lat' dir='ltr'><strong>hac</strong></span> <span class='ocrx_word' id='word_1_353' title='bbox 3054 4211 3266 4275; x_wconf 91' lang='lat' dir='ltr'><strong>solum</strong></span> <span class='ocrx_word' id='word_1_354' title='bbox 3310 4214 3566 4279; x_wconf 87' lang='lat' dir='ltr'><strong>ratione</strong></span> <span class='ocrx_word' id='word_1_355' title='bbox 3613 4215 3771 4281; x_wconf 91' lang='lat' dir='ltr'><strong>Bul·</strong></span> 
     </span>
     <span class='ocr_line' id='line_1_37' title="bbox 716 4303 3770 4405; baseline 0.006 -38"><span class='ocrx_word' id='word_1_356' title='bbox 716 4303 954 4368; x_wconf 87' lang='lat' dir='ltr'><strong>larium</strong></span> <span class='ocrx_word' id='word_1_357' title='bbox 1001 4303 1427 4388; x_wconf 81' lang='lat' dir='ltr'><strong>Trajectense</strong></span> <span class='ocrx_word' id='word_1_358' title='bbox 1473 4304 1791 4391; x_wconf 87' lang='lat' dir='ltr'><strong>praebere</strong></span> <span class='ocrx_word' id='word_1_359' title='bbox 1840 4306 2206 4391; x_wconf 80' lang='lat' dir='ltr'><strong>apologiam</strong></span> <span class='ocrx_word' id='word_1_360' title='bbox 2258 4307 2533 4372; x_wconf 91' lang='lat' dir='ltr'><strong>solidam</strong></span> <span class='ocrx_word' id='word_1_361' title='bbox 2579 4314 2777 4394; x_wconf 90' lang='lat' dir='ltr'><strong>atque</strong></span> <span class='ocrx_word' id='word_1_362' title='bbox 2824 4310 3225 4378; x_wconf 89' lang='lat' dir='ltr'><strong>Pontificatu</strong></span> <span class='ocrx_word' id='word_1_363' title='bbox 3270 4316 3607 4403; x_wconf 86' lang='lat' dir='ltr'><strong>Romano,</strong></span> <span class='ocrx_word' id='word_1_364' title='bbox 3657 4319 3770 4405; x_wconf 89' lang='lat' dir='ltr'><strong>qui</strong></span> 
     </span>
     <span class='ocr_line' id='line_1_38' title="bbox 719 4406 3770 4503; baseline 0.006 -33"><span class='ocrx_word' id='word_1_365' title='bbox 719 4410 889 4473; x_wconf 89' lang='lat' dir='ltr'><strong>teste</strong></span> <span class='ocrx_word' id='word_1_366' title='bbox 952 4406 1243 4494; x_wconf 88' lang='lat' dir='ltr'><strong>Josepho</strong></span> <span class='ocrx_word' id='word_1_367' title='bbox 1291 4407 1373 4473; x_wconf 92' lang='lat' dir='ltr'><strong>de</strong></span> <span class='ocrx_word' id='word_1_368' title='bbox 1420 4406 1690 4473; x_wconf 79' lang='lat' dir='ltr'><strong>Maistre</strong></span> <span class='ocrx_word' id='word_1_369' title='bbox 1715 4408 1769 4492; x_wconf 83' lang='grc'><strong>3)</strong></span> <span class='ocrx_word' id='word_1_370' title='bbox 1817 4408 1998 4473; x_wconf 90' lang='lat' dir='ltr'><strong>nulla</strong></span> <span class='ocrx_word' id='word_1_371' title='bbox 2043 4409 2172 4473; x_wconf 89' lang='lat' dir='ltr'><strong>alia</strong></span> <span class='ocrx_word' id='word_1_372' title='bbox 2219 4408 2600 4476; x_wconf 89' lang='lat' dir='ltr'><strong>defensione</strong></span> <span class='ocrx_word' id='word_1_373' title='bbox 2647 4411 2900 4497; x_wconf 86' lang='lat' dir='ltr'><strong>indiget</strong></span> <span class='ocrx_word' id='word_1_374' title='bbox 2946 4415 3074 4479; x_wconf 91' lang='lat' dir='ltr'><strong>nisi</strong></span> <span class='ocrx_word' id='word_1_375' title='bbox 3119 4417 3433 4503; x_wconf 80' lang='lat' dir='ltr'><strong>veritate,</strong></span> <span class='ocrx_word' id='word_1_376' title='bbox 3489 4441 3623 4485; x_wconf 90' lang='lat' dir='ltr'><strong>non</strong></span> <span class='ocrx_word' id='word_1_377' title='bbox 3670 4423 3770 4487; x_wconf 93' lang='lat' dir='ltr'><strong>in·</strong></span> 
     </span>
     <span class='ocr_line' id='line_1_39' title="bbox 718 4509 3766 4613; baseline 0.006 -40"><span class='ocrx_word' id='word_1_378' title='bbox 718 4509 982 4596; x_wconf 88' lang='lat' dir='ltr'><strong>dignam</strong></span> <span class='ocrx_word' id='word_1_379' title='bbox 1029 4530 1413 4596; x_wconf 90' lang='lat' dir='ltr'><strong>persuasum</strong></span> <span class='ocrx_word' id='word_1_380' title='bbox 1459 4510 1692 4577; x_wconf 90' lang='lat' dir='ltr'><strong>habeo.</strong></span> <span class='ocrx_word' id='word_1_381' title='bbox 1751 4512 1986 4598; x_wconf 89' lang='lat' dir='ltr'><strong>Itaque</strong></span> <span class='ocrx_word' id='word_1_382' title='bbox 2033 4512 2171 4578; x_wconf 87' lang='lat' dir='ltr'><strong>fore</strong></span> <span class='ocrx_word' id='word_1_383' title='bbox 2218 4535 2442 4600; x_wconf 87' lang='lat' dir='ltr'><strong>spero,</strong></span> <span class='ocrx_word' id='word_1_384' title='bbox 2478 4514 2652 4579; x_wconf 90' lang='lat' dir='ltr'><strong>utin</strong></span> <span class='ocrx_word' id='word_1_385' title='bbox 2682 4517 3190 4584; x_wconf 86' lang='lat' dir='ltr'><strong>ecclesiasticam</strong></span> <span class='ocrx_word' id='word_1_386' title='bbox 3220 4523 3472 4608; x_wconf 87' lang='lat' dir='ltr'><strong>patriae</strong></span> <span class='ocrx_word' id='word_1_387' title='bbox 3504 4546 3766 4613; x_wconf 88' lang='lat' dir='ltr'><strong>quoque</strong></span> 
     </span>
     <span class='ocr_line' id='line_1_40' title="bbox 716 4614 3762 4715; baseline 0.006 -38"><span class='ocrx_word' id='word_1_388' title='bbox 716 4619 979 4678; x_wconf 88' lang='lat' dir='ltr'><strong>nostrae</strong></span> <span class='ocrx_word' id='word_1_389' title='bbox 1027 4614 1364 4678; x_wconf 88' lang='lat' dir='ltr'><strong>historiam</strong></span> <span class='ocrx_word' id='word_1_390' title='bbox 1412 4614 1891 4702; x_wconf 89' lang='lat' dir='ltr'><strong>quodammodo</strong></span> <span class='ocrx_word' id='word_1_391' title='bbox 1941 4615 2133 4681; x_wconf 90' lang='lat' dir='ltr'><strong>cadat</strong></span> <span class='ocrx_word' id='word_1_392' title='bbox 2179 4617 2437 4703; x_wconf 88' lang='lat' dir='ltr'><strong>insigne</strong></span> <span class='ocrx_word' id='word_1_393' title='bbox 2484 4617 2648 4684; x_wconf 90' lang='lat' dir='ltr'><strong>illud</strong></span> <span class='ocrx_word' id='word_1_394' title='bbox 2696 4620 3103 4687; x_wconf 90' lang='lat' dir='ltr'><strong>celeberrimi</strong></span> <span class='ocrx_word' id='word_1_395' title='bbox 3148 4624 3399 4691; x_wconf 84' lang='lat' dir='ltr'><strong>Pertzii</strong></span> <span class='ocrx_word' id='word_1_396' title='bbox 3447 4628 3762 4715; x_wconf 85' lang='lat' dir='ltr'><strong>elogium:</strong></span> 
     </span>
    </p>
   </div>
   <div class='ocr_carea' id='block_1_6' title="bbox 723 4716 3390 4812">
    <p class='ocr_par' dir='ltr' id='par_1_6' title="bbox 723 4716 3390 4812">
     <span class='ocr_line' id='line_1_41' title="bbox 723 4716 3390 4812; baseline 0.004 -31"><span class='ocrx_word' id='word_1_397' title='bbox 723 4716 861 4797; x_wconf 82' lang='lat' dir='ltr'><strong>„die</strong></span> <span class='ocrx_word' id='word_1_398' title='bbox 906 4716 1064 4781; x_wconf 80' lang='lat' dir='ltr'><strong>beste</strong></span> <span class='ocrx_word' id='word_1_399' title='bbox 1124 4716 1619 4804; x_wconf 74' lang='lat' dir='ltr'><strong>Vertheidiqunq</strong></span> <span class='ocrx_word' id='word_1_400' title='bbox 1666 4719 1780 4784; x_wconf 77' lang='lat' dir='ltr'><strong>der</strong></span> <span class='ocrx_word' id='word_1_401' title='bbox 1828 4719 2070 4805; x_wconf 79' lang='lat' dir='ltr'><strong>Pc&#39;ipste</strong></span> <span class='ocrx_word' id='word_1_402' title='bbox 2114 4722 2197 4785; x_wconf 77' lang='lat' dir='ltr'><strong>ist</strong></span> <span class='ocrx_word' id='word_1_403' title='bbox 2245 4720 2346 4784; x_wconf 83' lang='lat' dir='ltr'><strong>die</strong></span> <span class='ocrx_word' id='word_1_404' title='bbox 2392 4721 2801 4809; x_wconf 75' lang='lat' dir='ltr'><strong>Enthic‘llunq</strong></span> <span class='ocrx_word' id='word_1_405' title='bbox 2846 4725 3017 4790; x_wconf 70' lang='lat' dir='ltr'><strong>ihre-3</strong></span> <span class='ocrx_word' id='word_1_406' title='bbox 3063 4725 3310 4793; x_wconf 79' lang='lat' dir='ltr'><strong>Sein3.&#39;’</strong></span> <span class='ocrx_word' id='word_1_407' title='bbox 3335 4730 3390 4812; x_wconf 70' lang='grc'><strong>4’)</strong></span> 
     </span>
    </p>
   </div>
   <div class='ocr_carea' id='block_1_7' title="bbox 938 4922 3346 5015">
    <p class='ocr_par' dir='ltr' id='par_1_7' title="bbox 938 4922 3346 5015">
     <span class='ocr_line' id='line_1_42' title="bbox 938 4922 3346 5015; baseline 0.006 -28"><span class='ocrx_word' id='word_1_408' title='bbox 938 4922 1194 4988; x_wconf 88' lang='lat' dir='ltr'><strong>Dabam</strong></span> <span class='ocrx_word' id='word_1_409' title='bbox 1239 4923 1590 5009; x_wconf 76' lang='lat' dir='ltr'><strong>UltraJecti</strong></span> <span class='ocrx_word' id='word_1_410' title='bbox 1636 4945 1693 4990; x_wconf 89' lang='lat' dir='ltr'><strong>a.</strong></span> <span class='ocrx_word' id='word_1_411' title='bbox 1745 4925 1806 4990; x_wconf 90' lang='lat' dir='ltr'><strong>d.</strong></span> <span class='ocrx_word' id='word_1_412' title='bbox 1855 4925 1963 4991; x_wconf 91' lang='lat'><strong>111</strong></span> <span class='ocrx_word' id='word_1_413' title='bbox 2006 4926 2232 4992; x_wconf 86' lang='lat' dir='ltr'><strong>Nonas</strong></span> <span class='ocrx_word' id='word_1_414' title='bbox 2279 4928 2542 5015; x_wconf 87' lang='lat' dir='ltr'><strong>Apriles</strong></span> <span class='ocrx_word' id='word_1_415' title='bbox 2587 4929 3346 5001; x_wconf 80' lang='lat' dir='ltr'><strong>MDCGOLXXXXVI.</strong></span> 
     </span>
    </p>
   </div>
   <div class='ocr_carea' id='block_1_8' title="bbox 712 5154 1204 5164">
    <p class='ocr_par' dir='ltr' id='par_1_8' title="bbox 712 5154 1204 5164">
     <span class='ocr_line' id='line_1_43' title="bbox 712 5154 1204 5164; baseline 0 1520"><span class='ocrx_word' id='word_1_416' title='bbox 712 5154 1204 5164; x_wconf 95' lang='lat' dir='ltr'><strong> </strong></span> 
     </span>
    </p>
   </div>
   <div class='ocr_carea' id='block_1_9' title="bbox 874 5329 3760 5653">
    <p class='ocr_par' dir='ltr' id='par_1_9' title="bbox 875 5329 2240 5400">
     <span class='ocr_line' id='line_1_44' title="bbox 875 5329 2240 5400; baseline 0.005 -21"><span class='ocrx_word' id='word_1_417' title='bbox 875 5329 931 5388; x_wconf 84' lang='grc'><strong>1)</strong></span> <span class='ocrx_word' id='word_1_418' title='bbox 968 5329 1073 5382; x_wconf 79' lang='lat' dir='ltr'><strong>Cfr.</strong></span> <span class='ocrx_word' id='word_1_419' title='bbox 1109 5330 1346 5382; x_wconf 83' lang='lat' dir='ltr'><strong>Iudicem</strong></span> <span class='ocrx_word' id='word_1_420' title='bbox 1379 5346 1561 5383; x_wconf 89' lang='lat' dir='ltr'><strong>rerum</strong></span> <span class='ocrx_word' id='word_1_421' title='bbox 1597 5333 1632 5384; x_wconf 93' lang='lat' dir='ltr'><strong>i.</strong></span> <span class='ocrx_word' id='word_1_422' title='bbox 1667 5348 1715 5383; x_wconf 81' lang='lat' dir='ltr'><strong>v.</strong></span> <span class='ocrx_word' id='word_1_423' title='bbox 1750 5332 1957 5385; x_wconf 71' lang='lat' dir='ltr'><strong>Judices</strong></span> <span class='ocrx_word' id='word_1_424' title='bbox 1991 5335 2240 5400; x_wconf 68' lang='lat' dir='ltr'><strong>deputati.</strong></span> 
     </span>
    </p>

    <p class='ocr_par' dir='ltr' id='par_1_10' title="bbox 874 5409 1776 5478">
     <span class='ocr_line' id='line_1_45' title="bbox 874 5409 1776 5478; baseline 0.006 -18"><span class='ocrx_word' id='word_1_425' title='bbox 874 5410 931 5473; x_wconf 79' lang='lat'><strong>2)</strong></span> <span class='ocrx_word' id='word_1_426' title='bbox 968 5409 1071 5463; x_wconf 78' lang='lat' dir='ltr'><strong>Cfr.</strong></span> <span class='ocrx_word' id='word_1_427' title='bbox 1105 5426 1269 5477; x_wconf 83' lang='lat' dir='ltr'><strong>supra</strong></span> <span class='ocrx_word' id='word_1_428' title='bbox 1305 5413 1562 5465; x_wconf 72' lang='lat' dir='ltr'><strong>Praefatio</strong></span> <span class='ocrx_word' id='word_1_429' title='bbox 1598 5428 1647 5478; x_wconf 84' lang='lat' dir='ltr'><strong>p.</strong></span> <span class='ocrx_word' id='word_1_430' title='bbox 1683 5414 1776 5466; x_wconf 86' lang='lat'><strong>111.</strong></span> 
     </span>
    </p>

    <p class='ocr_par' dir='ltr' id='par_1_11' title="bbox 875 5489 2305 5561">
     <span class='ocr_line' id='line_1_46' title="bbox 875 5489 2305 5561; baseline 0.006 -22"><span class='ocrx_word' id='word_1_431' title='bbox 875 5489 931 5554; x_wconf 86' lang='lat'><strong>3&gt;</strong></span> <span class='ocrx_word' id='word_1_432' title='bbox 966 5492 1051 5541; x_wconf 72' lang='lat' dir='ltr'><strong>Du</strong></span> <span class='ocrx_word' id='word_1_433' title='bbox 1083 5493 1234 5557; x_wconf 75' lang='lat' dir='ltr'><strong>Papo</strong></span> <span class='ocrx_word' id='word_1_434' title='bbox 1267 5493 1496 5557; x_wconf 79' lang='lat' dir='ltr'><strong>(Anvers</strong></span> <span class='ocrx_word' id='word_1_435' title='bbox 1531 5494 1687 5559; x_wconf 79' lang='lat'>1820)</span> <span class='ocrx_word' id='word_1_436' title='bbox 1724 5494 1885 5561; x_wconf 86' lang='lat' dir='ltr'><strong>Chap.</strong></span> <span class='ocrx_word' id='word_1_437' title='bbox 1922 5496 2068 5548; x_wconf 80' lang='lat' dir='ltr'><strong>xm.</strong></span> <span class='ocrx_word' id='word_1_438' title='bbox 2105 5511 2156 5561; x_wconf 90' lang='lat' dir='ltr'><strong>p.</strong></span> <span class='ocrx_word' id='word_1_439' title='bbox 2188 5496 2305 5548; x_wconf 66' lang='lat'><strong>284.</strong></span> 
     </span>
    </p>

    <p class='ocr_par' dir='ltr' id='par_1_12' title="bbox 874 5570 3760 5653">
     <span class='ocr_line' id='line_1_47' title="bbox 874 5570 3760 5653; baseline 0.007 -32"><span class='ocrx_word' id='word_1_440' title='bbox 874 5570 932 5637; x_wconf 75' lang='lat'><strong>4)</strong></span> <span class='ocrx_word' id='word_1_441' title='bbox 966 5573 1161 5622; x_wconf 73' lang='lat' dir='ltr'><strong>Archiv</strong></span> <span class='ocrx_word' id='word_1_442' title='bbox 1193 5575 1284 5624; x_wconf 78' lang='lat' dir='ltr'><strong>der</strong></span> <span class='ocrx_word' id='word_1_443' title='bbox 1323 5575 1670 5641; x_wconf 65' lang='lat' dir='ltr'><strong>Gerellsclmst</strong></span> <span class='ocrx_word' id='word_1_444' title='bbox 1692 5578 1803 5642; x_wconf 67' lang='lat' dir='ltr'><strong>sar</strong></span> <span class='ocrx_word' id='word_1_445' title='bbox 1838 5578 2003 5627; x_wconf 59' lang='lat' dir='ltr'><strong>&amp;ltere</strong></span> <span class='ocrx_word' id='word_1_446' title='bbox 2035 5578 2266 5629; x_wconf 69' lang='lat' dir='ltr'><strong>deutsche</strong></span> <span class='ocrx_word' id='word_1_447' title='bbox 2304 5579 2756 5633; x_wconf 68' lang='lat' dir='ltr'><strong>Geechichtskuude</strong></span> <span class='ocrx_word' id='word_1_448' title='bbox 2791 5583 3100 5649; x_wconf 82' lang='lat' dir='ltr'><strong>(Haunover</strong></span> <span class='ocrx_word' id='word_1_449' title='bbox 3132 5587 3289 5653; x_wconf 81' lang='lat'>1824)</span> <span class='ocrx_word' id='word_1_450' title='bbox 3326 5588 3419 5640; x_wconf 89' lang='lat' dir='ltr'><strong>Bd.</strong></span> <span class='ocrx_word' id='word_1_451' title='bbox 3454 5587 3516 5642; x_wconf 84' lang='lat' dir='ltr'><strong>V.</strong></span> <span class='ocrx_word' id='word_1_452' title='bbox 3551 5588 3604 5641; x_wconf 90' lang='lat' dir='ltr'><strong>S.</strong></span> <span class='ocrx_word' id='word_1_453' title='bbox 3644 5588 3724 5641; x_wconf 75' lang='lat'><strong>29.</strong></span> <span class='ocrx_word' id='word_1_454' title='bbox 3749 5640 3760 5652; x_wconf 67' lang='grc'><strong>,</strong></span> 
     </span>
    </p>
   </div>
  </div>
 </body>
</html>
