4450 6684
832 518 913 581 10
2122 518 2439 585 Onnunus
2486 522 2602 586 VI.

823 736 1012 806 1248.
1852 740 2061 822 1348,
2112 740 2284 825 Maji
2330 744 2456 823 21,
2503 745 2868 808 AvenioniS.

1138 895 1491 979 (Johanni)
1553 897 1836 980 episcopo
1909 895 2088 980 Traj.
2156 900 2598 981 committitur,
2664 906 2736 962 ut
2788 899 3082 964 Johanni
3127 901 3203 965 de
3251 902 3542 968 Potanen
3591 908 3784 970 militi
3828 914 3888 971 et

1049 1004 1222 1069 Odae
1281 1011 1471 1067 natae
1533 1003 1852 1087 quondam
1916 1003 2240 1069 Willermi
2299 1005 2375 1069 de
2438 1004 2731 1089 Hoerne,
2789 1009 2904 1093 qui
2957 1029 3096 1072 cum
3143 1011 3581 1094 impedimento
3628 1035 3889 1079 consan-

1042 1113 1383 1196 9uinitatis
1430 1111 1498 1174 in
1547 1117 1780 1194 quarto
1822 1111 2038 1194 qradu
2084 1113 2558 1177 matrimonium
2605 1115 2888 1178 inierunt
2933 1136 3008 1178 ac
3045 1126 3594 1201 consummarunt,
3642 1118 3890 1186 absolu-

1048 1219 1273 1282 tionem
1342 1216 1421 1279 ab
1488 1218 2142 1281 excommunicationis
2210 1221 2520 1283 sententia
2589 1241 2825 1285 necnon
2882 1221 3409 1305 dispensationem
3470 1226 3765 1290 concedat
3832 1236 3892 1293 et

1046 1325 1265 1389 iisdem
1313 1326 1614 1408 injunyat
1648 1325 2103 1408 poenitentiam
2149 1326 2520 1389 salutarem.

1042 1507 1425 1572 Venerabili
1474 1506 1659 1570 fratri
1709 1508 2016 1594 episcopo
2065 1507 2477 1592 Trajectensi
2524 1508 2805 1574 salutem
2851 1518 2962 1574 etc.

1045 1614 1301 1679 Peticio
1367 1612 1606 1677 nobilis
1670 1613 1795 1677 viri
1854 1612 2179 1680 Johannis
2228 1613 2309 1678 de
2359 1614 2681 1680 Pollanen
2726 1616 2954 1679 militis
3003 1622 3072 1681 et
3118 1618 3359 1683 nobilis
3408 1621 3700 1684 mulieris
3748 1619 3891 1685 Ode

819 1721 1150 1808 quondam
1197 1719 1525 1784 Willermi
1573 1719 1827 1784 domini
1873 1720 1954 1784 de
2004 1719 2276 1785 Hoerne
2324 1727 2478 1785 nate
2527 1722 2970 1806 Trajectensis
3018 1729 3087 1787 et
3121 1724 3510 1789 Leodiensis
3556 1726 3892 1792 diocesum

816 1829 1007 1895 nobis
1055 1827 1357 1892 exhibita
1405 1827 1826 1908 continebat,
1891 1826 2065 1912 quod
2116 1826 2366 1891 dudum
2412 1848 2532 1913 pro
2578 1835 2765 1914 parte
2814 1829 3110 1913 ejusdem
3157 1828 3483 1896 Johannis
3533 1840 3602 1897 et
3649 1833 3889 1898 dilecte

816 1938 886 2002 in
935 1936 1195 2001 Christo
1243 1933 1377 1998 filie
1426 1933 1665 1998 nobilis
1712 1934 2005 1998 mulieris
2053 1933 2331 2019 Aleydis
2378 1933 2642 1999 domine
2691 1935 2773 1999 de
2815 1935 3203 2002 Oraendunc
3252 1945 3407 2003 nate
3448 1939 3779 2005 Willermi
3826 1946 3893 2003 et

816 2041 1053 2108 sororis
1117 2038 1260 2104 Ode
1308 2038 1750 2126 predictorum
1801 2039 1989 2103 nobis
2038 2040 2382 2123 exposito,
2440 2039 2618 2125 quod
2663 2040 2746 2105 ad
2797 2041 3158 2106 sedandum
3207 2065 3478 2129 guerras
3526 2051 3595 2110 et
3641 2046 3889 2111 dissen-

814 2151 1066 2229 siones,
1115 2166 1243 2233 que
1288 2145 1463 2209 inter
1507 2145 1799 2231 ipsorum
1850 2166 2226 2210 communes
2274 2146 2517 2211 amicos
2565 2154 2633 2211 et
2667 2150 3225 2233 consanguineos,
3275 2158 3670 2237 procurante
3704 2153 3883 2239 pacis

819 2255 1071 2337 emuJo,
1135 2255 1454 2319 hactenus
1524 2253 1904 2339 viguerant,
1953 2259 2149 2341 prout
2195 2255 2554 2340 vigebant,
2603 2264 2672 2321 et
2718 2264 2988 2343 propter
3035 2280 3196 2345 quas
3245 2258 3504 2325 diverse
3551 2267 3620 2326 et
3664 2262 3887 2347 plures

812 2383 1046 2449 guerre
1096 2363 1267 2425 inter
1313 2360 1642 2447 principes
1692 2361 2068 2425 convicinos
2117 2360 2424 2426 videlicet
2471 2360 2745 2427 dilectos
2794 2363 2963 2428 filios
3009 2364 3265 2429 nobiles
3301 2366 3473 2430 viros
3507 2366 3882 2433 Johannem

805 2470 1038 2534 ducem
1086 2468 1451 2532 Brabancie
1499 2474 1568 2531 et
1619 2469 1923 2532 comitem
1969 2467 2302 2534 Holandie
2352 2468 2614 2534 fuerant
2661 2470 3039 2555 frequenter
3088 2478 3356 2554 exorte,
3416 2473 3609 2538 dietis
3658 2475 3881 2539 amicis

810 2574 1252 2641 mediantibus
1323 2571 1589 2637 habitus
1661 2574 1979 2639 extiterat
2030 2581 2383 2658 tractat-us,
2436 2575 2608 2662 quod
2658 2577 2783 2662 ipsi
2832 2577 2875 2642 J
2880 2577 3171 2642 ohannes
3218 2579 3405 2644 miles
3457 2585 3527 2644 et
3571 2579 3885 2665 Ajeydis,

811 2685 924 2769 qui
989 2681 1478 2747 matrimonium
1540 2680 1624 2745 ad
1669 2681 1954 2746 invicem
2002 2684 2391 2749 contrahere
2440 2684 2942 2766 desiderabant,
2990 2686 3561 2752 matrimonialiter
3607 2688 3889 2774 comple-

812 2797 1064 2874 tarent3
1129 2799 1229 2857 set
1294 2792 1450 2878 quia
1510 2790 1639 2877 ipsi
1704 2796 1936 2876 quarto
2001 2791 2590 2876 consanguinitatis
2654 2790 2862 2875 gradu
2927 2812 2996 2854 se
3042 2792 3324 2857 invicem
3376 2793 3884 2879 contingebant,

809 2901 1296 2965 matrimonium
1327 2898 1703 2983 huJusmodi
1737 2898 2123 2963 contrahere
2157 2918 2291 2962 non
2323 2902 2660 2984 poterant,
2703 2896 3199 2985 dispensacione
3233 2920 3430 2986 super
3460 2900 3585 2964 hoc
3618 2906 3877 2987 aposto-

806 3009 936 3073 lica
981 3027 1114 3070 non
1164 3006 1478 3086 obtenta3
1527 3025 1603 3069 ac
1650 3005 2017 3090 supplicato
2066 3005 2294 3087 nobis,
2344 3009 2418 3068 ut
2465 3003 2809 3090 providere
2859 3005 2953 3069 eis
3002 3026 3197 3090 super
3241 3006 3366 3071 hoc
3418 3006 3501 3070 de
3553 3012 3874 3093 oportune

810 3114 1323 3203 dispensacionis
1371 3111 1588 3197 gracia
1636 3110 2146 3175 misericorditer
2194 3111 2632 3196 dignaremur,
2683 3132 2801 3174 nos
2851 3112 2972 3175 tibi
3019 3133 3136 3198 per
3182 3111 3343 3176 alias
3394 3117 3650 3176 nostras
3693 3111 3874 3176 dedi·

807 3244 952 3287 mus
1023 3221 1278 3284 litteras
1308 3220 1359 3302 1)
1427 3218 1498 3282 in
1568 3216 1931 3298 mandatis,
2003 3223 2078 3280 ut
2149 3217 2201 3280 si
2266 3223 2439 3281 esset
2486 3218 2614 3299 ita,
2681 3238 2828 3281 cum
2875 3219 3145 3304 prefatis
3193 3217 3499 3284 Johanne
3548 3219 3756 3283 milite
3805 3224 3873 3283 et

810 3326 1100 3412 Aleyde,
1140 3324 1313 3411 quod
1346 3322 1819 3410 impedimento
1855 3324 2443 3409 consanguinitatis
2475 3323 2849 3407 hujusmodi
2884 3345 3015 3388 non
3050 3325 3354 3389 obstante
3391 3324 3877 3389 matrimonium

807 3420 1091 3499 insimul
1133 3432 1310 3494 licite
1376 3429 1762 3493 contrahere
1812 3437 1916 3511 et,
1964 3437 2308 3516 postquam
2360 3436 2763 3494 contractum
2815 3431 3021 3511 foret,
3070 3431 3139 3494 in
3187 3452 3265 3495 eo
3314 3431 3493 3496 licite
3540 3450 3878 3496 remanere

806 3541 1140 3619 valerent,
1214 3537 1605 3601 auctoritate
1680 3542 1905 3599 nostra
1979 3534 2427 3622 dispensares,
2502 3535 2750 3622 prolem
2812 3537 3291 3624 suscipiendam
3360 3559 3445 3602 ex
3503 3537 3879 3622 hujusmodi

805 3644 1218 3712 matrimonio
1279 3643 1643 3727 legitimam
1708 3641 2150 3725 decernendo,
2213 3649 2411 3727 prout
2471 3643 2541 3706 in
2589 3641 2835 3707 eisdem
2879 3643 3119 3707 litteris
3164 3644 3425 3730 plenius
3473 3645 3867 3709 continetur.

804 3754 970 3819 Cum
1034 3758 1251 3815 autem
1277 3799 1293 3831 ,
1342 3750 1511 3813 sicut
1557 3748 1790 3813 eadem
1839 3749 2077 3835 peticio
2127 3748 2608 3834 subjungebat,
2658 3755 3010 3834 antequam
3057 3749 3138 3814 ad
3189 3751 3503 3815 ulteriora
3556 3750 3868 3837 procede-

804 3865 986 3924 retur
1036 3858 1210 3920 inter
1253 3855 1431 3942 ipsos
1479 3854 1856 3919 ‚Iohannem
1906 3855 2179 3919 militem
2214 3862 2281 3918 et
2314 3854 2673 3940 Aleydem,
2724 3854 2952 3920 eadem
2986 3855 3261 3942 Aleydis
3295 3858 3871 3944 supervenientem

803 3970 1141 4052 pateretur
1203 3961 1694 4042 infirmitatem,
1764 3966 1957 4047 prout
2021 3960 2235 4025 adhuc
2297 3963 2579 4046 patitur,
2641 3962 2743 4025 ita‘
2800 3962 2972 4048 quod
3036 3964 3194 4049 ipsis
3256 3968 3325 4028 et
3373 3983 3597 4028 eorum
3646 3963 3872 4027 amicis

803 4092 936 4136 non
1001 4069 1347 4134 videbatur
1395 4066 1747 4154 expedire,
1799 4066 1972 4153 quod
2021 4067 2399 4151 hujusmodi
2449 4073 2766 4132 tractatus
2814 4070 3210 4133 matrimonii
3259 4070 3448 4134 fieret
3495 4070 3668 4134 inter
3715 4088 3868 4151 eos,

801 4180 886 4244 ob
933 4178 1058 4241 hoc
1105 4182 1171 4241 et
1219 4175 1346 4239 alia
1393 4174 1768 4260 supradicta
1811 4172 2011 4238 iidem
2060 4173 2401 4238 Johannes
2449 4183 2515 4238 et
2563 4174 2708 4239 Oda
2753 4197 2840 4240 ex
2889 4182 3173 4240 tractatu
3221 4182 3291 4240 et
3334 4177 3677 4242 voluntate
3712 4175 3869 4240 ami-

805 4307 1028 4351 corum
1091 4284 1435 4368 utriusque
1483 4283 1807 4368 ipsorum,
1857 4282 2138 4345 scientes
2187 4302 2256 4344 se
2306 4281 2480 4345 dicto
2529 4280 2735 4365 gradu
2785 4284 3200 4366 conjunctos,
3251 4283 3738 4347 matrimonium
3788 4281 3868 4345 de

808 4394 981 4458 facto
1030 4390 1397 4457 adinvicem
1444 4393 1949 4470 contraxerunt,
2000 4388 2243 4451 carnali
2290 4388 2464 4451 inter
2496 4409 2608 4453 eos
2645 4389 2879 4476 copula
2909 4390 3276 4454 subsecuta.
3341 4390 3559 4466 Quare
3592 4387 3868 4476 predicti

804 4498 1145 4564 Johannes
1194 4496 1380 4560 miles
1430 4501 1497 4558 et
1545 4493 1691 4559 Oda
1736 4494 1924 4558 nobis
1971 4493 2309 4557 humiliter
2356 4494 2842 4580 supplicarunt,
2893 4502 2966 4559 ut
3013 4495 3095 4560 ad
3144 4495 3507 4560 sedandum
3554 4494 3870 4581 premissa

799 4613 868 4670 et
933 4601 1329 4669 obviandum
1394 4602 1702 4686 gravibus
1767 4600 2286 4665 dissensionibus
2350 4622 2424 4665 ac
2487 4622 2913 4686 personarum
2964 4608 3032 4667 et
3076 4624 3295 4668 rerum
3344 4603 3688 4690 periculis,
3739 4622 3866 4687 que

804 4733 889 4775 ex
948 4710 1238 4794 ipsorum
1296 4707 1621 4788 divorcio,
1672 4706 1726 4769 si
1775 4706 2000 4787 fieret,
2053 4707 2442 4771 timerentur
2488 4708 2928 4772 verisimiliter
2974 4710 3354 4795 provenire,
3407 4710 3501 4773 eis
3551 4706 3632 4771 de
3681 4707 3868 4772 abso-

798 4816 1075 4881 lucionis
1136 4815 1218 4879 ab
1287 4813 1989 4878 excommunicacionis
2054 4813 2426 4894 sentencia,
2486 4835 2680 4899 quam
2727 4821 3075 4900 propterea
3120 4815 3574 4895 incurrerunt,
3624 4817 3692 4877 et
3739 4810 3869 4874 dis-

800 4921 1212 5009 pensacionis
1261 4925 1585 5005 oportune
1632 4919 1938 4984 remediis
1985 4918 2329 5004 providere
2376 4920 2881 4985 misericorditer
2929 4922 3365 5007 dignaremur.
3460 4921 3598 4984 Nos
3638 4919 3862 5003 igitur,

805 5031 918 5117 qui
966 5026 1516 5093 christifidelibus
1565 5026 1849 5090 libenter
1896 5026 2075 5112 pacis
2121 5025 2462 5091 commoda
2499 5048 2949 5112 procuramus,
2990 5030 3288 5094 volentes
3319 5026 3695 5113 hujusmodi
3729 5024 3858 5088 dis-

797 5136 1210 5202 sensionibus
1274 5141 1341 5199 et
1404 5133 1710 5220 periculis
1776 5140 2093 5219 quantum
2156 5153 2304 5197 cum
2353 5132 2495 5196 Deo
2543 5154 2887 5218 possumus
2935 5135 3236 5217 obviare,
3283 5124 3661 5219 hujusmodi
3710 5153 3861 5216 sup-

799 5242 1267 5330 plicacionibus
1329 5240 1664 5321 inclinati,
1730 5239 2126 5304 fraternitati
2190 5246 2303 5303 tue
2364 5260 2481 5325 per
2541 5241 2901 5325 apostolica
2963 5242 3203 5328 scripta
3265 5242 3733 5307 committimus
3794 5244 3861 5301 et

793 5349 1215 5430 mandamus,
1280 5347 1626 5433 quatinus,
1685 5346 1737 5409 si
1786 5353 1888 5411 est
1933 5346 2028 5409 ita
2077 5353 2144 5408 et
2192 5344 2313 5409 tibi
2364 5344 2724 5431 expediens
2771 5346 3100 5429 videatur,
3149 5348 3323 5434 quod
3375 5348 3551 5412 dicta
3598 5345 3860 5431 dispen-

793 5456 968 5520 sacio
1017 5454 1434 5533 concedatur,
1486 5473 1681 5537 super
1728 5473 1857 5537 quo
1908 5458 2088 5514 tuam
2136 5451 2607 5515 conscienciam
2656 5472 3035 5535 oneramus,
3084 5454 3244 5542 ipsis
3290 5454 3597 5520 Johanne
3646 5451 3853 5515 milite

796 5569 864 5626 et
920 5560 1064 5625 Oda
1112 5561 1428 5646 separatis
1477 5558 1558 5623 ad
1610 5565 1901 5643 tempus,
1955 5557 2036 5622 de
2085 5578 2214 5643 quo
2266 5557 2387 5620 tibi
2435 5556 2763 5621 videbitur
2810 5559 3161 5645 expedire,
3208 5560 3385 5646 ipsos
3434 5582 3473 5625 a
3520 5556 3857 5625 sentencia

789 5666 1522 5746 excommunicacionis,
1573 5686 1767 5750 quam
1807 5664 2090 5730 scienter
2122 5662 2570 5727 contrahendo
2604 5663 2850 5729 dictum
2887 5668 3368 5732 matrimonium
3404 5670 3850 5748 incurrerunt,
