4450 6684
1769 505 2173 571 Gnaeoaws
2219 505 2341 571 XI.
3462 504 3587 568 221

521 727 938 817 postmodum
1007 726 1285 793 dilectus
1354 727 1526 792 filius
1595 727 1965 813 prepositus
2035 727 2310 792 ecclesie
2379 726 2739 812 Reysensis
2799 725 3211 791 Coloniensis
3277 725 3591 811 diocesis,

524 835 914 900 auctoritate
980 833 1106 898 sibi
1169 834 1238 898 in
1297 833 1421 899 hac
1481 839 1668 921 parte
1731 854 1848 919 per
1895 833 2142 897 dictum
2190 832 2568 919 episcopum
2618 832 3096 916 Tusculanum,
3165 839 3320 898 tunc
3370 832 3596 900 Sancti

530 941 798 1007 Martini
843 942 914 1005 in
959 940 1298 1006 Montibus
1346 941 1827 1027 (presbyterum
1878 938 2319 1020 Cardinalem)
2365 939 2710 1004 commissa
2754 945 2984 1004 contra
3029 941 3354 1025 prefatum
3390 963 3598 1028 quon-

529 1046 678 1113 dam
724 1048 1099 1115 Johannem
1148 1049 1525 1134 episcopum
1571 1047 1921 1111 nonnullos
1967 1046 2129 1110 alios
2160 1067 2503 1133 processus
2536 1046 2722 1127 fecit,
2772 1046 2979 1111 eciam
3012 1044 3300 1113 diversas
3333 1070 3596 1114 excom·

530 1155 1028 1239 municacionis,
1077 1154 1521 1241 suspensionis
1554 1158 1623 1219 et
1653 1154 1987 1219 interdicti
2025 1153 2394 1219 sentencias
2433 1153 2868 1219 continentes.
2929 1153 3092 1218 Cum
3132 1160 3384 1238 autem,
3427 1157 3596 1222 sicut

526 1261 755 1329 eadem
801 1262 1044 1348 peticio
1091 1260 1565 1347 subjungebat,
1614 1261 2006 1325 venerabilis
2052 1260 2255 1325 frater
2300 1266 2525 1325 noster
2572 1259 2907 1324 Arnoldus
2947 1261 3292 1346 episcopus
3333 1263 3595 1348 Trajec·

527 1367 765 1449 tensis,
835 1366 916 1432 de
978 1369 1167 1450 cujus
1229 1387 1543 1453 persona,
1608 1366 1783 1430 dicto
1833 1365 2161 1452 quondam
2209 1366 2515 1432 Johanne
2564 1367 2870 1452 episcopo
2920 1365 3265 1450 defuncto,
3324 1370 3597 1436 ecclesie

528 1475 935 1557 Trajectensi
983 1475 1208 1539 extitit
1254 1474 1613 1560 provisum,
1655 1474 1780 1560 ipsi
1812 1473 2141 1559 quondam
2172 1474 2216 1540 J
2220 1473 2463 1537 ohanni
2496 1472 2801 1558 episcopo
2835 1472 3194 1538 succedens
3225 1474 3294 1538 in
3329 1475 3598 1558 vicium,

531 1586 779 1662 curtes,
829 1602 1119 1661 mansee,
1170 1580 1527 1666 mancipia,
1562 1601 1811 1663 servos,
1846 1582 2005 1665 jura
2032 1588 2101 1645 et
2131 1579 2542 1666 pertinencia
2573 1578 2947 1665 supradicta
2979 1579 3273 1646 detineat
3303 1582 3599 1649 indebite

538 1699 890 1773 occupata,
953 1688 1201 1751 fructus
1262 1685 1682 1773 percipiendo
1741 1708 1826 1752 ex
1883 1688 2011 1770 eis,
2060 1708 2178 1772 pro
2225 1692 2412 1772 parte
2461 1686 2784 1751 dictarum
2831 1687 3161 1753 abbatisse
3210 1694 3278 1752 et
3325 1690 3595 1777 capituli

534 1794 724 1858 nobis
804 1794 929 1858 fuit
995 1795 1330 1859 humiliter
1400 1795 1869 1881 supplicatum,
1941 1802 2017 1857 ut
2080 1793 2424 1879 providere
2488 1794 2582 1858 eis
2642 1794 2710 1857 in
2765 1795 3094 1879 premissis
3143 1794 3225 1860 de
3272 1803 3596 1882 oportuno

530 1901 818 1966 remedio
881 1902 964 1966 de
1025 1902 1435 1987 benignitate
1493 1902 1849 1987 apostolica
1893 1901 2332 1987 dignaremur.
2426 1901 2563 1964 Nos
2609 1900 2833 1986 itaque
2856 1950 2872 1983 ,
2922 1901 3294 1986 hujusmodi
3341 1906 3586 1991 suppli-

535 2009 907 2073 cacionibus
954 2008 1281 2091 inclinati,
1330 2008 1713 2073 discrecioni
1759 2014 1975 2073 vestre
2008 2028 2124 2094 per
2156 2008 2515 2093 apostolica
2545 2007 2786 2092 scripta
2817 2008 3229 2092 mandamus,
3278 2013 3587 2096 quatinus

535 2137 651 2182 vos
699 2117 807 2181 vel
855 2117 984 2182 duo
1032 2124 1148 2181 aut
1192 2136 1364 2180 unus
1411 2121 1699 2181 vestrum
1747 2136 1864 2202 per
1907 2136 2024 2181 vos
2070 2116 2175 2180 vel
2221 2115 2420 2179 alium
2454 2135 2573 2178 seu
2603 2115 2764 2179 alios
2793 2115 3101 2199 legitimis
3131 2116 3202 2181 in
3231 2120 3586 2204 premissis,

535 2242 653 2308 per
712 2244 828 2287 vos
873 2223 1239 2310 prepositos
1287 2230 1356 2286 et
1401 2222 1607 2286 eciam
1653 2242 1769 2307 per
1815 2221 2062 2285 dictum
2108 2223 2515 2308 propositum
2561 2221 2834 2286 ecclesie
2878 2222 3269 2308 Reyssensis
3313 2227 3611 2312 habitis,

542 2328 813 2394 servatis
875 2329 1323 2415 processibus,
1388 2328 1594 2394 eciam
1655 2334 1882 2392 contra
1943 2328 2188 2392 dictum
2249 2327 2618 2392 Arnoldum
2680 2328 3057 2416 episcopum
3104 2330 3175 2394 in
3217 2331 3596 2416 hujusmodi

541 2437 955 2500 execucionis
1016 2436 1291 2521 negocio
1320 2486 1337 2520 ,
1397 2441 1593 2523 prout
1646 2437 1900 2520 justum
1961 2435 2193 2517 fuerit,
2258 2434 2626 2520 procedatis
2676 2437 2877 2519 juxta
2928 2436 3366 2521 predictarum
3416 2439 3600 2504 vobis

547 2540 939 2607 directarum
1004 2544 1484 2609 continenciam
1544 2544 1948 2624 litterarum3
2009 2541 2521 2606 contradictores
2567 2544 2957 2607 auctoritate
3005 2549 3263 2627 nostra,
3321 2547 3606 2632 appella-

554 2647 739 2713 cione
801 2650 1200 2736 postposita,
1266 2648 1758 2735 compescendo.
1855 2648 2199 2730 Ceterum,
2264 2649 2319 2711 si
2380 2647 2599 2711 forsan
2661 2648 2937 2734 predicti
2995 2648 3272 2714 Arnoldi
3320 2651 3609 2737 episcopi

543 2774 618 2818 ac
663 2754 976 2838 aliorum,
1026 2775 1190 2841 quos
1236 2754 1615 2840 hujusmodi
1660 2775 2003 2842 processus
2051 2760 2484 2835 concernunt,
2534 2756 2872 2840 presencia
2917 2776 3034 2841 pro
3082 2757 3451 2822 monicione
3492 2778 3608 2822 seu

549 2860 867 2927 citacione
914 2862 996 2927 de
1029 2863 1187 2948 ipsis
1219 2862 1534 2927 faciendis
1567 2883 1793 2927 secure
1823 2861 1930 2927 vel
1966 2860 2302 2926 commode
2332 2861 2562 2925 haberi
2593 2863 2923 2948 nequiret,
2955 2862 3172 2945 vobis,
3207 2864 3607 2928 moniciones

548 2972 617 3031 et
662 2968 1016 3033 citaciones
1062 2968 1390 3055 quaslibet
1436 2990 1555 3055 per
1599 2968 1818 3034 edicta
1863 2969 2127 3054 publica
2170 2969 2240 3033 in
2286 2967 2447 3032 locis
2495 2967 2821 3053 affigenda
2865 2969 3179 3053 publicis,
3241 2968 3323 3034 de
3372 2969 3606 3055 quibus

550 3073 635 3137 sit
679 3075 1047 3139 verisimilis
1094 3076 1508 3159 conjectura,
1573 3075 1748 3161 quod
1797 3074 1878 3139 ad
1926 3075 2234 3139 noticiam
2282 3074 2630 3139 citatorum
2676 3080 2742 3139 et
2784 3076 3180 3140 monitorum
3225 3075 3602 3159 hujusmodi

553 3180 897 3263 pervenire
963 3182 1262 3265 valeant,
1327 3181 1642 3264 faciendi,
1706 3181 1967 3267 plenam
2023 3179 2440 3245 concedimus
2486 3185 2715 3245 tenore
2762 3182 3170 3267 presencium
3218 3188 3615 3268 potestatem

554 3291 623 3349 et
669 3288 1008 3371 volumus,
1058 3288 1232 3374 quod
1280 3288 1549 3375 provide
1597 3288 1772 3374 ipsos
1821 3288 2053 3352 citatos
2102 3293 2169 3352 et
2215 3289 2529 3370 monitos,
2577 3292 2653 3351 ut
2697 3288 3126 3374 premittitur,
3175 3295 3394 3354 artent
3440 3311 3515 3354 ac
3562 3290 3617 3353 si

554 3393 649 3456 eis
708 3393 879 3459 facte
932 3400 1000 3460 et
1046 3395 1378 3460 insinuate
1424 3395 1916 3481 presencialiter
1962 3401 2030 3459 et
2075 3395 2510 3480 personaliter
2556 3395 2967 3479 extitissent3
3025 3417 3157 3461 non
3205 3397 3621 3463 obstantibus

566 3501 1148 3566 constitucionibus
1196 3502 1568 3587 apostolicis
1617 3507 1684 3565 et
1731 3502 1874 3565 aliis
1921 3501 2153 3586 graciis
2203 3501 2738 3586 quibuscunque,
2797 3523 2913 3566 seu
2961 3503 3015 3566 si
3064 3503 3276 3568 eidem
3324 3503 3623 3568 Arnoldo

567 3607 871 3693 episcopo
926 3608 1031 3673 vel
1089 3608 1429 3694 quibusvis
1475 3608 1617 3672 aliis
1668 3609 2100 3673 communiter
2150 3608 2252 3673 vel
2301 3607 2556 3672 divisim
2606 3629 2645 3672 a
2691 3608 2846 3673 sede
2893 3610 3249 3695 apostolica
3294 3610 3625 3676 indultum

560 3712 838 3795 existat,
910 3713 1085 3800 quod
1156 3714 1492 3798 interdici,
1568 3715 1879 3801 suspendi
1948 3716 2055 3779 vel
2123 3715 2675 3780 excommunicari
2731 3736 2864 3779 non
2909 3717 3163 3801 possint
3206 3738 3323 3802 per
3367 3718 3623 3783 litteras

562 3821 983 3905 apostolicas,
1056 3842 1189 3886 non
1260 3821 1573 3887 facientes
1645 3822 1907 3908 plenam
1978 3827 2045 3886 et
2115 3842 2493 3907 expressam
2556 3843 2631 3885 ac
2695 3820 2775 3886 de
2838 3822 3038 3886 verbo
3086 3821 3170 3886 ad
3217 3823 3489 3888 verbum
3539 3823 3621 3890 de

558 3924 814 3991 indulto
862 3927 1238 4012 hujusmodi
1285 3929 1716 3992 mencionem.
1790 3928 1939 3992 Dat.
1992 3928 2358 4011 Avinione,
2407 3927 2548 3991 IIII
2595 3929 2766 3992 Non.
2814 3927 3011 4011 Julii,
3060 3950 3232 3993 anno
3281 3930 3588 3995 secundo.

966 4045 1089 4107 Ray.
1127 4046 1225 4095 Ao.
1270 4047 1323 4094 T.
1368 4044 1446 4106 13,
1472 4046 1533 4108 s.
1568 4044 1683 4093 484.

706 4169 763 4234 1)
803 4171 864 4220 In
904 4170 1321 4222 Transisulania.
1522 4171 1578 4235 2)
1615 4171 1799 4221 Insula
1836 4170 1962 4222 Urk.
2165 4169 2220 4235 3)
2259 4171 2440 4237 Legas:
2481 4176 2803 4236 aggravaret.

1774 4376 2357 4384 ———--———-—-—

553 4534 745 4603 2076.
1427 4537 1640 4618 1372,
1691 4535 1871 4601 Julii
1915 4538 2034 4618 23,
2083 4557 2187 4619 ap.
2253 4535 2738 4600 Villa-mmmm.

872 4690 1197 4776 Maqistro
1262 4698 1319 4753 et
1353 4693 1574 4775 priori
1609 4692 2002 4775 provinciali
2057 4689 2397 4753 Teutoniae
2442 4689 2686 4754 ordinis
2730 4690 2821 4770 fr.
2870 4690 3398 4755 Praedicatorum
3445 4714 3622 4757 man-

771 4797 995 4880 datur,
1046 4805 1117 4861 ut
1158 4800 1438 4882 quinque
1476 4802 1579 4861 sui
1617 4797 1861 4862 ordinis
1899 4798 2142 4878 fraires
2179 4796 2268 4860 ad
2301 4796 2411 4860 hoe
2445 4796 2696 4861 idoneos
2725 4799 3130 4882 inquisitores
3159 4806 3380 4863 contra
3411 4799 3623 4864 haere-

781 4906 929 4967 ticos
974 4911 1033 4967 et
1075 4903 1462 4986 defensoreS,
1501 4911 1918 4988 receptatores
1949 4925 2022 4967 ac
2052 4905 2344 4985 fautores
2375 4903 2707 4967 eorundem
2739 4906 2807 4967 in
2839 4904 3222 4988 civitatibus,
3253 4905 3621 4971 dioecesibus

781 5033 853 5073 ac
908 5012 1260 5094 provinciis
1326 5001 1839 5095 Mayuiitinensi,
1890 5010 2270 5092 Coloniensi,
2330 5009 2744 5092 Trajectensi,
2795 5010 3311 5097 Salzeburqensi,
3359 5013 3621 5098 Μαράθ-

771 5117 1071 5201 buryensi
1117 5123 1176 5180 et
1222 5116 1585 5200 Bremensi,
1636 5120 1875 5203 quoties
1920 5137 2077 5201 opus
2125 5117 2365 5198 fuerit,
2413 5120 2792 5182 auctoritate
2838 5120 3183 5202 apostolica
3227 5120 3542 5203 deputent.

783 5296 892 5362 Ab
953 5296 1224 5361 exordio
1275 5298 1625 5362 nascentis.
1654 5344 1671 5361 .
1701 5346 1715 5361 .
1748 5346 1763 5361 .
1822 5299 1975 5363 Dat.
2025 5298 2200 5385 apud
2249 5299 2734 5364 villamnovam
2779 5300 3265 5366 Avenionensis
3314 5300 3619 5386 diocesis,

554 5404 623 5469 X
671 5404 780 5469 Kl.
831 5403 1167 5490 Augusti,
1209 5404 1631 5489 pontificatus
1683 5406 1891 5468 nostri
1938 5426 2110 5470 anno
2161 5405 2472 5469 secunde.

978 5520 1227 5570 Mosheim
1253 5522 1329 5568 De
1353 5520 1643 5584 Beqhardis
1667 5525 1716 5568 et
1739 5521 2062 5584 Bequinabus
2084 5523 2466 5572 commentarius
2489 5522 2724 5586 (Lipaaci
2747 5521 2900 5585 1790)
2917 5540 2974 5586 p.
2998 5521 3119 5586 380;
3142 5523 3412 5585 Fredericq
3442 5524 3632 5587 Corpus

901 5605 1086 5654 docum.
1126 5601 1172 5653 I.
1208 5603 1321 5653 224.
1356 5605 1414 5652 η’)
1447 5605 1560 5653 215.
