4450 6684
1822 569 2283 634 Imzocnvrms
2340 566 2462 633 VI.
3554 561 3683 628 116

612 790 807 860 1665.
1566 790 1743 855 1361
1764 837 1784 873 ,
1830 789 2149 855 Januarii
2191 789 2312 871 19,
2358 787 2724 852 Avenionis.

933 944 1227 1011 Ger-ardo
1288 944 1455 1009 dicto
1517 944 1703 1031 Ryke
1764 944 1841 1009 de
1885 943 2276 1029 Noviomayo
2323 943 2546 1008 clerico
2595 941 2811 1008 Coton.
2859 942 3049 1007 dioec.
3096 949 3460 1007 reservatur
3506 939 3680 1006 bene·

838 1052 1054 1136 ficium
1115 1052 1565 1135 conferendum
1627 1072 1669 1115 a
1729 1052 2011 1136 capitulo
2074 1050 2140 1114 S.
2200 1049 2393 1115 Petri
2444 1048 2626 1132 Traj.
2674 1055 2733 1114 et
2777 1070 2920 1113 cum
2962 1069 3122 1113 cura
3166 1050 3257 1113 25
3275 1098 3293 1133 ,
3340 1050 3477 1113 sinc
3519 1067 3684 1112 cura

836 1179 980 1225 vero
1040 1158 1131 1224 18
1188 1179 1555 1223 marcarum
1615 1160 1867 1243 arqenti
1924 1158 2201 1222 valorem
2258 1175 2546 1221 annuum
2590 1175 2720 1220 non
2763 1154 3075 1220 excedens.
3128 1192 3211 1203 —
3259 1153 3680 1241 Deputantur

835 1274 1206 1332 executores.

836 1451 1196 1518 Probitatis
1243 1454 1331 1515 et.
1357 1497 1375 1515 .
1402 1496 1420 1515 .
1447 1497 1464 1515 .
1516 1448 1671 1514 Dat.
1720 1447 2051 1514 Avinione
2074 1495 2091 1530 ‚
2138 1446 2351 1512 XIIII
2396 1446 2507 1513 Kl.
2553 1446 2932 1532 Februarii,
2980 1467 3154 1513 anno
3202 1466 3399 1514 nono.

1026 1585 1150 1650 περ.
1186 1584 1284 1635 Αο.
1328 1586 1384 1635 τ’.
1418 1582 1510 1647 25,
1536 1584 1599 1647 s.
1632 1581 1737 1633 15⁹.

608 2022 806 2091 1666.
1563 2023 1773 2105 1361,
1821 2022 2143 2088 ,Ianum-42·
2185 2025 2306 2108 30,
2353 2025 2725 2090 Avenionis.

925 2174 1319 2240 Ghiselberto
1364 2174 1530 2240 dicto
1580 2175 1701 2241 Coc
1743 2176 2170 2260 conferuntur
2211 2178 2647 2260 canonicatus,
2684 2175 3054 2262 praebenda
3082 2183 3144 2242 et
3172 2177 3680 2263 supplementum

825 2284 1114 2348 ecclesiae
1168 2280 1386 2365 Trai„
1434 2302 1600 2367 quae
1643 2303 1785 2347 cum
1833 2282 2126 2349 Ger-ardo
2172 2283 2251 2348 de
2295 2282 2611 2348 Pitaloeis
2645 2303 2776 2369 pro
2804 2285 3179 2348 canonicatu
3211 2290 3272 2348 et
3298 2281 3672 2369 praebenda

829 2388 898 2454 S.
964 2387 1307 2474 Gauqerici
1369 2386 1835 2453 Cameracensis
1881 2391 2146 2474 putavit
2186 2389 2636 2474 permutanda.
2687 2426 2771 2438 —
2819 2389 3241 2475 Deputantur
3284 2397 3638 2456 necatores
3659 2437 3679 2474 ,

828 2497 998 2560 inter
1043 2513 1200 2579 quos
1245 2491 1530 2559 Michael
1571 2492 1850 2560 Moliart
1893 2497 2232 2560 canonicus
2286 2494 2469 2578 Traj.

828 2677 1210 2767 Apostolioe
1257 2677 1450 2745 sedis.
1477 2726 1495 2744 .
1523 2726 1539 2743 .
1569 2726 1586 2744 .
1633 2678 1786 2744 Non
1832 2679 2249 2744 obstantibus
2299 2726 2314 2741 .
2342 2724 2359 2742 .
2387 2724 2405 2742 .
2436 2724 2452 2741 .
2502 2676 2679 2764 quod
2722 2677 2797 2742 in
2842 2682 3067 2744 sanate
3096 2676 3483 2766 walburgis
3515 2678 3677 2744 Zut-

603 2784 982 2872 phaniensis
1044 2805 1192 2849 oum
1251 2786 1667 2872 prepositura
1686 2835 1704 2869 ,
1769 2806 1896 2873 que
1958 2785 2241 2872 simplex
2306 2785 2589 2851 officium
2651 2784 2915 2868 existit,
2978 2790 3048 2851 et
3109 2786 3181 2850 in
3236 2785 3480 2853 Sancte
3530 2785 3677 2854 Ode

602 2889 844 2958 Roden
868 2892 922 2975 1)
968 2891 1260 2957 ecelesiis
1306 2891 1731 2957 canonicatus
1780 2897 1851 2957 et
1894 2891 2266 2979 prebendas
2315 2912 2391 2956 ae
2436 2896 2862 2978 personatum
2893 2889 2976 2957 de
3004 2891 3287 2959 Huosen
3315 2894 3467 2978 (sic)
3499 2892 3676 2959 diets

603 2998 1045 3085 Trajeetensis
1106 2997 1380 3064 eoelesie
1442 2997 1834 3064 Leodiensis
1894 3004 1965 3065 et
2009 2998 2423 3065 Coloniensis
2472 2997 2831 3064 diooesium
2879 2998 3168 3064 nosceris
3215 2998 3537 3067 obtinere.
3566 3047 3584 3066 .
3613 3047 3629 3065 .
3658 3046 3677 3065 .

604 3104 738 3171 Dat
782 3104 1146 3189 Avinione‚
1192 3104 1300 3169 III
1343 3104 1455 3171 Kl.
1504 3105 1848 3170 Februarii
1870 3154 1888 3189 ,
1936 3125 2111 3170 anno
2160 3124 2358 3170 nono.

1019 3240 1147 3305 Roq.
1179 3241 1279 3291 Δυ.
1322 3241 1377 3292 Τ.
1409 3239 1504 3305 26,
1527 3241 1590 3305 s.
1623 3238 1740 3291 135.

755 3354 814 3421 ι)
852 3353 1326 3407 Sint-Oedenrode.

603 3692 795 3762 1667.
1559 3696 1735 3760 1361
1760 3743 1780 3779 ,
1829 3696 2176 3763 Februarii
2217 3698 2298 3779 3,
2348 3697 2713 3762 Avenionis.

920 3849 1160 3914 Petrus
1221 3848 1496 3935 (Hoee),
1561 3851 1677 3934 qui
1736 3850 2036 3916 Johanne
2094 3850 2315 3916 abbate
2377 3849 2673 3934 defuncto
2734 3870 2776 3914 a
2836 3857 3139 3915 conventu
3196 3850 3570 3916 monasterii
3616 3849 3673 3917 b.

824 3954 1086 4021 Mariae
1145 3955 1222 4020 de
1264 3954 1718 4021 Middelburch
1762 3958 1833 4022 in
1878 3956 2161 4022 abbatem
2207 3958 2501 4021 canonice
2544 3955 2772 4020 electus
2818 3961 2880 4021 et
2922 3976 2966 4019 a
3002 3952 3197 4041 patre
3242 3955 3500 4041 abbate,
3545 3978 3679 4023 mo-

826 4064 1093 4127 nasterii
1137 4061 1207 4129 S.
1252 4061 1589 4128 Michaelis
1637 4064 2138 4150 Antwerpiensis
2183 4062 2433 4146 abbate,
2477 4060 2890 4144 confirmatus
2927 4068 3046 4145 est,
3093 4063 3165 4126 in
3205 4061 3324 4127 bac
3362 4062 3678 4149 diqnitate

830 4166 1276 4252 conlimatur,
1313 4167 1585 4254 perinde
1632 4189 1707 4232 ac
1750 4171 1809 4233 si
1850 4170 2043 4235 nulla
2087 4168 2294 4233 dictae
2336 4167 2624 4233 abbatiae
2666 4169 3006 4232 reservatio
3051 4188 3093 4232 a
3137 4167 3280 4233 sede
3322 4169 3674 4255 apostolica

831 4274 1014 4358 facta
1057 4275 1307 4357 fuisset.

830 4454 1092 4521 Dilecto
1153 4453 1290 4519 filio
1341 4455 1546 4520 Petro
1595 4454 1819 4520 abbati
1865 4457 2248 4521 monasterii
2295 4456 2490 4522 beate
2535 4454 2744 4522 Μαι-ΞΘ
2791 4454 2873 4522 de
2918 4453 3378 4522 Middelburob
3426 4455 3674 4524 ordinis

607 4560 1238 4627 Premonstratensis
1255 4609 1273 4644 ,
1321 4560 1765 4646 'I'raJeotensis
1812 4560 2089 4628 diocesis
2106 4612 2125 4646 ,
2174 4562 2455 4628 salutem
2500 4569 2611 4628 etc.

831 4666 1042 4735 Juxta
1084 4665 1452 4754 pastoralis.
1480 4714 1497 4731 .
1525 4714 1541 4732 .
1572 4714 1589 4732 .
1637 4666 1795 4733 Dat.
1844 4667 2210 4752 Avinione,
2258 4668 2366 4733 III
2409 4668 2582 4734 Non.
2629 4666 2974 4734 Februarii
2996 4717 3015 4752 ‚
3060 4689 3236 4734 anno
3284 4689 3481 4735 nono.

1023 4801 1149 4865 Boa-
1180 4802 1277 4854 Av.
1322 4804 1378 4854 r.
1415 4800 1506 4868 26,
1532 4803 1594 4867 s.
1626 4801 1743 4853 558.

608 5232 811 5305 1668.
1540 5240 1715 5305 1361
1739 5286 1757 5322 ,
1804 5237 2152 5305 Februarii
2193 5241 2285 5304 22
2302 5289 2321 5325 ,
2370 5241 2734 5306 Avenionis.

928 5389 1275 5456 Giselberto
1335 5390 1504 5456 dicto
1575 5390 1790 5476 Talpa
1850 5392 2086 5456 rectori
2141 5390 2540 5477 parochialis
2600 5391 2885 5457 ecclesiae
2947 5387 3070 5472 „de
3116 5388 3592 5476 Ghyethoern''
3620 5389 3677 5474 1)

841 5495 1022 5581 Trai.
1070 5497 1259 5562 dioec.
1306 5496 1693 5583 dispensatio
1738 5503 1929 5563 anoea
1972 5497 2208 5581 datass)
2254 5517 2447 5583 super
2492 5496 2741 5581 defectu
2781 5495 3139 5579 natalium,
3193 5515 3377 5580 quem
3409 5498 3676 5581 patitur

833 5602 909 5667 de
952 5601 1324 5689 presbytero
1371 5604 1637 5689 qenitus·
1674 5610 1734 5669 et
1776 5604 2030 5689 soluta,
2076 5604 2434 5688 ampliatur
2477 5601 2566 5666 ad
2613 5601 2759 5685 boc,
2806 5599 2977 5687 quod
3023 5598 3149 5665 duo
3195 5600 3334 5666 alia
3380 5599 3674 5684 beneficia

829 5706 1100 5774 obtinere
1143 5708 1374 5773 valeat.

828 5842 919 5904 Π.
3378 5842 3454 5902 15
