4450 6684
1793 511 2252 576 Inuocnmms
2305 507 2424 573 VI.
3559 501 3645 564 89

584 735 776 804 1596.
1537 734 1718 797 1358
1734 779 1753 814 ,
1802 730 2146 795 Februarii
2189 731 2236 794 8
2252 777 2270 811 ,
2319 727 2685 793 Avenionis.

898 888 1233 955 Bernardo
1291 886 1369 952 de
1432 886 1815 951 Oastrobono
1877 884 2207 965 confertur
2258 886 2647 965 personatus
2710 877 2786 942 de
2848 876 3119 941 Narden
3190 875 3373 959 Traj.
3420 874 3611 940 dioec.
3627 921 3647 957 ,

810 1017 993 1082 quem
1040 993 1371 1059 Johannes
1416 991 1494 1057 de
1541 990 1926 1056 Castrobono
1970 989 2338 1073 resiynavit.
2389 1022 2470 1034 -—
2519 984 2937 1069 Deputantur
2981 989 3352 1047 executores.

809 1176 1171 1242 Probitatie
1218 1180 1305 1240 et.
1337 1220 1355 1239 .
1383 1221 1400 1238 .
1428 1221 1444 1239 .
1493 1173 1646 1239 Dat.
1700 1171 2066 1255 Avinione,
2115 1169 2215 1235 VI
2261 1167 2362 1233 Id.
2412 1166 2792 1249 Februarii,
2840 1185 3014 1232 anno
3063 1169 3275 1230 sexto.

1003 1311 1126 1373 περ.
1160 1311 1259 1359 Ao.
1301 1310 1358 1359 r.
1389 1307 1482 1371 18,
1507 1309 1567 1372 s.
1601 1306 1741 1357 4322.

588 1798 773 1865 1597.
1530 1798 1740 1879 1358,
1788 1794 2131 1860 Februarii
2175 1795 2295 1877 12,
2344 1794 2708 1858 Avenionis.

902 1950 1226 2036 Stephano
1294 1950 1370 2013 de
1436 1948 1882 2033 Everdinyhen
1951 1950 2285 2031 confertur
2350 1949 2928 2035 choriepiscopatus
2996 1952 3066 2014 in
3134 1950 3389 2014 ecclesia
3466 1948 3657 2032 Traj.

811 2078 1043 2123 vacans
1099 2077 1226 2142 per
1292 2055 1528 2120 obitum
1595 2054 1918 2119 Johannis
1987 2055 2063 2120 de
2132 2055 2395 2140 Spirinc
2462 2063 2523 2120 et
2591 2059 2635 2120 6
2702 2056 3090 2138 florenorum
3156 2058 3309 2119 auri
3372 2056 3653 2120 valorem

809 2183 1097 2228 annuum
1140 2183 1269 2228 non
1314 2161 1625 2226 excedens.
1678 2198 1761 2209 —
1807 2160 2226 2247 Deputantur
2271 2170 2644 2228 executores.

810 2343 1173 2409 Probitatis
1234 2349 1303 2408 et
1365 2343 1704 2408 virtutum.
1732 2390 1748 2407 .
1778 2391 1792 2406 .
1825 2392 1839 2407 .
1905 2344 2057 2409 Non
2121 2344 2538 2410 obstantibus
2601 2396 2616 2411 .
2643 2390 2660 2408 .
2690 2392 2706 2407 .
2733 2390 2749 2407 .
2806 2342 2985 2430 quod
3029 2343 3101 2407 in
3149 2341 3326 2408 dieta
3372 2344 3655 2410 eeclesia

591 2449 1046 2516 canonicatum
1095 2456 1163 2515 et
1193 2449 1593 2537 prebendam
1626 2451 1916 2515 nosceris
1950 2452 2271 2517 obtinere.
2301 2500 2316 2515 .
2345 2498 2362 2516 .
2395 2500 2410 2515 .
2458 2451 2611 2516 Dat.
2645 2450 3008 2531 Avinione,
3041 2449 3112 2514 II
3141 2448 3240 2514 Id.
3275 2449 3656 2534 Februarii,

591 2578 763 2624 anno
810 2563 1023 2623 sexto·

1007 2675 1132 2738 περ.
1167 2676 1268 2725 Aa.
1309 2670 1369 2723 T.
1403 2673 1494 2737 18,
1521 2676 1582 2740 s.
1617 2674 1753 2725 2030.

590 3160 1050 3228 1598—1599.
1528 3162 1708 3225 1358
1724 3209 1742 3243 ,
1790 3161 2135 3226 Februarii
2177 3163 2268 3224 22
2285 3210 2304 3245 ,
2351 3162 2715 3228 Avenioms.

903 3316 988 3379 A.
1063 3313 1355 3378 Gerardo
1428 3313 1802 3378 Theodorici
1863 3313 2287 3394 conferuntur
2346 3320 2753 3378 canonicatus
2813 3321 2874 3378 et
2906 3313 3275 3399 praebenda
3322 3335 3463 3378 cum
3508 3334 3661 3400 sup·

802 3421 1124 3505 plemento
1171 3421 1241 3484 in
1287 3420 1542 3483 ecclesia
1596 3419 1778 3502 Traj.
1826 3426 2118 3484 vacantes
2151 3441 2278 3505 per
2323 3422 2809 3505 resi9nationem
2829 3420 3125 3485 Goswini
3161 3420 3237 3485 de
3266 3419 3659 3506 Duisborqh.

901 3526 981 3590 B.
1058 3524 1352 3590 Gerardo
1383 3524 1545 3590 Foec
1575 3526 1997 3607 conferuntur
2027 3528 2439 3591 canonicatus
2469 3534 2529 3591 et
2555 3526 2929 3612 praebenda
2958 3528 3245 3592 ecclesiae
3276 3526 3344 3592 S.
3377 3526 3662 3592 Martini

818 3631 1271 3715 Embricensis‚
1305 3652 1468 3717 quas
1502 3631 1836 3696 Gerardus
1873 3631 2248 3697 Theodorici
2280 3635 2644 3718 resiynavit.
2681 3670 2764 3681 —
2796 3632 2936 3698 Pro
2966 3646 3237 3719 utroque
3265 3634 3663 3719 deputantur

821 3744 1192 3802 executores.

814 3922 1199 4010 Apostoliee
1247 3920 1445 3988 sedis.
1472 3967 1490 3986 .
1518 3968 1535 3986 .
1563 3968 1580 3985 .
1629 3921 1782 3986 Dat.
1830 3922 2161 3988 Avinione
2183 3971 2201 3998 ‚
2249 3922 2423 3989 VIII
2467 3921 2579 3987 Kl.
2627 3921 2889 3997 Marcii,
2938 3942 3112 3987 anno
3161 3927 3375 3987 sexto.

1010 4058 1136 4121 Ray,
1170 4059 1268 4108 Aa.
1314 4058 1369 4109 Τ.
1403 4055 1494 4122 18,
1521 4058 1581 4122 f.
1616 4055 1924 4108 401-40111.

593 4541 792 4614 1600.
1623 4545 1835 4625 1358,
1885 4540 2054 4626 Maji
2099 4542 2218 4626 14,
2267 4543 2633 4607 Avenionis.

903 4700 1199 4766 Johanni
1242 4699 1351 4783 (de
1399 4698 1621 4785 Oeye)‚
1671 4717 1855 4783 quem
1903 4696 2184 4760 Henrico
2232 4695 2340 4779 (de
2386 4695 2738 4780 Boechout)
2778 4694 2998 4760 abbate
3033 4695 3332 4779 defuncto
3362 4698 3661 4764 monachi

813 4808 1184 4872 monasterii
1213 4806 1281 4871 S.
1308 4805 1516 4871 Pauli
1547 4802 1733 4888 Traj.
1766 4803 2148 4888 apostolicae
2176 4803 2620 4867 reservationis
2649 4804 2868 4887 iynari
2896 4804 2965 4867 in
2996 4802 3279 4869 abbatem
3307 4804 3660 4891 eleqerunt,

815 4913 1145 4996 confertur
1190 4911 1446 4977 abbatia
1491 4910 1765 4995 ejusdem
1812 4909 2213 4992 monasterii,
2262 4928 2454 4994 quam
2500 4909 2793 4974 dominus
2838 4908 3035 4995 Papa
3059 4912 3210 4994 jam
3253 4910 3496 4977 dudum
3538 4912 3660 4977 sibi

815 5027 1264 5085 reservaverat.
1327 5055 1411 5068 —
1471 5017 1671 5101 Cujus
1715 5016 2165 5080 nominationis
2211 5022 2546 5080 conventus
2562 5064 2581 5099 ,
2640 5017 2912 5081 vassalli
2953 5023 3015 5081 et
3057 5016 3450 5102 (Johannes)
3496 5022 3660 5105 epis·

811 5146 1003 5212 copus
1056 5125 1238 5211 Traj.
1286 5123 1646 5189 redduntur
1691 5123 2004 5186 certiores.

810 5310 1073 5376 Dilecto
1138 5308 1273 5374 filio
1335 5307 1381 5374 J
1384 5307 1627 5373 ohanni
1690 5304 1913 5371 abbati
1979 5302 2362 5368 monasterii
2424 5303 2635 5367 saneti
2680 5302 2874 5368 Pauli
2918 5302 3357 5389 TraJeetensis
3405 5303 3652 5370 ordinis

596 5416 803 5482 saneti
846 5415 1196 5482 Benedicti
1241 5415 1522 5480 salutem
1570 5420 1682 5479 etc.

818 5523 1121 5609 suseepti
1166 5541 1343 5586 eura.
1368 5566 1388 5587 .
1417 5566 1435 5585 .
1460 5566 1478 5585 .
1525 5519 1680 5586 Dat.
1728 5516 2097 5599 Avinione,
2147 5515 2218 5580 H
2265 5514 2366 5579 Id.
2413 5514 2612 5601 Maji,
2661 5533 2834 5579 anno
2881 5520 3095 5580 sexto.

821 5631 917 5697 In⁴
953 5652 1004 5697 e.
1051 5652 1135 5695 m.
1185 5628 1441 5694 dileetio
1488 5626 1639 5692 filiis
1686 5624 2039 5691 conventui
2088 5621 2471 5687 monasterii
2518 5622 2726 5687 sancti
2772 5621 2963 5687 Pauli
3012 5668 3028 5685 .
3056 5668 3072 5686 .
3097 5666 3119 5688 .
3144 5665 3161 5686 .
3209 5622 3489 5690 salutem
3536 5632 3647 5690 etc.

813 5767 904 5828 11.
3357 5758 3434 5818 12
