4450 6684
1838 497 2171 564 Unenms
2219 492 2310 559 V.
3491 491 3615 554 177

766 724 929 791 Vite
991 744 1066 789 ac
1127 743 1403 788 morum.
1430 770 1445 785 .
1475 770 1492 786 .
1521 769 1538 786 .
1615 720 1766 785 Non
1815 718 2233 784 obstantibus
2284 765 2299 780 .
2330 764 2345 781 .
2375 764 2391 780 .
2419 764 2436 781 .
2487 714 2662 801 quod
2711 715 3170 780 canonicatum
3218 719 3286 778 et
3330 715 3612 802 preben-

545 833 694 899 dam
741 830 1016 897 ecclesie
1065 830 1277 894 sancti
1322 828 1507 894 Petri
1553 825 1999 912 TraJectensie
2048 825 2340 889 nosceris
2385 823 2707 889 obtinere.
2737 872 2752 888 .
2782 870 2798 886 .
2827 870 2842 886 .
2892 822 3044 887 Dat.
3079 822 3256 908 apud
3287 824 3618 891 Montem-

546 940 926 1020 flaeconem,
974 938 1039 1002 V
1084 936 1184 1001 Id.
1230 935 1428 1020 Maji‚
1479 954 1652 999 anno
1702 939 1956 997 octavo.

969 1053 1092 1116 Ray.
1128 1054 1227 1102 Ao.
1269 1054 1323 1101 T.
1358 1049 1448 1113 23,
1474 1052 1537 1115 s.
1573 1046 1710 1099 1890.

548 1473 741 1541 1889.
1360 1473 1572 1555 1370,
1619 1471 1794 1553 Maji
1837 1472 1961 1552 28,
2008 1490 2114 1554 ap.
2166 1468 2800 1551 Montemflasconem.

864 1628 1150 1693 Swedero
1196 1626 1414 1692 Uterlo
1445 1628 1810 1711 praeposito
1850 1624 2033 1707 Traj.
2067 1625 2428 1688 conceditur
2465 1626 2717 1689 licentia
2750 1625 3020 1689 habendi
3050 1628 3260 1691 altare
3278 1630 3612 1712 portatile.

775 1810 1045 1877 Sincere
1079 1810 1470 1876 devotioni&
1491 1858 1506 1873 .
1529 1858 1543 1873 .
1567 1857 1581 1873 .
1624 1810 1777 1873 Dat.
1812 1807 1988 1895 apud
2021 1808 2704 1889 Montemflaeconem,
2738 1807 2802 1873 V
2824 1806 2935 1871 Kl.
2961 1807 3177 1892 Junii,
3211 1829 3384 1875 anno
3417 1809 3609 1876 VIII.

965 1927 1093 1990 περ.
1129 1926 1225 1976 Aa.
1271 1928 1323 1976 T.
1359 1924 1449 1988 22,
1475 1926 1531 1989 s.
1566 1924 1708 1974 5450.

550 2347 752 2417 1890.
1360 2350 1563 2431 1370,
1611 2346 1806 2412 Junii
1852 2349 1971 2429 20,
2021 2367 2129 2432 ap.
2176 2345 2810 2427 Montemflaseonem.

860 2502 1147 2567 Swedero
1201 2502 1278 2566 de
1322 2501 1630 2586 Apcoude
1651 2550 1668 2583 ,
1732 2501 1981 2564 domino
2033 2500 2152 2564 loci
2195 2499 2271 2563 de
2320 2498 2632 2562 Gaesbeke
2687 2497 2867 2579 Traj.
2916 2497 3103 2563 dioec.
3127 2547 3144 2580 ,
3209 2501 3611 2586 indulqetur,

771 2609 941 2696 quod
1003 2611 1071 2673 in
1138 2609 1287 2674 locis
1348 2608 1681 2672 interdicto
1742 2608 2090 2691 suppositis
2146 2606 2419 2670 Missam
2476 2607 2736 2691 aliaque
2780 2605 2998 2669 divina
3047 2605 3269 2688 officia
3311 2608 3432 2671 sibi
3464 2610 3614 2693 pri-

765 2717 961 2780 vatim
1007 2714 1314 2780 celebrari
1355 2715 1570 2797 facere
1613 2714 1842 2777 valeat.

773 2895 1041 2961 Sincere
1090 2895 1481 2960 devotionis.
1511 2942 1528 2958 .
1555 2940 1574 2958 .
1601 2941 1617 2957 .
1674 2893 1827 2958 Dat.
1876 2892 2051 2979 apud
2098 2892 2791 2973 Montemflasconem,
2839 2889 2978 2955 XII
3023 2890 3135 2956 Kl.
3186 2891 3231 2956 J
3235 2893 3387 2977 ulii,
3435 2915 3612 2959 anno

547 3006 799 3067 octavo.

959 3090 1088 3153 Ray.
1124 3092 1222 3140 Ao.
1264 3092 1318 3141 T.
1353 3089 1441 3153 23,
1465 3091 1528 3154 s.
1562 3088 1700 3141 3670.

540 3508 734 3576 1891.
1358 3511 1568 3594 1370,
1616 3510 1793 3575 Julii
1830 3512 1951 3594 14,
1998 3531 2105 3595 ap.
2154 3510 2794 3593 Montemflasconem.

857 3665 997 3731 Pro
1065 3665 1263 3731 Petro
1332 3666 1408 3730 de
1483 3665 1676 3730 Velde
1730 3666 2107 3750 praeposito
2176 3671 2236 3727 et
2298 3664 2746 3730 archidiacono
2812 3666 3099 3731 ecclesiae
3159 3667 3228 3731 S.
3289 3668 3614 3734 Johannis

774 3770 957 3854 Traj.
1005 3773 1417 3857 infrascripti
1462 3773 1549 3838 ad
1595 3773 1940 3837 triennium
1985 3770 2379 3853 deputantur
2425 3779 2908 3837 conservatores.

760 3949 1039 4015 Dilectis
1100 3951 1253 4016 filiis
1316 3958 1543 4016 sancte
1605 3951 1813 4017 Marie
1876 3951 2324 4036 Trajecteneie
2388 3957 2457 4016 et
2517 3953 2726 4018 sancti
2771 3952 3039 4017 Martini
3087 3952 3477 4019 Leodieneie
3523 3976 3609 4020 ac

537 4059 767 4120 sancte
813 4056 1020 4122 Marie
1068 4057 1511 4143 Trajectensie
1556 4057 1950 4123 Leodieneie
1999 4057 2278 4122 diocesis
2327 4059 2749 4123 ecclesiarum
2799 4058 3062 4123 decanis
3111 4058 3396 4123 salutem
3444 4068 3559 4125 etc.

763 4162 937 4229 Sane
987 4161 1213 4228 dilecti
1259 4164 1398 4228 filii.
1427 4211 1443 4227 .
1470 4212 1487 4228 .
1516 4211 1532 4227 .
1582 4164 1735 4228 Dat.
1782 4162 1958 4250 apud
1992 4165 2682 4248 Montemflaeconem,
2729 4163 2799 4228 H
2828 4164 2929 4229 Id.
2963 4165 3157 4247 Julii,
3207 4186 3379 4229 anno
3412 4166 3607 4231 VIII.

957 4279 1081 4342 περ.
1117 4281 1214 4329 Α..
1260 4281 1315 4329 r.
1349 4278 1439 4341 2⁴2,
1463 4281 1522 4345 s.
1556 4278 1696 4329 340».

532 4693 728 4763 1892.
1469 4700 1680 4782 1370,
1728 4698 2100 4764 Novembris
2145 4701 2266 4782 12,
2319 4702 2681 4764 Avenionis.

854 4848 1139 4914 Girardo
1184 4849 1260 4914 de
1304 4850 1516 4915 Porta
1562 4851 1873 4936 quaedam
1926 4852 2259 4917 Clementis
2293 4874 2513 4938 papae
2573 4853 2678 4918 VI
2716 4856 2935 4920 literae
2959 4856 3041 4939 1),
3091 4876 3374 4942 quarum
3414 4860 3609 4943 0νίςί-

759 4953 937 5017 nales
1006 4956 1350 5019 casualiter
1419 4963 1572 5019 sunt
1639 4957 1940 5038 amissae,
2013 4977 2044 5019 e
2103 4960 2374 5042 registro
2434 4957 2511 5021 de
2571 4958 2751 5024 verbo
2814 4959 2902 5024 ad
2957 4961 3210 5024 verbum
3256 4961 3610 5047 descriptae

759 5064 1288 5125 transmittuntur
1348 5062 1692 5147 iisdemque
1742 5083 1974 5147 parem
2038 5084 2233 5148 quam
2278 5066 2435 5149 ipsis
2483 5065 2905 5150 oriqinalibus
2950 5066 3140 5148 fidem
3186 5067 3608 5133 adhibendam

756 5184 881 5230 esse
924 5166 1315 5231 declaratur.

761 5347 1163 5414 Provisionis
1208 5356 1455 5416 nostre.
1484 5399 1499 5415 .
1528 5398 1544 5415 .
1573 5398 1589 5416 .
1638 5350 1792 5415 Dat.
1841 5351 2214 5434 Avinione,
2262 5352 2334 5416 II
2379 5351 2482 5419 Id.
2528 5353 2951 5436 Novembris,
2999 5373 3174 5417 anno
3222 5374 3419 5420 nono.

949 5466 1075 5530 Ray.
1109 5468 1207 5516 Ao.
1252 5464 1312 5516 T.
1347 5466 1438 5530 23,
1465 5468 1527 5530 f.
1562 5466 1678 5517 506.

685 5588 743 5654 1)
779 5590 951 5656 Supra
987 5607 1139 5643 num.
1172 5592 1320 5643 1349.

750 5757 840 5818 Π.
3304 5769 3381 5826 23
