4450 6684
1885 535 2267 599 APPEnmx.
3475 539 3598 601 321

535 758 664 828 IX.
1500 761 1717 840 1368,
1766 758 2001 823 Martii
2045 761 2166 841 29,
2233 758 2640 824 Vliederbaci.

852 914 1129 978 Jacobus
1190 892 1535 1000 episcopus·
1581 915 1937 978 Oroatensis
2000 914 2324 994 declarat,
2388 935 2451 976 se
2510 913 2804 977 Johanm·
2865 914 2941 977 de
2988 913 3350 1000 Hilleqhem
3397 914 3611 979 abbati

764 1019 1194 1105 Eqmundensi
1239 1041 1465 1084 munus
1514 1020 1947 1083 benedictionis
1992 1022 2113 1082 rite
2157 1019 2546 1104 impendisse.
2579 1020 2628 1102 ¹)

762 1204 900 1271 Nos
947 1204 1234 1270 Jacobus
1280 1203 1405 1270 Dei
1457 1210 1523 1269 et
1570 1204 1924 1290 apostolice
1972 1204 2200 1288 (sedis)
2251 1205 2461 1288 gratia
2509 1204 2854 1291 episcopus
2907 1204 3310 1286 Oroatensis,
3375 1210 3602 1269 notum

540 1314 811 1378 facimus
873 1314 1232 1395 universis,
1296 1312 1470 1399 quod
1534 1312 1894 1377 reverendo
1958 1314 2026 1377 in
2087 1312 2347 1377 Christo
2397 1314 2565 1399 patri
2617 1311 2878 1376 domino
2928 1311 3219 1377 Johanni
3267 1312 3348 1377 de
3397 1312 3608 1378 Hille·

542 1422 772 1507 ghem,
838 1421 1059 1486 abbati
1122 1422 1500 1486 monasterii
1546 1419 2023 1506 Egmondensis
2072 1468 2088 1484 .
2119 1469 2133 1484 .
2163 1468 2177 1483 .
2207 1468 2222 1484 .
2265 1421 2464 1503 juxta
2514 1418 2893 1484 mandatum
2943 1419 3370 1506 apostolicum
3417 1420 3609 1485 nobis

538 1531 606 1593 in
667 1529 788 1593 hac
849 1535 1037 1616 parte
1101 1529 1419 1594 directum
1482 1550 1719 1593 munus
1780 1528 2259 1593 benedictionis
2322 1529 2490 1593 iufra
2549 1529 2895 1593 Missarum
2944 1529 3331 1615 sollempnia
3380 1536 3608 1595 contu·

542 1637 732 1701 limus
794 1657 941 1701 cum
1008 1637 1309 1701 omnibus
1374 1644 1441 1701 et
1503 1637 1776 1721 singulis
1838 1637 2430 1722 sollempnitatibus
2500 1635 2581 1701 ad
2647 1636 2770 1700 hoc
2835 1636 3075 1701 debitis
3131 1645 3199 1701 et
3246 1640 3604 1721 consuetis,

542 1744 768 1808 harum
832 1749 1199 1808 nostrarum
1262 1744 1659 1809 testimonie.
1756 1744 1999 1808 Datum
2065 1750 2132 1808 et
2196 1750 2415 1808 actum
2480 1744 2546 1807 in
2610 1744 3004 1810 monasterio
3069 1744 3606 1811 Vliederbacensi

547 1850 703 1915 dicti
767 1850 1012 1915 ordinis
1074 1851 1459 1915 Leodiensis
1524 1850 1837 1933 diocesis,
1904 1872 2074 1915 anno
2123 1851 2389 1916 Domini
2437 1850 3002 1934 MOOOLXVIII,
3054 1850 3427 1936 Dominica,
3477 1875 3606 1940 qua

543 1965 846 2024 cantatur
892 1961 960 2024 in
1008 1960 1285 2025 ecclesia
1331 1958 1488 2023 Dei:
1537 1959 1778 2026 Letare
1826 1960 2260 2026 Jherusalem.

960 2079 1345 2143 Auloyraphum
1380 2079 1438 2128 in
1474 2078 1676 2128 archivo
1713 2080 1890 2127 Status
1926 2077 2407 2141 anue-Comitum
2449 2078 2574 2127 Con.
2611 2077 2879 2140 Eymund„
2924 2093 3031 2126 eum
3064 2076 3234 2140 sigillo
3267 2092 3403 2126 cereo
3437 2077 3623 2127 cervini

890 2163 1088 2212 eoloris.

691 2281 748 2346 1)
785 2282 889 2334 Cir.
926 2298 1087 2347 supra
1124 2298 1270 2333 num.
1306 2281 1456 2334 1851.

536 2644 629 2711 X.
1090 2659 1105 2676 ¹
1780 2649 1989 2730 1371,
2036 2647 2212 2711 Julii
2260 2649 2368 2711 25.

849 2802 1185 2868 Arnoldus
1232 2802 1338 2887 (de
1382 2802 1676 2887 Hoorne)
1721 2805 2045 2889 episcopus
2104 2803 2284 2887 Traj.
2323 2805 2647 2889 promittit
2692 2805 2950 2868 servitia
2995 2810 3306 2867 consueta.

762 2982 959 3048 Anno
1014 2984 1223 3066 1371,
1273 2983 1379 3047 die
1428 2983 1513 3046 25
1563 2983 1744 3048 Julii.

760 3089 1081 3154 Dominus
1128 3090 1512 3178 Arnulphus
1559 3092 1900 3177 episcopus
1948 3091 2389 3176 Trajectensis
2436 3091 2731 3179 promisit
2778 3111 2893 3178 pro
2942 3110 3059 3154 suo
3100 3090 3427 3154 communi
3470 3110 3603 3156 ser-

538 3234 706 3299 vicio
755 3190 914 3298 IIulI.
962 3190 1047 3298 ἦ.
1095 3235 1244 3319 (sic)
1283 3234 1421 3299 flor.
1471 3241 1539 3298 et
1584 3233 1647 3298 V
1697 3234 1971 3299 servicia
2016 3240 2360 3317 consueta,
2411 3232 2724 3299 solvendo
2772 3240 2847 3299 ut
2894 3254 3091 3320 supra
3138 3233 3219 3297 de
3266 3233 3603 3319 promisso.

536 3341 850 3427 Alioquin
898 3347 1021 3407 etc.

957 3460 1118 3510 Arc-lt.
1165 3460 1285 3510 Fac.
1326 3459 1488 3522 obli-q.
1522 3459 1693 3522 colleg.
1737 3461 1869 3508 Tom.
1904 3459 1962 3508 πο
1994 3457 2119 3524 589,
2145 3461 2206 3525 s.
2241 3458 2353 3511 153.

1764 3696 2349 3703 ————-—-—-——-.--——.

544 3873 675 3943 xl.
1500 3878 1709 3959 1377,
1759 3876 2101 3940 Februarii
2144 3879 2264 3960 17,
2318 3876 2660 3941 Cameraci.

857 4029 1187 4094 Ger-ardus
1249 4032 1571 4116 episcopus
1632 4033 2093 4095 Cameracensis
2139 4030 2517 4094 auctoritate
2564 4028 2686 4093 sibi
2730 4027 3055 4091 commissa
3101 4025 3423 4110 dispensat
3470 4042 3610 4087 cum

766 4137 1047 4204 Hem-ico
1114 4140 1318 4205 Rover
1384 4140 1490 4225 (cle
1534 4140 1925 4225 Montfoort)
1971 4148 2029 4205 et
2074 4140 2402 4204 domicella
2454 4137 2592 4203 oda
2637 4158 2829 4222 super
2875 4134 3309 4220 impedimento
3355 4151 3616 4196 consan-

757 4248 1096 4330 9uim'tatis
1143 4249 1209 4311 in
1257 4255 1488 4332 quarto
1531 4248 1766 4332 yradu.

762 4432 1104 4498 Universis
1167 4432 1419 4499 litteras
1483 4439 1821 4520 presentes
1870 4411 2260 4519 inspecturis
2315 4427 2646 4495 Gerardus
2693 4425 2818 4490 Dei
2867 4424 3077 4510 gratia
3124 4418 3613 4487 Cameracensis

536 4539 882 4626 episcopus
929 4541 1206 4607 salutem
1252 4541 1321 4606 in
1368 4541 1675 4607 Domino,

772 4646 1104 4713 Noveritis
1152 4648 1356 4735 quod,
1406 4650 1559 4736 quia
1605 4654 1920 4714 contenta
1966 4648 2033 4712 in
2083 4646 2322 4712 litteris
2364 4642 2607 4710 domini
2643 4637 3094 4730 penitenciarii
3126 4635 3373 4701 domini
3406 4633 3614 4698 nostri

542 4774 747 4841 pape,
811 4755 1050 4842 quibus
1114 4756 1238 4822 hee
1302 4763 1642 4845 presentes
1709 4764 1930 4822 nostre
1992 4756 2213 4820 littere
2260 4753 2711 4839 infinguntur,
2762 4748 3120 4835 reperimus
3169 4744 3306 4809 fore
3354 4741 3610 4823 valere,

540 4861 770 4928 habita
831 4885 1026 4951 super
1080 4864 1208 4929 hiis
1253 4866 1432 4952 prius
1479 4865 1946 4930 informacione
1996 4862 2297 4949 diligenti
2345 4883 2385 4926 a
2431 4859 2728 4946 pluribus
2777 4853 3123 4940 fidedignis
3171 4850 3481 4916 noticiam
3528 4847 3611 4913 de

541 4971 830 5059 ipsorum
879 4973 1125 5039 domini
1171 4974 1444 5040 Henrici
1492 4980 1561 5040 et
1608 4973 1949 5039 domicelle
1985 4971 2167 5038 Oede
2205 4972 2276 5035 in
2311 4968 2605 5057 predicta
2637 4963 3093 5031 commissione
3124 4958 3609 5024 nominatorum

541 5087 610 5145 et
678 5101 903 5147 eorum
972 5089 1321 5169 parentum
1391 5088 1459 5148 et
1530 5083 1886 5147 amicorum
1953 5079 2351 5145 habentibus
2418 5082 2486 5141 et
2548 5075 2619 5140 in
2680 5071 2976 5160 partibus
3023 5069 3317 5155 ipsorum
3363 5083 3611 5127 moram

539 5187 927 5253 facientibus
976 5191 1384 5272 continuam,
1435 5210 1555 5255 nos
1604 5190 1846 5255 virtute
1893 5188 2180 5274 ipsarum
2227 5186 2592 5250 litterarum
2644 5178 2952 5268 predictis
3001 5173 3264 5239 domino
3313 5168 3604 5235 Henrico

540 5293 763 5360 Rover
800 5303 867 5361 et
908 5296 1250 5362 domicelle
1293 5296 1476 5363 Oede
1509 5298 1577 5361 in
1609 5297 1751 5383 ipsa
1782 5294 2236 5359 commissione
2269 5290 2652 5371 nominatis,
2700 5292 2776 5351 ut
2805 5284 3085 5350 invicem
3119 5275 3606 5344 matrimonium

545 5403 928 5468 contrahere
977 5405 1239 5470 valeant
1286 5410 1357 5471 et
1402 5406 1655 5491 possint
1703 5411 1770 5468 et
1816 5404 1885 5467 in
1934 5423 2011 5468 eo
2052 5401 2230 5466 licite
2263 5418 2600 5465 remanere
2634 5416 2768 5462 non
2802 5394 3103 5459 obstante
3136 5392 3368 5475 quarto
3401 5381 3609 5470 gradu

543 5512 1169 5597 consanguinitatis,
1232 5513 1301 5577 in
1365 5533 1493 5599 quo
1556 5511 1838 5575 invicem
1902 5515 2055 5574 sunt
2118 5506 2488 5595 conjuncti,
2548 5524 2743 5590 super
2789 5522 2918 5589 quo
2967 5518 3114 5564 cum
3161 5495 3320 5582 ipsis
3367 5491 3609 5557 virtute

540 5616 827 5704 ipsarum
891 5619 1258 5686 litterarum
1319 5617 1825 5683 misericorditer
1888 5615 2378 5701 dispensamus,
2444 5611 2672 5678 damus
2719 5629 2837 5696 per
2882 5608 3221 5692 presentes
3265 5598 3606 5665 licenciam

540 5732 738 5814 atque
802 5727 1220 5812 facultatem,
1284 5727 1533 5814 prolem
1590 5726 1673 5791 ab
1720 5724 1878 5811 ipsis
1926 5722 2168 5789 exinde
2217 5718 2698 5806 suscipiendam
2744 5714 3105 5801 legitimam
3155 5709 3609 5774 decernentes.

760 5862 845 5923 ΙΙ.
3314 5847 3386 5902 41
