4450 6684
932 462 1064 526 200
1738 499 1747 506 ·
2172 463 2577 528 Gnnoomus
2636 461 2759 529 XI.
2797 531 2804 538 ,

923 680 1400 749 8005—2007.
1968 684 2178 765 1371,
2226 682 2420 746 Junii
2465 684 2538 766 2,
2586 684 2960 749 Avenionis.

1240 837 1323 902 A.
1430 835 1705 901 Volkero
1751 836 1917 900 dicto
1976 834 2042 900 Y
2036 858 2215 901 seren
2259 840 2555 902 canonico
2600 840 2889 902 ecclesiae
2933 839 3414 904 Daventriensis
3452 838 3785 922 confertur
3824 838 3997 904 deca-

1150 952 1342 1008 natus
1404 943 1631 1007 ibidem
1681 964 1807 1028 per
1867 942 2103 1008 obitum
2162 943 2489 1008 Johannis
2549 945 2626 1008 de
2691 945 2996 1009 Nuenaer
3053 967 3287 1010 vacans
3347 953 3408 1010 et
3468 944 3571 1009 die
3632 946 3722 1009 29
3771 943 3999 1010 Martii

1138 1055 1433 1135 proxime
1476 1051 1690 1134 elapso
1735 1051 2064 1114 collationi
2107 1050 2271 1113 sedis
2318 1053 2700 1134 apostolicae
2745 1059 3120 1117 reservatae.

1235 1159 1314 1221 B.
1410 1156 1702 1221 Gerardo
1748 1157 1825 1219 de
1870 1155 2037 1220 Veno
2069 1159 2366 1220 canonico
2408 1157 2588 1240 Traj.
2625 1167 2987 1224 reservatur
3015 1161 3479 1245 praepositura
3514 1158 3993 1241 Arnhemensis,

1148 1285 1309 1350 quae
1354 1285 1498 1328 mox
1542 1271 1850 1328 vacatura
1893 1271 2213 1347 speratur,
2264 1285 2402 1327 cum
2467 1264 2783 1330 Volkerus
2829 1267 3037 1331 dictus
3097 1265 3338 1331 Yseren
3368 1267 3714 1331 decanatus
3748 1267 3992 1331 Daven-

1148 1372 1399 1436 triensis
1436 1371 1774 1454 pacificam
1810 1371 2264 1453 possessionem
2310 1369 2672 1436 obtinuerit.

1236 1477 1310 1543 C.
1403 1477 1780 1542 Hermanno
1841 1477 2006 1540 dicto
2069 1476 2416 1540 Peterman
2477 1477 2901 1559 conferuntur
2964 1482 3373 1544 canonicatus
3418 1488 3477 1543 et
3519 1479 3883 1564 praebenda
3927 1481 3992 1543 in

1144 1584 1399 1646 ecclesia
1446 1582 1894 1646 Daventriensi
1935 1589 2226 1645 vacantes
2259 1602 2379 1665 per
2410 1580 2646 1646 obitum
2677 1583 3044 1648 Everhardi
3073 1584 3148 1649 de
3179 1583 3385 1649 Fossa
3414 1593 3474 1649 et
3505 1585 3606 1647 die
3635 1585 3726 1648 28
3761 1583 3989 1647 Martii

1132 1691 1429 1772 proxime
1496 1689 1711 1772 elapso
1781 1686 2183 1769 dispositioni
2249 1686 2416 1749 sedis
2484 1690 2867 1773 apostolicae
2929 1697 3300 1754 reservatae.
3369 1727 3451 1738 —
3519 1690 3661 1755 Pro
3724 1690 3987 1774 sinqulis

1143 1793 1535 1879 deputantur
1581 1799 1955 1857 executores.
2136 1786 2146 1795 ⁴

1141 1979 1533 2046 Laudabilia
1578 1978 1945 2066 probitatis,
1976 2025 1991 2041 .
2021 2025 2035 2041 .
2066 2027 2080 2041 .
2137 1978 2293 2043 Dat.
2344 1978 2711 2061 Avinione‚
2761 1979 2903 2045 1111
2947 1979 3120 2047 Non.
3168 1979 3394 2063 Junii,
3446 2001 3618 2046 anno
3670 1980 3899 2066 primo.

1334 2112 1813 2177 1309.Av.seaioet
1851 2113 1893 2160 Α
1935 2109 1999 2161 T.
2033 2109 2087 2174 3,
2120 2112 2174 2174 f.
2211 2110 2363 2175 33803
2403 2113 2440 2162 Β
2468 2114 2524 2176 s.
2564 2111 2710 2174 504v;
2749 2111 2788 2161 c
2834 2115 2883 2161 T.
2923 2111 3099 2176 10,s.
3134 2112 3249 2163 394.

912 2598 1117 2667 2008.
1952 2599 2163 2681 1371,
2211 2597 2408 2661 Junii
2451 2599 2526 2679 4,
2573 2599 2944 2663 Avenionis.

1235 2754 1614 2819 Theoderico
1645 2752 1921 2837 Polleyn
1963 2751 2430 2834 confirmantur
2463 2755 2872 2817 canonicatus
2902 2760 2961 2818 et
2978 2753 3383 2838 praebenda,
3431 2772 3594 2839 quas
3625 2754 3698 2816 in
3728 2753 3978 2817 ecclesia

1138 2861 1194 2924 b.
1241 2860 1500 2924 Mariae
1553 2859 1735 2941 Traj.
1770 2865 1924 2943 post
1967 2857 2203 2921 obitum
2247 2856 2571 2922 Johannis
2616 2859 2692 2922 de
2739 2858 3042 2923 Nuenaer
3088 2858 3380 2924 obtinuit.

1135 3044 1295 3111 Vite
1343 3066 1418 3110 ao
1462 3065 1736 3110 morum.
1767 3090 1826 3109 ..
1855 3091 1872 3108 .
1920 3042 2074 3108 Dat.
2124 3041 2494 3124 Avinione,
2542 3039 2614 3105 Π
2661 3041 2834 3107 Νοιι.
2882 3040 3102 3124 Junii,
3159 3059 3334 3106 anno
3380 3037 3613 3125 primo.

1330 3180 1458 3244 Ray.
1493 3180 1590 3229 Av.
1633 3180 1690 3229 T.
1724 3177 1782 3242 1,
1807 3179 1868 3242 s.
1903 3176 2044 3229 526⁹.

858 3668 1116 3737 .2009.
1947 3665 2156 3746 1371,
2205 3662 2401 3726 Junii
2446 3665 2520 3744 5,
2568 3661 2933 3724 Avenionis.

1215 3823 1479 3908 Symoni
1527 3822 1622 3884 tit.
1671 3819 1738 3883 S.
1791 3818 1963 3883 Sixti
1996 3816 2370 3902 presbytero
2419 3814 2792 3877 Oardinalis
2839 3813 3171 3896 confertur
3207 3812 3672 3897 praepositura
3724 3810 3966 3874 Daven·

1128 3933 1410 4012 triensis,
1460 3949 1691 3993 vacans
1726 3949 1851 4014 per
1898 3926 2131 3991 obitum
2178 3922 2508 3987 Bernardi
2552 3921 2874 3986 Basilicae
2920 3919 3083 3984 XII
3114 3920 3570 4006 Apostolorum
3608 3918 3963 4004 presbyteri

1127 4037 1518 4102 Cardinalis.
1546 4036 1600 4118 l)
1650 4072 1732 4083 -
1781 4034 2197 4118 Deputantur
2244 4034 2620 4093 executores.

1128 4215 1303 4280 Dum
1373 4213 1454 4279 ad
1524 4233 1982 4299 personam...
2015 4260 2030 4276 .
2106 4210 2260 4278 Dat.
2331 4210 2698 4292 Avinione‚
2760 4207 2932 4273 Non.
2995 4207 3219 4290 Junii,
3282 4205 3704 4293 pontificatus
3764 4200 3961 4267 nostri

901 4344 1073 4389 anno
1122 4342 1353 4409 pnmo.

1316 4455 1440 4518 περ.
1477 4455 1576 4504 Ao.
1621 4456 1676 4503 r.
1713 4454 1774 4515 4,
1800 4454 1859 4517 s.
1897 4451 2010 4502 260.

1053 4601 1110 4666 1)
1146 4601 1251 4652 Cfr.
1287 4615 1448 4664 supra
1481 4614 1633 4651 num.
1666 4597 1818 4650 1870.

895 5009 1093 5077 2010.
1935 5003 2145 5085 1371,
2192 5001 2390 5065 Junii
2435 5002 2513 5083 9,
2558 5000 2931 5065 Avenionis.

1208 5163 1502 5228 Johanni
1561 5161 1636 5226 de
1702 5160 2129 5244 Campostella
2190 5160 2491 5221 canonico
2545 5156 2834 5220 ecclesiae
2879 5153 2949 5221 S.
2997 5153 3190 5218 Petri
3244 5151 3427 5234 Traj.
3449 5200 3466 5235 ,
3529 5152 3644 5237 qui
3687 5151 3840 5216 olim
3884 5145 3963 5212 ad

1117 5272 1433 5336 ecclesiam
1467 5266 1907 5353 parochialem
1955 5265 2030 5329 de
2075 5262 2462 5348 Heyliyhelo
2489 5262 2540 5344 1)
2595 5259 2780 5342 Traj.
2814 5259 3044 5341 dioec.,
3090 5279 3216 5343 per
3245 5259 3733 5342 resignationem
3773 5254 3960 5320 Theo·

1117 5378 1315 5443 derici
1373 5374 1640 5458 Jutfaes
1701 5378 2058 5454 vacantem,
2122 5370 2199 5434 ab
2263 5368 2483 5433 abbate
2545 5366 2982 5452 Eqmundensi
3030 5371 3485 5449 praesentatus
3530 5370 3590 5427 et
3635 5362 3715 5426 ab
3761 5361 3961 5427 archi·

1115 5485 1376 5548 diacono
1431 5480 1613 5563 Traj.
1663 5481 1994 5543 institutus
2038 5476 2279 5559 fuerat.
2300 5523 2317 5557 ‚
2366 5473 2516 5537 haec
2549 5474 2835 5558 provisio
2883 5470 3325 5553 confirmatur,
3362 5468 3638 5555 perinde
3683 5489 3760 5533 ac
3806 5467 3958 5533 idem

1124 5588 1543 5655 Theodericus
1590 5585 1974 5671 apostolicae
2017 5581 2182 5646 sedis
2225 5581 2586 5664 familiaris
2630 5598 2757 5642 non
2801 5578 3049 5660 fuisset.
