4450 6684
1768 548 2173 614 Gnueomus
2217 547 2342 613 XI.
3456 547 3588 613 235

513 770 699 838 2121.
1480 772 1697 854 1373,
1748 770 2065 834 Januarii
2110 771 2234 852 15,
2282 770 2648 834 Avenionis.

832 924 1161 990 Franconi
1194 924 1477 989 Gerardi
1505 924 1582 988 de
1619 922 1863 1009 Riswyc
1886 922 1940 1005 1)
1974 922 2377 1007 presbytero,
2420 925 2490 987 in
2521 921 2769 987 artibus
2798 923 3133 1008 mayistro,
3169 921 3590 1004 confirmatur

742 1031 1039 1096 medietas
1073 1030 1476 1116 parochialis
1520 1032 1809 1095 ecclesiae
1854 1029 1910 1093 b.
1958 1029 2216 1094 Mariae
2256 1029 2480 1094 Civilis
2523 1028 2736 1113 Traj.,
2786 1050 2978 1115 quam
3009 1029 3096 1093 ad
3123 1030 3591 1114 dispositionem

730 1138 1091 1223 praepositi
1158 1136 1340 1219 Traj.
1402 1144 1781 1223 spectantem
1842 1143 1902 1200 et
1950 1156 2076 1221 per
2139 1136 2375 1200 obitum
2445 1135 2781 1201 Giselberti
2836 1135 2914 1199 de
2957 1135 3225 1199 Minden
3269 1141 3591 1199 vacantem

740 1246 951 1329 viqore
994 1244 1436 1309 reservationis
1481 1244 1858 1329 apostolicae
1902 1245 2266 1328 acceptavit.

741 1428 1144 1493 Litterarum
1193 1427 1485 1493 seientia.
1512 1475 1527 1491 .
1561 1475 1576 1491 .
1608 1475 1624 1491 .
1672 1428 1827 1493 Dat.
1879 1427 2247 1508 Avinione,
2300 1425 2539 1492 XVIII
2586 1426 2696 1490 Kl.
2732 1426 3109 1508 Februarii,
3158 1445 3331 1489 anno
3364 1425 3584 1490 tertio.

931 1545 1059 1608 Ray.
1094 1545 1192 1594 Aa.
1237 1546 1291 1594 T.
1326 1542 1424 1607 19,
1453 1546 1514 1608 s.
1548 1542 1688 1594 16312.

671 1670 729 1736 1)
766 1669 936 1722 Codex
974 1671 1158 1722 habet:
1195 1672 1260 1721 de
1294 1671 1518 1737 Riswys.

522 2022 714 2092 2122.
1479 2026 1696 2109 1373,
1744 2026 2060 2091 Januarii
2103 2029 2230 2110 15,
2276 2027 2640 2092 Avenionis.

831 2178 1190 2264 (Arnoldo)
1251 2181 1535 2280 episcopo
1605 2179 1785 2264 Traj.
1848 2182 2227 2265 mandatur,
2290 2190 2365 2247 ut
2436 2182 2726 2247 Gerardo
2783 2180 3249 2266 Borchqrevinc
3293 2180 3589 2244 canonico

741 2283 1190 2368 Bommelensi,
1260 2288 1330 2349 in
1399 2287 1653 2351 ecclesia
1723 2286 1790 2351 S.
1856 2286 2262 2353 Sacramenti
2318 2289 2389 2353 in
2436 2288 2704 2352 Hasselt
2757 2287 2938 2368 Traj.
2986 2286 3173 2351 dioec.
3209 2292 3593 2371 perpetuum

742 2391 1101 2475 beneficium
1161 2392 1496 2476 obtinenti,
1564 2393 1640 2458 de
1684 2414 1840 2459 novo
1888 2394 2212 2477 confirmet
2259 2397 2469 2460 altare
2515 2394 2583 2458 S.
2633 2394 2977 2458 Laurentii
3018 2396 3153 2456 sine
3196 2413 3352 2456 cura
3397 2394 3591 2456 situm

744 2501 815 2563 in
860 2501 1115 2563 ecclesia
1162 2497 1229 2563 S.
1278 2498 1468 2564 Petri
1523 2498 1735 2583 Traj.,
1785 2503 1912 2585 ipsi
1961 2501 2284 2584 Gerardo,
2333 2523 2474 2566 cum
2503 2522 2629 2587 per
2668 2501 2901 2566 obitum
2941 2499 3263 2564 Thiderici
3292 2498 3593 2564 Pastoris

742 2605 988 2670 diutius
1030 2607 1180 2688 jam
1238 2613 1549 2688 vacasset,
1613 2627 1655 2670 a
1712 2606 2029 2691 quondam
2078 2607 2377 2674 Johanne
2428 2608 2535 2692 (de
2595 2605 3021 2690 Virneburch)
3066 2608 3346 2692 episcopo
3403 2604 3583 2687 Traj.

744 2711 1066 2776 collatum.

743 2895 1038 2983 Dignum
1084 2896 1494 2962 arbitramur.
1523 2945 1538 2961 .
1568 2946 1584 2962 .
1612 2945 1628 2961 .
1678 2897 1831 2962 Dat.
1882 2898 2244 2982 Avinione,
2300 2896 2540 2963 XVIII
2585 2896 2698 2961 Kl.
2740 2895 3111 2979 Februarii,
3159 2915 3331 2960 anno
3374 2895 3593 2960 tertie.

937 3013 1062 3077 περ.
1098 3015 1195 3063 Α..
1240 3016 1294 3064 T.
1328 3012 1416 3077 19,
1444 3016 1502 3080 s.
1537 3013 1675 3065 397v.

516 3366 708 3436 2123.
888 3365 891 3368 ’
1469 3372 1685 3454 1373,
1733 3369 2052 3436 Januarii
2096 3373 2223 3456 18,
2273 3373 2635 3437 Avenionis.

835 3520 1127 3604 officiali
1177 3521 1361 3606 Traj.
1411 3523 1781 3608 mandatur,
1829 3532 1904 3589 ut
1952 3525 2237 3590 Geraldo
2284 3526 2360 3590 de
2411 3526 2661 3591 Celario
2707 3526 2930 3590 clerico
2985 3522 3165 3608 Traj.
3213 3523 3404 3588 dioec.
3451 3542 3596 3587 con-

736 3626 912 3710 ferat
958 3629 1269 3714 capellam
1319 3628 1386 3695 S.
1435 3629 1758 3696 Johannis
1803 3631 2141 3717 Baptistae
2195 3631 2417 3717 Traj.,
2477 3654 2671 3718 quam
2715 3630 2992 3696 Jacobus
3036 3630 3112 3695 de
3157 3629 3583 3710 Scoembrenc,

743 3753 819 3797 eoe
862 3733 1267 3819 dispositione
1313 3736 1662 3820 apostolica
1708 3740 2147 3802 canonicatum
2193 3746 2254 3803 et
2287 3737 2720 3823 praebendam
2751 3736 3210 3801 Arnhemenses
3241 3741 3592 3815 assecutus,

742 3839 1056 3905 dimittere
1103 3848 1365 3906 tenetur.

742 4021 1034 4108 Dignum
1080 4024 1489 4090 arbitramur.
1520 4072 1536 4089 .
1565 4073 1581 4090 .
1611 4074 1626 4090 .
1676 4027 1830 4092 Dat.
1880 4026 2242 4109 Avinione,
2293 4024 2428 4091 XV
2449 4111 2452 4116 .
2473 4023 2584 4089 Kl.
2633 4023 3005 4105 Februarii,
3056 4042 3229 4086 anno
3279 4021 3495 4086 tertio.

940 4141 1063 4204 περ.
1098 4141 1196 4190 Aa.
1239 4143 1292 4191 T.
1326 4139 1416 4206 11,
1445 4143 1507 4207 s.
1540 4140 1658 4193 319.

519 4492 711 4562 2124.
1479 4498 1690 4580 1373,
1737 4496 2057 4562 Januarii
2099 4499 2217 4580 23,
2267 4497 2630 4562 Avenionis.

836 4646 1128 4730 Officiali
1204 4649 1385 4735 Traj.
1456 4651 1834 4733 mandatur,
1905 4658 1980 4716 ut
2046 4651 2339 4716 Johanni
2401 4651 2477 4715 de
2541 4651 2844 4716 Nuenaer
2905 4651 3133 4715 rectori
3193 4649 3471 4734 capellae
3515 4649 3586 4712 in

740 4753 1021 4840 Eyteren
1092 4754 1271 4841 Traj.
1333 4756 1526 4822 dioec.
1588 4758 1914 4841 confirmet
1976 4762 2450 4843 canonicatum,
2504 4759 2937 4844 praebendam
2981 4767 3041 4824 et
3087 4758 3589 4846 supplementum

744 4860 1028 4924 ecclesiae
1056 4860 1564 4945 Daventriensis,
1605 4884 1727 4948 pro
1776 4864 2003 4949 quibas
2035 4865 2186 4929 olim
2215 4886 2357 4929 cum
2394 4865 2684 4930 Gerardo
2715 4864 2879 4930 dicto
2927 4863 3120 4929 Witte
3139 4861 3579 4948 parochialem

747 4965 1065 5029 ecclesiam
1110 4966 1187 5029 de
1227 4965 1700 5033 Donckersvoer
1727 4970 1779 5052 ι)
1819 4973 2078 5054 putavit
2094 4971 2594 5056 permutandam
2625 4979 2685 5036 et
2716 4992 2879 5057 quae
2909 4970 3228 5057 quondam
3258 4968 3586 5035 Johannes

744 5070 852 5154 (de
910 5070 1340 5174 Virneburch)
1387 5075 1711 5160 episcopus
1765 5074 1979 5161 Traj.,
2044 5079 2393 5162 apostolica
2440 5078 2719 5143 obstante
2765 5080 3214 5158 reservatione,
3277 5079 3402 5161 ipsi
3445 5095 3589 5140 con·

747 5179 1004 5244 tulerat.

746 5361 1036 5449 Dignum
1085 5363 1495 5430 arbitramur.
1525 5413 1541 5430 .
1570 5414 1586 5431 .
1614 5413 1632 5433 .
1681 5367 1832 5432 Dat.
1882 5368 2250 5452 Avinione,
2300 5369 2368 5435 X
2417 5368 2527 5434 Kl.
2577 5367 2952 5449 Februarii,
3003 5387 3175 5431 anno
3221 5367 3437 5431 tertio.

940 5479 1066 5542 περ.
1103 5481 1202 5530 Α».
1246 5483 1300 5532 T.
1334 5480 1425 5544 19,
1452 5483 1515 5547 s.
1549 5480 1665 5533 117.

676 5603 734 5669 1)
771 5604 1194 5657 Donckersvoort
1228 5607 1286 5657 in
1327 5606 1613 5659 Brabantia
1647 5611 2068 5674 septentrionali.
