4450 6684
930 521 1061 584 224
2186 516 2589 582 Gnneonms
2633 516 2753 582 XI.

927 747 1249 831 perpetua
1297 742 1750 829 separacione,
1801 741 1854 803 si
1903 740 2124 823 fieret,
2171 748 2441 829 propter
2486 738 2865 825 hujusmodi
2910 741 3269 805 amicorum
3316 761 3583 806 suorum
3619 741 3993 827 potenciam

926 849 1137 914 multa
1202 846 1592 928 homicidia,
1664 844 1973 911 scandala
2042 852 2112 912 et
2179 868 2565 933 guerrarum
2628 848 2922 934 pericula
2983 847 3428 913 verisimiliter
3492 848 3647 912 oriri
3704 855 3995 935 possent.

929 955 1146 1031 Quare
1202 952 1480 1019 dilectus
1528 953 1702 1017 filius
1748 954 1987 1018 nobilis
2033 954 2133 1018 vir
2180 953 2471 1019 Jacobus
2520 953 2602 1019 de
2649 954 2985 1019 Borbonio
3033 955 3221 1019 miles
3268 975 3386 1041 pro
3435 960 3622 1039 parte
3669 955 3993 1021 dictorum

926 1063 1201 1128 Henrici
1248 1069 1315 1126 et
1362 1061 1684 1145 Helwigis
1731 1060 1920 1125 nobis
1967 1061 2306 1127 humiliter
2352 1061 2804 1148 supplicarunt
2849 1062 3027 1145 (sic),
3079 1067 3153 1127 ut
3200 1060 3545 1147 providere
3591 1062 3751 1147 ipsis
3799 1083 3992 1148 super

925 1171 1051 1234 hoc
1113 1167 1195 1233 de
1258 1172 1626 1255 opportune
1689 1165 2203 1251 dispensacionis
2265 1167 2486 1251 gracia
2545 1165 2627 1232 de
2677 1166 3091 1252 benignitate
3140 1166 3504 1252 apostolica
3552 1166 3987 1252 dignaremur.

932 1276 1105 1351 Quia
1174 1275 1374 1361 igitur
1439 1273 1520 1337 de
1584 1273 1916 1359 premissis
1965 1279 2210 1337 certam
2260 1273 2571 1338 noticiam
2619 1295 2754 1337 non
2800 1273 3159 1356 habemus,
3209 1273 3742 1339 consideracione
3791 1276 3993 1340 eciam

927 1383 1240 1448 carissimi
1286 1383 1354 1445 in
1403 1381 1665 1446 Christo
1713 1379 1830 1443 filii
1882 1380 2088 1443 nostri
2138 1380 2356 1445 Caroli
2390 1380 2561 1465 regis
2595 1381 2999 1445 Francorum
3030 1380 3303 1445 illustris
3329 1381 3384 1463 2)
3433 1381 3623 1445 nobis
3656 1382 3996 1448 humiliter

926 1489 1383 1578 supplicantis,
1433 1487 1828 1552 fraternitati
1878 1492 2022 1571 tue,
2071 1484 2152 1551 de
2204 1509 2335 1573 qua
2379 1487 2449 1553 in
2495 1488 2623 1551 hiis
2671 1494 2741 1553 et
2787 1488 2930 1552 aliis
2979 1488 3326 1574 specialem
3383 1488 3453 1552 in
3501 1488 3785 1555 Domino
3833 1489 3994 1553 fidu-

925 1598 1090 1662 ciam
1155 1596 1564 1676 obtinemus,
1631 1614 1747 1678 per
1811 1594 2172 1679 apostolica
2240 1593 2484 1680 scripta
2544 1595 3012 1658 committimus
3070 1599 3140 1660 et
3187 1594 3598 1676 mandamus,
3669 1601 3990 1682 quatenus

924 1704 1006 1769 de
1055 1701 1384 1789 premissis
1431 1700 1734 1764 omnibus
1782 1706 1851 1763 et
1899 1700 2172 1784 singulis
2221 1707 2290 1765 et
2336 1721 2564 1766 eorum
2610 1701 3123 1766 circumstanciis
3173 1702 3494 1765 universis
3543 1709 3611 1768 et
3642 1706 3984 1788 presertim

922 1811 1004 1876 de
1065 1807 1586 1895 impedimentis,
1645 1827 1773 1891 que
1822 1813 1976 1871 sunt
2023 1808 2197 1871 inter
2245 1807 2455 1871 dictos
2502 1807 2864 1872 Henricum
2913 1815 2982 1872 et
3032 1807 3405 1893 Helwigem
3459 1830 3588 1894 quo
3636 1809 3718 1874 ad
3768 1810 3991 1894 hujus·

922 1919 1100 1986 modi
1170 1917 1660 1982 matrimonium
1729 1921 1797 1979 et
1866 1914 1949 1979 de
2019 1917 2268 1997 causis,
2340 1924 2609 2002 propter
2671 1937 2832 2001 quas
2891 1915 3157 1980 insimul
3205 1914 3451 1981 dictum
3501 1918 3984 1982 matrimonium

924 2029 1428 2104 contraxerunt,
1478 2029 1546 2086 et
1592 2023 1799 2087 eciam
1848 2021 1929 2086 de
1975 2021 2375 2104 homicidiis,
2424 2021 2747 2087 scandalis
2796 2028 2864 2086 et
2911 2042 3295 2107 guerrarum
3343 2022 3679 2108 periculis,
3730 2044 3859 2110 que
3904 2045 3989 2090 ex

925 2132 1101 2197 dicta
1146 2130 1597 2217 sepa-racione,
1646 2129 1698 2190 si
1749 2127 1966 2210 fieret,
2010 2130 2277 2192 evenire
2317 2128 2759 2193 verisimiliter
2798 2128 3147 2211 timentur,
3190 2149 3450 2193 necnon
3492 2130 3697 2194 eciam
3739 2129 3823 2195 de
3867 2151 3996 2194 om·

920 2238 1116 2303 nibus
1163 2238 1337 2318 aliis,
1388 2256 1515 2321 que
1564 2236 1736 2299 circa
1781 2234 1903 2298 hoc
1950 2234 2195 2298 fuerint
2243 2233 2682 2316 attendenda,
2724 2233 3104 2319 diligentius
3140 2241 3205 2300 te
3238 2235 3549 2300 informes
3582 2242 3651 2301 et
3683 2237 3989 2323 quicquid

919 2366 1038 2432 per
1084 2343 1624 2408 informacionem
1671 2340 2049 2423 hujusmodi
2095 2341 2491 2426 reppereris,
2543 2341 2732 2405 nobis
2782 2363 2900 2426 per
2945 2347 3091 2406 tuas
3141 2347 3445 2428 patentes
3491 2343 3747 2407 litteras
3787 2364 3982 2407 manu

923 2451 1188 2539 publica
1234 2449 1564 2514 confectas
1611 2449 1842 2511 harum
1890 2446 2124 2511 seriem
2174 2447 2592 2512 continentes
2641 2447 3050 2533 quamtocius
3104 2448 3461 2513 rescribere
3510 2469 3643 2513 non
3693 2449 3988 2531 omittas,

925 2563 1001 2620 ut
1049 2563 1163 2621 tua
1212 2577 1409 2642 super
1455 2555 1583 2618 hiis
1629 2553 2099 2618 informacione
2147 2552 2490 2634 instructi,
2537 2553 2607 2616 in
2646 2554 2978 2638 premissis
3011 2554 3375 2618 consultius
3408 2575 3602 2639 agere
3634 2555 3984 2619 valeamus.

920 2662 1076 2728 Dat.
1125 2661 1300 2749 apud
1349 2660 1832 2725 villamnovam
1882 2659 2351 2724 Avinionensis
2402 2657 2706 2742 diocesis,
2755 2659 2861 2723 III
2907 2659 3018 2724 Kl.
3062 2659 3398 2742 Octobris,
3448 2681 3619 2725 anno
3669 2661 3974 2725 secundo.

1348 2797 1467 2859 naq.
1501 2797 1602 2845 Aa.
1646 2796 1700 2843 r.
1737 2793 1828 2851 15,
1854 2795 1917 2858 f.
1951 2792 2090 2843 4760.

1076 2941 1134 3006 1)
1170 2941 1358 3007 Legas:
1387 2940 1627 3003 Ameide,
1655 2939 1809 3002 cujus
1833 2939 2066 2990 nominis
2090 2945 2171 2990 est
2192 2940 2343 2990 vicus
2368 2940 2584 3004 quidam
2608 2954 2768 3004 prope
2792 2939 3141 2991 Gorcomium.
3295 2940 3352 3003 2)
3388 2939 3560 2990 Codex
3587 2940 3773 2992 habet:
3801 2941 4005 2992 nobili&

921 3439 1389 3508 2085—2086.
1772 3442 1981 3522 1372,
2034 3438 2318 3504 Octobris
2365 3441 2442 3521 2,
2490 3460 2595 3524 ap.
2659 3439 3149 3504 Villamnovam.

1233 3590 1372 3655 Pro
1432 3592 1772 3655 Azemario
1833 3590 1909 3653 de
1970 3590 2199 3674 Ruppe
2250 3592 2620 3674 praeposito
2683 3588 2750 3653 S.
2803 3589 3160 3654 Salvator-is
3218 3589 3399 3672 Traj.
3447 3590 3862 3675 infrascripti
3906 3589 3989 3654 ad

1148 3699 1487 3761 triennium
1534 3697 1929 3781 deputantur
1974 3703 2457 3760 conservatores.

1143 3881 1227 3947 A.
1321 3881 1705 3948 Venerabili
1753 3880 1937 3945 fratri
1985 3880 2293 3965 episcopo
2342 3878 2917 3965 carpentoratensi
2949 3884 3018 3943 et
3052 3877 3312 3944 dilectis
3344 3879 3493 3943 filiis
3527 3881 3787 3945 Aniane
3822 3881 3872 3963 ¹)
3921 3885 3989 3945 et

917 3988 1127 4053 sancti
1173 3987 1528 4053 Theofredi
1574 3986 2061 4072 Magalonensis
2110 3993 2177 4051 et
2226 3986 2597 4051 Aniciensis
2645 3985 3003 4050 diocesium
3043 3986 3594 4051 monasteriorum
3632 3987 3984 4051 abbatibus

918 4096 1198 4160 salutem
1245 4102 1356 4158 etc.

1142 4201 1220 4265 B.
1315 4199 1591 4264 Dilectis
1637 4200 1787 4263 filiis
1834 4200 2165 4285 preposito
2216 4198 2427 4263 sancti
2473 4197 2777 4282 Dyonisii
2813 4197 3203 4263 Leodiensis
3237 4204 3305 4262 et
3336 4197 3791 4263 archidiacono
3821 4198 3989 4263 Bru·

918 4307 1137 4392 gensis
1183 4307 1617 4371 Tornacensis
1665 4305 1942 4370 diocesis
1990 4327 2066 4370 ac
2114 4304 2369 4370 cantori
2415 4304 2608 4368 beate
2655 4303 2863 4368 Maris
2910 4303 3242 4390 Aquensis
3283 4303 3668 4370 Leodiensis
3708 4303 3984 4369 diocesis

919 4414 1341 4479 ecclesiarum
1389 4413 1668 4477 salutem
1716 4419 1826 4476 etc.

1142 4519 1454 4583 Militanti
1517 4518 1811 4582 ecclesie.
1840 4565 1856 4580 .
1889 4566 1903 4579 .
1931 4565 1946 4580 .
2024 4517 2175 4581 Dat.
2242 4515 2418 4602 apud
2482 4517 2963 4582 Villamnovam
3009 4516 3482 4582 Avinionensis
3530 4515 3842 4600 diocesis,
3897 4516 3994 4582 VI

917 4626 1089 4691 Non.
1139 4624 1482 4708 Octobris,
1532 4645 1705 4688 anno
1754 4622 2063 4688 secundo·

1340 4758 1467 4888 Εἷς.
1512 4760 1611 4807 Αυ.
1655 4758 1845 4806 scilicet
1879 4759 1921 4805 A
1966 4760 2097 4806 Tom.
2133 4757 2227 4819 12,
2265 4759 2324 4820 s.
2360 4756 2460 4807 636
2494 4762 2543 4806 st
2576 4759 2760 4808 iterum
2803 4760 2856 4808 Τ.
2891 4757 2984 4822 13,
3022 4759 3083 4822 s.
3119 4757 3243 4807 151⁹
3288 4757 3345 4821 1)
3381 4759 3473 4810 ubi
3509 4759 3729 4826 legitur:
3767 4760 4010 4822 Airiane3

1276 4840 1316 4887 B
1407 4876 1419 4888 .
1453 4839 1544 4901 13,
1571 4842 1630 4903 f.
1666 4840 1802 4889 15322.

925 5295 1119 5363 2087.
1765 5295 1980 5376 1372,
2035 5292 2319 5359 Octobris
2365 5296 2439 5375 2,
2487 5315 2593 5378 ap.
2658 5293 3148 5359 Villamnovam.

1238 5448 1559 5513 Admaro
1623 5446 1699 5510 de
1761 5446 1989 5531 Ruppe
2038 5448 2411 5532 praeposito
2472 5448 2762 5510 ecclesiae
2826 5446 2894 5511 S.
2946 5446 3305 5511 Salvatoris
3360 5446 3542 5529 Traj.
3591 5446 3991 5532 indulyetur,

1154 5553 1324 5639 quod
1381 5575 1509 5618 non
1572 5559 1857 5617 teneatur
1919 5552 2006 5616 ad
2052 5554 2461 5637 personalem
2522 5554 2592 5616 in
2646 5555 2781 5617 sais
2828 5551 3135 5635 beneficiis
3183 5553 3610 5617 residentiam.
3662 5590 3745 5600 —
3797 5551 3993 5636 th‘us

1142 5661 1473 5744 privileqii
1517 5659 1910 5742 deputantur
1955 5665 2438 5723 conservatores.
