4450 6684
1840 516 2155 583 Onsusns
2196 516 2318 581 VI.
3520 514 3606 578 35

544 734 732 803 1383.
1384 740 1598 821 1351,
1647 737 1880 801 Martii
1927 739 2044 820 22,
2095 758 2200 821 ap.
2265 736 2749 802 Villamnovam.

863 892 1174 978 Maqistro
1217 893 1555 958 Bernardo
1603 892 1932 976 Baralha,
1979 894 2284 983 scriptori
2328 899 2386 954 et
2428 892 2753 973 familiari
2797 893 3035 956 domini
3083 893 3343 976 Papae,
3393 894 3599 975 confe-

767 1005 1004 1062 runtur
1073 1001 1478 1064 canonicatus
1548 1006 1606 1062 et
1663 998 2029 1082 praebenda
2101 1000 2168 1061 in
2228 999 2482 1062 ecclesia
2544 998 2597 1061 b.
2666 997 2919 1062 Mariae
2980 1000 3307 1082 inferioris
3378 999 3560 1083 Traj.
3585 1049 3601 1082 ,

765 1113 1052 1169 vacantes
1090 1127 1211 1190 per
1255 1105 1490 1170 obitum
1536 1105 1842 1189 Rityardi
1885 1105 1961 1169 de
2007 1104 2305 1169 Embrica
2352 1110 2414 1168 et
2456 1104 2557 1168 die
2602 1107 2690 1168 26
2730 1106 2986 1189 Aprilis
3033 1126 3138 1168 au.
3186 1107 3363 1169 1349
3404 1107 3600 1171 dona-

759 1212 914 1274 tioni
956 1211 1120 1275 sedis
1167 1213 1547 1296 apostolicae
1591 1219 1942 1276 reservatae
1964 1260 1980 1293 ,
2032 1232 2308 1296 quarum
2354 1211 2607 1293 fructus
2654 1213 2744 1274 40
2790 1211 3100 1275 librarum
3141 1211 3602 1277 Turonensium

759 1335 1106 1400 parvorum
1151 1318 1426 1381 valorem
1475 1338 1760 1381 aunuum
1807 1338 1931 1380 non
1976 1317 2301 1380 excedunt.
2356 1355 2438 1364 —
2487 1316 2901 1400 Deputantur
2948 1324 3320 1381 eaeecutoreS.

764 1499 968 1564 Grata
997 1506 1131 1564 tue.
1155 1547 1170 1563 .
1192 1549 1207 1563 .
1228 1548 1242 1564 .
1293 1501 1446 1565 Dat.
1479 1500 1653 1587 apud
1685 1501 2167 1567 villamnovam
2199 1500 2666 1566 Avinionensis
2697 1499 3005 1584 diocesis,
3039 1501 3140 1565 XI
3171 1501 3281 1566 Kl.
3309 1501 3586 1588 Aprilis,

545 1625 718 1671 anno
765 1626 959 1670 nono.

963 1740 1083 1803 1209.
1122 1743 1217 1791 Αυ.
1262 1743 1313 1791 T.
1351 1740 1443 1804 59,
1468 1744 1526 1806 s.
1564 1741 1676 1792 443.

541 2213 734 2283 1384.
1387 2216 1601 2295 1351,
1651 2215 1886 2279 Martii
1929 2217 2052 2297 23,
2101 2237 2207 2299 ap.
2273 2214 2761 2279 Villamnovam.

853 2370 1180 2435 ‚Iohannes
1231 2368 1439 2435 Oloud
1486 2370 1929 2433 baccalaureus
1975 2371 2043 2432 in
2091 2368 2381 2452 decretis,
2429 2369 2715 2432 sacerdos
2761 2377 2819 2432 et
2852 2370 3188 2433 monachus
3222 2373 3592 2436 monasterii

765 2477 1263 2562 Eqmundensis,
1323 2477 1516 2540 eidem
1578 2478 1953 2539 monasterio
2004 2474 2391 2558 praeficitur
2454 2478 2518 2538 in
2581 2475 2878 2538 abbatem.
2932 2513 3013 2524 —
3068 2475 3266 2557 Cujus
3312 2479 3598 2542 uomina-

764 2586 948 2648 tiom's
994 2591 1326 2649 conventus
1372 2591 1432 2647 et
1475 2584 1742 2647 vassalli
1786 2581 2145 2644 redduntur
2192 2583 2505 2645 certiores.

771 2766 1030 2832 Dilecto
1105 2766 1241 2830 filio
1316 2766 1605 2831 Johanni
1682 2764 1896 2829 Oloud
1978 2765 2201 2829 abbati
2281 2765 2657 2829 monasterii
2735 2764 3218 2850 Egmundensis
3297 2768 3595 2836 Romane

544 2875 816 2939 ecclesie
884 2872 1262 2938 immediate
1332 2873 1648 2957 subjecti,
1721 2871 1967 2936 ordinis
2036 2873 2246 2936 sancti
2317 2872 2700 2954 Benedicti,
2772 2873 3214 2957 Trajectensis
3284 2874 3593 2961 diocesis,

538 2982 813 3048 salutem
859 2989 968 3046 etc.

760 3088 1043 3153 Attenta
1103 3086 1539 3153 meditacione
1601 3090 1953 3171 pensantes
2017 3084 2364 3170 dispendia
2411 3090 2479 3150 et
2523 3086 2972 3170 incommoda,
3037 3110 3164 3174 que
3212 3089 3590 3176 frequenter

537 3197 877 3261 incurrunt
947 3216 1033 3260 ex
1101 3194 1451 3260 vacacione
1522 3191 1778 3255 diutina
1844 3192 2243 3256 monasteria
2312 3192 2824 3276 gubernatorum
2889 3193 3174 3280 presidio
3238 3195 3595 3282 destituta,

537 3300 867 3366 reddimur
935 3306 1157 3366 mente
1226 3298 1458 3383 vigiles
1529 3302 1596 3362 et
1644 3297 1953 3377 solertes,
2003 3302 2077 3360 ut
2125 3298 2524 3362 monasteria
2568 3298 2713 3382 ipsa
2760 3303 2828 3362 et
2874 3298 2988 3364 illa
3033 3303 3413 3386 presertim,
3464 3325 3593 3390 que

535 3411 834 3476 Romane
879 3409 1152 3475 ecclesie
1199 3406 1381 3472 nullo
1428 3404 1645 3471 medio
1694 3411 1848 3468 sunt
1894 3404 2192 3489 subjecta
2215 3453 2232 3485 ,
2282 3405 2365 3468 ab
2412 3404 2787 3489 hujusmodi
2828 3404 3188 3492 dispendiis
3231 3416 3299 3473 et
3340 3411 3587 3476 incom-

532 3517 743 3582 modis
803 3522 1300 3603 preserventur,
1368 3534 1444 3579 ac
1507 3511 1853 3596 vigilancie
1901 3517 2123 3576 nostre
2177 3510 2397 3575 studio
2448 3510 2530 3575 de
2578 3513 2808 3576 celeris
2857 3519 2924 3578 et
2972 3515 3152 3579 utilis
3200 3518 3591 3602 provisionis

539 3624 828 3691 remedio
890 3628 1303 3689 succurratur
1367 3619 1633 3685 eisdem.
1725 3618 1955 3704 Nuper
2020 3616 2344 3703 siquidem
2403 3619 2799 3683 monasterio
2847 3619 3300 3706 Egmundensi
3347 3626 3601 3710 prefate

529 3732 831 3797 Romane
871 3729 1144 3795 ecclesie
1175 3725 1554 3792 immediate
1589 3725 1887 3809 subjecto
1922 3722 2168 3787 ordinis
2211 3723 2421 3787 sancti
2452 3723 2798 3788 Benedicti
2831 3727 3274 3810 Trajectensis
3306 3727 3587 3797 diocesis

529 3859 618 3905 ex
665 3858 745 3902 eo
790 3841 1098 3917 vacante,
1147 3833 1321 3921 quod
1374 3831 1654 3898 dilectus
1694 3831 1867 3894 filius
1901 3829 2287 3894 Willermus
2320 3829 2403 3894 de
2436 3829 2723 3895 Rolland
2759 3833 3145 3915 monachus,
3196 3842 3354 3902 tunc
3386 3839 3596 3904 abbas

531 3944 830 4031 ejusdem
873 3941 1293 4024 monasterii,
1342 3938 1643 4024 regimini
1690 3936 1849 4001 dicti
1898 3936 2314 4018 monasterii,
2364 3937 2469 4001 cui
2516 3943 2673 4001 tunc
2721 3944 3014 4024 preerat,
3061 3962 3180 4026 per
3224 3943 3595 4029 legitimum

528 4057 1016 4139 procuratorem
1065 4069 1255 4114 suum
1301 4047 1384 4113 ad
1429 4047 1554 4110 hoc
1603 4045 1685 4109 ab
1736 4064 1814 4108 eo
1862 4043 2196 4107 sufficiens
2245 4049 2315 4108 et
2362 4045 2643 4130 speciale
2690 4046 3072 4112 mandatum
3108 4048 3465 4118 habentem
3502 4077 3587 4122 ex

526 4159 725 4224 certis
771 4159 982 4223 causis
1028 4155 1201 4242 apud
1250 4152 1472 4218 sedem
1520 4150 1943 4237 apostolicam
1990 4155 2233 4235 sponte
2282 4151 2479 4214 cessit
2525 4152 2593 4214 in
2636 4153 2937 4217 manibus
2971 4152 3195 4219 dilecti
3225 4156 3344 4222 filii
3375 4162 3585 4226 nostri

523 4267 710 4332 Petri
758 4266 1001 4331 Sancte
1047 4264 1254 4328 Marie
1299 4261 1487 4326 Nove
1536 4256 1794 4322 diaconi
1842 4254 2191 4321 cardinalis
2215 4304 2232 4337 ,
2282 4254 2365 4320 de
2413 4257 2722 4324 mandato
2767 4266 2990 4326 nostro
3023 4260 3196 4327 facto
3232 4264 3356 4328 sibi
3388 4287 3589 4353 super

523 4372 650 4436 hoc
711 4373 860 4437 vive
920 4372 1099 4436 vocis
1162 4368 1423 4435 oraculo
1486 4363 1659 4451 apud
1723 4361 1966 4427 dictam
2017 4360 2242 4426 sedem
2295 4361 2657 4427 cessionem
2702 4363 3081 4449 hujusmodi
3128 4368 3572 4454 admittentis,

520 4498 644 4542 nos
704 4479 1005 4544 volentes
1068 4475 1283 4541 eidem
1344 4470 1776 4551 monasterio,
1837 4489 1921 4533 ne
1969 4468 2230 4554 prolixe
2277 4467 2643 4533 vacacionis
2691 4471 3061 4554 subjaceret
3108 4474 3576 4562 incommodis,

519 4593 800 4672 paterna
868 4584 1283 4654 solicitudine
1355 4597 1705 4672 precavere
1726 4626 1742 4659 ,
1815 4596 1965 4640 cum
2037 4574 2258 4637 nullus
2328 4579 2550 4659 preter
2619 4595 2739 4640 nos
2802 4575 2885 4643 de
2944 4580 3319 4664 provisione
3383 4584 3588 4672 ipsius

521 4698 907 4763 monasterii
954 4720 1025 4764 se
1069 4698 1192 4764 hac
1239 4695 1383 4760 vice
1428 4686 1867 4754 intromittere
1916 4681 2159 4768 possit,
2206 4701 2325 4766 pro
2374 4702 2451 4746 eo
2491 4681 2666 4766 quod
2708 4703 2828 4749 nos
2870 4683 2985 4749 diu
3027 4693 3182 4753 ante
3222 4690 3583 4757 cessionem

517 4802 900 4890 hujusmodi
957 4802 1361 4891 provisiones
1422 4794 1712 4861 omnium
1756 4787 2307 4853 monasteriorum
2355 4792 2513 4852 tunc
2560 4787 2737 4874 apud
2785 4789 3026 4855 dictam
3077 4793 3302 4860 sedem
3349 4818 3593 4863 vacan-

516 4911 688 4974 tium
735 4917 805 4976 et
849 4915 1311 4976 vacaturorum
1355 4907 1783 4989 imposterum
1830 4880 2004 4981 apud
2051 4915 2195 4959 eam
2243 4892 2661 4979 disposicioni
2699 4901 2921 4961 nostre
2968 4899 3339 4983 specialiter
3379 4923 3587 4969 reser-

511 5025 783 5101 vantes,
832 5015 1241 5082 decrevimus
1289 5017 1533 5078 extunc
1580 5007 1838 5071 irritum
1886 5008 1955 5068 et
2004 5002 2239 5083 inane,
2289 5002 2344 5065 si
2392 5020 2578 5065 secus
2618 5022 2813 5087 super
2845 5003 2971 5067 hiis
3001 5025 3120 5089 per
3154 5027 3587 5096 quoscunque

511 5125 749 5210 quavis
796 5123 1187 5189 auctoritate
1235 5120 1516 5184 scienter
1562 5114 1669 5180 vel
1714 5113 2095 5197 ignoranter
2154 5108 2567 5194 contingeret
2605 5111 3017 5196 attemptari,
3065 5119 3217 5199 post
3257 5114 3585 5183 delibera·

515 5230 816 5312 cionem,
878 5249 1075 5316 quam
1133 5247 1329 5312 super
1389 5222 1515 5287 hoc
1576 5239 1726 5284 cum
1787 5216 2101 5281 fratribus
2148 5214 2392 5278 nostris
2439 5215 2785 5282 habuimus
2839 5217 3221 5304 diligentem
3246 5270 3264 5304 ,
3312 5221 3575 5289 demum

511 5334 600 5403 ad
663 5343 733 5403 te
793 5334 1216 5401 bacallarium
1258 5331 1328 5395 in
1374 5326 1656 5393 decretis
1678 5372 1696 5406 ‚
1742 5322 2038 5388 ordinem
2092 5321 2313 5407 ipsum
2363 5342 2670 5408 expresse
2717 5325 3082 5412 professum
3131 5332 3201 5391 et
3245 5328 3314 5391 in
3361 5351 3577 5395 sacer-

509 5443 704 5509 docio
768 5442 1240 5522 constitutum,
1303 5435 1409 5501 cui
1456 5433 1538 5499 de
1585 5430 1918 5516 religionis
1969 5428 2107 5492 zelo
2135 5476 2151 5509 ,
2201 5427 2338 5493 vite
2384 5429 2750 5513 mundicia,
2799 5419 3146 5499 honestate
3194 5455 3445 5500 morum
3492 5458 3566 5502 ac

512 5551 664 5616 aliis
729 5549 1048 5613 virtutum
1112 5543 1362 5611 meritis
1426 5539 1601 5629 apud
1649 5557 1769 5602 nos
1814 5532 2152 5617 fidedigna
2202 5533 2579 5599 testimonia
2625 5536 3087 5622 perhibentur,
3133 5541 3587 5607 convertimus.

507 5656 743 5723 oculos
790 5655 1014 5717 nostre
1060 5650 1330 5732 mentis,
1382 5645 1626 5733 quibus
1674 5641 1975 5709 omnibus
2022 5644 2281 5706 attenta
2326 5639 2759 5707 meditacione
2799 5646 3120 5730 pensatis,
3170 5645 3254 5712 de
3291 5668 3593 5733 persona.
