4450 6684
1811 589 2268 655 Innocnn'rms
2319 589 2433 652 VI.
3579 592 3662 654 79

590 817 784 900 ravit,
833 815 1196 904 predictam
1244 815 1757 902 appellationem
1804 835 1922 900 pro
1970 818 2159 899 parte
2208 812 2367 877 dicti
2400 812 2739 879 Lamberti
2773 834 2813 877 a
2844 811 3100 898 prefata
3130 813 3466 878 sententia
3498 813 3662 877 diffi-

592 923 801 989 nitiva
860 944 981 1010 per
1042 921 1293 988 dictum
1357 921 1700 987 officialem
1764 941 1881 1007 pro
1942 920 2119 985 dicto
2168 919 2418 986 Ottone
2467 920 2602 985 lata
2647 920 3105 1007 interpositam
3152 919 3354 985 fuisse
3403 927 3472 986 et
3518 942 3662 987 esse

591 1032 917 1097 desertam
978 1030 1320 1116 ipsamque
1384 1029 1783 1094 sententiam
1852 1027 2231 1093 transivisse
2299 1028 2369 1091 in
2433 1048 2570 1092 rem
2621 1027 2989 1113 judicatam
3037 1033 3106 1092 et
3153 1026 3393 1094 debere
3442 1029 3664 1094 sortiri

590 1138 893 1205 effectum
960 1142 1028 1203 et
1091 1137 1470 1202 executioni
1533 1135 1757 1201 debite
1820 1134 2239 1218 demandari,
2303 1134 2796 1221 condempnans
2858 1134 3128 1221 insuper
3175 1134 3424 1199 dictum
3471 1135 3665 1199 Lam-

589 1243 851 1309 bertum
898 1245 968 1309 in
1017 1243 1329 1331 expensis
1375 1263 1494 1330 per
1540 1241 1790 1307 dictum
1838 1241 2155 1308 Ottonem
2201 1262 2421 1305 coram
2469 1262 2547 1306 eo
2596 1242 2666 1307 in
2714 1241 2837 1306 hac
2878 1262 3077 1306 causa
3107 1241 3402 1326 legitime
3436 1240 3656 1322 factis,

589 1349 946 1418 earundem
994 1371 1436 1438 expensarum
1484 1350 1826 1415 taxatione
1871 1349 1998 1414 sibi
2029 1349 2455 1436 imposterum
2489 1354 2856 1432 reservata,
2908 1354 2977 1413 et
3009 1349 3491 1435 subsequenter
3522 1370 3665 1437 pre-

587 1458 759 1523 fatus
799 1457 1062 1524 auditor
1097 1456 1181 1523 ad
1213 1458 1599 1523 instantiam
1632 1457 1791 1522 dicti
1824 1456 2266 1544 procuratoris
2299 1477 2517 1521 coram
2551 1477 2629 1521 eo
2661 1457 2733 1521 in
2759 1455 3012 1542 judicio
3046 1457 3485 1543 comparentis
3518 1478 3664 1544 pre·

588 1563 836 1630 dictum
883 1565 1316 1630 Lambertum
1367 1564 1450 1631 ad
1496 1562 1855 1630 videndum
1907 1563 2122 1628 taxari
2172 1583 2498 1650 expensas
2545 1561 2921 1647 hujusmodi
2959 1563 3029 1628 in
3064 1563 3294 1630 eadem
3330 1563 3667 1630 audientia

592 1671 777 1735 citari
826 1670 985 1736 fecit
1026 1669 1110 1737 ad
1156 1677 1407 1736 certum
1440 1670 1952 1757 peremptorium
1988 1669 2342 1734 terminum
2375 1676 2893 1757 competentem,
2943 1670 3013 1734 in
3046 1691 3175 1757 quo
3208 1669 3384 1735 dicto
3418 1670 3666 1736 Ottone

590 1797 809 1841 coram
856 1776 1090 1843 eodem
1139 1778 1439 1844 auditore
1486 1779 1555 1842 in
1595 1776 1848 1865 judicio
1891 1783 2314 1864 comparente
2348 1782 2416 1841 et
2447 1777 2652 1864 ipsius
2686 1777 3027 1842 Lamberti
3061 1798 3192 1842 non
3229 1778 3667 1864 comparentis

589 1885 1063 1949 contumatiam
1129 1892 1480 1950 accusante
1546 1891 1615 1950 et
1675 1886 1745 1949 in
1808 1886 1953 1969 ejus
2018 1885 2427 1949 contumatia
2488 1905 2815 1970 expensas
2874 1885 3048 1969 ipsas
3104 1885 3318 1948 taxari
3363 1890 3662 1970 petente,

588 1991 951 2078 prelibatus
999 1991 1266 2058 auditor
1311 2000 1626 2080 reputans
1674 1992 1960 2058 eundem
2008 1992 2437 2057 Lambertum
2480 2013 2611 2078 quo
2645 1991 2728 2056 ad
2762 1997 2979 2056 aetum
3012 1991 3416 2076 hujusmodi,
3466 2001 3660 2077 prout

595 2104 771 2181 erat,
819 2099 1055 2165 merito
1106 2104 1589 2182 contumacem,
1638 2100 1708 2164 in
1755 2100 1901 2185 ejus
1932 2099 2403 2164 contumatiam
2437 2119 2764 2185 expensas
2793 2100 2968 2185 ipsas
2999 2099 3070 2163 in
3102 2099 3336 2185 viginti
3368 2102 3657 2187 quinque

600 2205 881 2271 florenos
940 2206 1083 2271 auri
1130 2205 1405 2292 provida
1450 2206 1900 2272 moderatione
1948 2205 2238 2287 taxavit,
2296 2204 2454 2270 dicti
2500 2205 2764 2271 Ottonis
2813 2226 3008 2292 super
3053 2205 3299 2272 eisdem
3346 2208 3653 2295 expensis

581 2312 961 2397 juramento
1021 2318 1287 2395 secuto,
1337 2319 1531 2398 prout
1578 2313 1649 2376 in
1695 2312 2151 2377 instrumentis
2199 2312 2479 2398 publicis
2525 2311 2681 2379 inde
2730 2313 3079 2396 confectis,
3130 2314 3287 2379 dicti
3335 2317 3649 2381 auditoris

591 2417 803 2504 sigillo
866 2420 1175 2502 munitis,
1241 2419 1481 2485 dicitur
1525 2420 1784 2506 plenius
1831 2420 2177 2484 contineri.
2271 2419 2409 2484 Nos
2456 2420 2717 2506 itaque,
2766 2420 2973 2506 ipsius
3022 2419 3285 2486 Ottonis
3332 2423 3653 2510 supplica-

602 2527 893 2593 tionibus
938 2528 1272 2612 inclinati,
1320 2549 1450 2616 que
1496 2549 1695 2615 super
1739 2529 1866 2593 hiis
1912 2529 1996 2594 ab
2044 2528 2278 2593 eodem
2325 2528 2625 2593 auditore
2672 2528 2944 2616 provide
2975 2528 3150 2593 facta
3180 2535 3369 2612 sunt,
3416 2535 3561 2595 rata
3591 2539 3659 2596 et

594 2640 784 2718 grata
844 2634 1209 2719 habentes,
1276 2635 1654 2700 discretioni
1719 2642 1935 2702 vestre
1998 2656 2117 2723 per
2178 2636 2538 2723 apostolica
2600 2637 2842 2722 scripta
2887 2634 3307 2719 mandamus,
3357 2638 3665 2724 quatinus

596 2760 716 2804 vos
762 2741 873 2806 vel
921 2740 1052 2805 duo
1101 2748 1217 2806 aut
1265 2762 1436 2806 unus
1482 2748 1774 2807 vestrum
1820 2763 1939 2828 per
1984 2764 2101 2807 vos
2147 2743 2256 2808 vel
2303 2743 2502 2807 alium
2550 2763 2668 2809 seu
2716 2742 2878 2807 alios
2924 2742 3241 2830 premissa
3288 2745 3666 2809 executioni

598 2846 824 2914 debite
891 2847 1367 2916 demandantes
1430 2849 1672 2915 dictam
1734 2850 2336 2932 interlocutoriam,
2385 2849 2499 2914 ubi
2548 2855 2617 2914 et
2663 2849 2927 2936 quando
2977 2848 3288 2935 expedire
3335 2849 3664 2934 videritis,

605 2954 999 3020 auctoritate
1046 2963 1274 3020 nostra
1329 2956 1354 3038 ΙΙ
1411 2956 1771 3021 solenniter
1816 2955 2154 3042 publicare
2201 2956 2480 3038 curetis,
2529 2956 2843 3020 facientes
2891 2951 3106 3020 eidem
3147 2955 3378 3020 Ottoni
3411 2956 3491 3021 de
3524 2977 3670 3043 pre-

606 3059 783 3126 dicta
850 3061 1249 3126 florenorum
1319 3083 1574 3127 summa
1643 3084 1759 3148 pro
1823 3061 2016 3127 dictis
2078 3062 2388 3149 expensis
2440 3062 2643 3146 juxta
2703 3060 2861 3125 dicti
2907 3060 3324 3127 instrumenti
3373 3061 3670 3146 ejusdem

609 3167 1221 3254 condempnationis
1271 3174 1571 3235 tenorem
1615 3171 1879 3256 plenam
1927 3176 1995 3234 et
2045 3168 2337 3234 debitam
2384 3168 2898 3233 satisfactionem
2937 3167 3258 3255 impendi,
3307 3168 3671 3233 contradic-

610 3280 784 3339 tores
835 3294 955 3361 per
1002 3295 1346 3340 censuram
1393 3276 1939 3359 ecclesiasticam,
1988 3274 2469 3363 appellllatione
2515 3275 2910 3362 postposita,
2959 3274 3456 3362 compescendo.
3513 3275 3667 3341 Dat.

596 3379 969 3464 Avinione,
1019 3381 1089 3445 II
1136 3380 1235 3445 Id.
1284 3382 1564 3469 Aprilis,
1612 3382 2035 3470 pontificatus
2083 3382 2292 3446 nostri
2338 3402 2512 3447 anno
2561 3388 2815 3469 quarto.

1026 3517 1421 3580 Aulcyraplwm
1464 3517 1520 3566 in
1566 3518 1770 3567 archivo
1807 3533 1955 3582 prov.
2002 3518 2196 3582 Ultraj.
2243 3520 2305 3566 Ο.
2338 3516 2465 3581 345,
2508 3533 2618 3566 cam
2649 3517 2821 3581 sigillo
2845 3517 3078 3581 plumbeo
3109 3518 3365 3567 chordulis
3396 3517 3691 3568 cannabinis

957 3653 1396 3717 appen3051atere
1422 3653 1633 3703 sinistro
1660 3653 1988 3718 subscriptum
2019 3657 2120 3703 est.-
2154 3706 2215 3757 Jo
2268 3641 2595 3757 dessmcti?
2648 3669 2799 3719 super
2839 3654 2981 3718 plica
3014 3654 3262 3719 inferiori
3294 3654 3366 3703 ad
3397 3655 3561 3706 dext„-
3597 3654 3690 3705 Ste

949 3787 1176 3850 Ginner;
1215 3806 1248 3837 a
1283 3793 1455 3852 tayo.-
1493 3789 1757 3841 Hem-icus
1792 3791 1857 3840 de
1892 3790 2152 3840 Embrica.

749 3931 806 3997 1)
838 3931 1025 3983 Litura
1061 3933 1224 3983 unius
1260 3933 1426 3984 verbi.

1845 4150 1958 4157 ’.ο
1995 4150 2371 4157 0——

600 4356 1050 4426 1556—1557.
1594 4360 1806 4443 1356,
1854 4361 2114 4445 Aprilis
2158 4363 2276 4443 29,
2325 4362 2691 4425 Avenionis.

920 4518 1006 4582 A.
1082 4517 1424 4582 Guerardo
1469 4524 1621 4581 nato
1668 4516 1968 4601 Huyonis
2013 4517 2089 4580 de
2133 4518 2474 4581 Alcmaria
2519 4518 2940 4600 conferuntur
2974 4519 3377 4603 parochialis
3423 4521 3675 4585 ecclesia

833 4625 909 4688 de
957 4625 1183 4689 Petten
1234 4632 1294 4688 et
1339 4625 1701 4709 capellania
1747 4625 2028 4709 capellae
2073 4626 2143 4688 in
2189 4623 2758 4710 Aelbrechsberyhe
2805 4624 2987 4707 Traj.
3029 4626 3250 4709 dioec,
3286 4648 3415 4711 pro
3453 4627 3679 4713 quibus

823 4753 951 4817 per
1012 4730 1420 4795 Wilhelmum
1484 4731 1563 4795 de
1622 4731 1845 4795 Zande
1905 4740 2202 4796 rectorem
2239 4730 2644 4817 parochialis
2688 4733 2975 4797 ecclesiae
3018 4733 3095 4796 de
3144 4732 3449 4818 Campen,
3495 4754 3681 4798 suum

832 4840 901 4902 in
961 4837 1079 4903 hac
1112 4845 1309 4923 parte
1344 4845 1829 4925 procuratorem
1848 4887 1864 4920 ,
1920 4860 2056 4903 cum
2106 4838 2597 4902 Bartholomaeo
2644 4837 2720 4901 de
2767 4838 2981 4903 Strien
3017 4839 3454 4924 parochialem
3499 4842 3680 4905 eccle-

829 4947 990 5008 siam
1038 4944 1114 5008 de
1160 4944 1572 5030 Bodeyraven
1606 4948 1869 5031 putavit
1904 4945 2421 5031 permutandam.
2477 4980 2559 4990 —
2607 4944 3025 5029 Deputantur
3072 4954 3457 5029 executores,
3513 4950 3680 5011 inter

833 5070 989 5136 quos
1044 5050 1463 5116 Theodericus
1509 5051 1586 5115 de
1630 5052 1898 5135 Jutfaes
1943 5055 2281 5116 canonicus
2336 5051 2518 5135 Traj.

915 5157 993 5223 Β.
1068 5157 1552 5225 Bartholomaeo
1614 5160 1691 5224 de
1748 5161 1963 5224 Strien
2021 5166 2347 5245 tamquam
2392 5161 2626 5224 rectori
2669 5160 3001 5242 confertur
3048 5161 3303 5225 ecclesia
3349 5159 3425 5223 de
3471 5159 3677 5225 Bode-

824 5285 1064 5349 9raven
1120 5265 1303 5348 Traj.
1352 5267 1541 5332 dioec.

831 5451 1215 5540 Apostolice
1264 5453 1456 5520 sedis.
1489 5502 1504 5518 .
1535 5502 1549 5517 .
1578 5500 1594 5516 .
1643 5454 1798 5518 Dat.
1846 5452 2217 5535 Avinione,
2267 5452 2372 5517 111
2420 5453 2530 5519 Kl.
2582 5452 2778 5538 Maji,
2827 5474 2999 5518 anno
3049 5464 3302 5538 quarto.

1033 5588 1157 5652 Rea.
1192 5593 1288 5638 Aa.
1335 5592 1389 5639 T.
1424 5590 1515 5651 12,
1541 5591 1601 5653 f.
1637 5588 1754 5639 135.
