4450 6684
1802 514 2134 580 Usamus
2186 512 2272 577 V.
3455 510 3580 573 159

731 739 833 805 Ne
900 745 1357 805 contractuum
1422 737 1757 802 memoria.
1879 782 1894 799 .
1966 736 2119 801 Dat.
2184 735 2549 818 Avinione,
2613 735 2681 800 X
2742 733 2853 799 Kl.
2919 733 3337 814 Decembris,
3404 752 3577 797 anno

508 849 762 934 quinto.

930 953 1053 1016 Rey.
1090 953 1189 1000 Αυ.
1236 953 1290 1001 Τ.
1326 949 1419 1013 16,
1445 951 1506 1014 s.
1541 949 1681 998 528&

511 1472 696 1540 1837.
1217 1473 1399 1536 1367
1413 1521 1429 1554 ,
1483 1470 1804 1534 Januarii
1848 1471 1936 1533 23
1956 1517 1972 1550 ,
2020 1489 2126 1553 ap.
2174 1467 2888 1552 Montempessulanum.

833 1624 1273 1709 Infra-scripto
1320 1623 1701 1705 mandatur,
1761 1628 1835 1685 ut
1878 1624 2219 1685 summarie
2265 1623 2556 1705 inquirat
2602 1626 2661 1683 et
2705 1618 3028 1683 dominum
3077 1617 3334 1702 Papam
3380 1615 3587 1696 infor-

739 1739 888 1813 met,
937 1752 1024 1796 an
1069 1732 1427 1796 consultum
1471 1730 1671 1811 foret,
1709 1750 1837 1813 pro
1884 1735 2055 1792 certa
2092 1730 2396 1812 pensione
2440 1747 2659 1790 annua
2708 1726 2913 1789 locare
2955 1745 3065 1788 sen
3102 1728 3171 1788 in
3204 1730 3580 1808 perpetuam

738 1838 1171 1923 emphyteusin
1217 1837 1379 1901 dare
1426 1837 1737 1921 quasdam
1789 1842 1995 1899 terras
2040 1834 2129 1898 ad
2176 1835 2644 1919 aqrieulturam
2692 1839 2950 1916 aptatas
2995 1833 3065 1895 in
3105 1852 3348 1895 nemore
3379 1828 3583 1892 Mast-

743 1945 918 2010 broec
963 1953 1022 2009 et
1069 1944 1157 2008 ad
1203 1964 1478 2008 mensam
1524 1944 1935 2028 episcopalem
1994 1941 2175 2024 Traj.
2214 1943 2625 2025 pertinentes.

741 2128 1000 2194 Dilecto
1046 2128 1184 2194 filio
1216 2128 1417 2193 Petro
1458 2127 1540 2192 de
1572 2126 1789 2191 Velda
1829 2127 2160 2213 preposito
2194 2123 2470 2190 ecclesie
2505 2124 2712 2187 sancti
2746 2123 2790 2188 J
2794 2124 3069 2187 ohannis
3100 2123 3569 2209 Trajectensis,

521 2234 930 2300 decretorum
980 2235 1266 2317 doctori,
1317 2235 1618 2300 salutem.

746 2342 992 2406 Petitio
1058 2362 1175 2428 pro
1231 2347 1420 2427 parte
1466 2339 1862 2405 venerabilis
1911 2339 2126 2403 fratris
2175 2338 2384 2403 nostri
2430 2336 2753 2402 Johannis
2803 2338 3090 2425 episcopi
3138 2338 3579 2422 'I'rajectensis

522 2447 714 2511 nobis
763 2467 973 2532 nuper
1020 2446 1319 2510 exhibita
1367 2445 1781 2524 continebat,
1832 2444 2008 2530 quod
2056 2465 2202 2508 cum
2236 2442 2566 2530 quoddam
2600 2463 2830 2507 nemus
2863 2443 3195 2508 Mastbroc
3225 2444 3585 2528 vulgariter

530 2559 982 2640 nuncupatum
1030 2553 1472 2636 TraJectensis
1520 2552 1800 2616 diocesis
1849 2554 1919 2615 in
1970 2551 2300 2615 territorio
2350 2558 2417 2613 et
2455 2549 2754 2614 districtu
2789 2550 3077 2636 episcopi
3112 2550 3583 2635 TraJectensis‚

523 2662 638 2747 qui
710 2666 810 2725 est
879 2681 996 2746 pro
1067 2666 1401 2746 tempore,
1474 2660 1804 2740 existens,
1872 2657 2048 2744 quod
2105 2656 2259 2721 olim
2308 2655 2695 2742 paludosum
2743 2677 2861 2720 seu
2908 2677 3224 2743 aquosum
3273 2662 3341 2721 et
3389 2658 3588 2722 etiam

524 2767 826 2853 ineptum
875 2765 958 2831 ad
1008 2767 1474 2851 agriculturam
1522 2772 1592 2830 et
1637 2765 1920 2829 fructum
1962 2762 2367 2828 afferendum
2408 2762 2767 2843 existebat,
2816 2783 2933 2849 per
2972 2763 3292 2827 maximos
3332 2765 3591 2828 labores

528 2879 598 2938 et
645 2894 969 2959 expensas
1017 2872 1176 2937 dicti
1224 2872 1268 2937 J
1272 2873 1549 2937 ohannis
1599 2872 1890 2959 episcopi
1939 2877 2008 2936 et
2054 2870 2468 2935 subditorum
2516 2891 2780 2934 suorum
2830 2891 2904 2934 ac
2954 2871 3153 2935 etiam
3202 2892 3319 2957 per
3363 2870 3589 2935 indus-

529 2979 722 3044 triam
788 2979 1183 3045 venerabilis
1229 2979 1449 3043 fratris
1497 2979 1705 3042 nostri
1752 2978 2078 3043 Johannis
2126 2975 2515 3042 Leodiensis
2564 2981 2720 3041 tunc
2767 2977 3212 3062 'I'rajectensis
3261 2977 3588 3064 episcopi,

528 3085 631 3149 sui
700 3084 1062 3150 immediati
1132 3084 1649 3172 predecessoris,
1724 3083 2035 3149 videlicet
2104 3104 2224 3170 per
2288 3083 2564 3164 fossata,
2613 3082 3056 3169 aqueductus,
3110 3083 3477 3149 evultiones
3525 3088 3596 3149 et

525 3191 1042 3257 erradicationes
1110 3193 1261 3275 (sie)
1332 3190 1639 3256 arborum
1709 3190 2097 3255 infertilium
2162 3189 2244 3255 ad
2310 3196 2551 3255 terram
2612 3195 2833 3276 aptam
2881 3189 2963 3255 ad
3011 3191 3476 3276 agriculturam
3524 3197 3592 3257 et

524 3297 816 3362 fructum
865 3297 1270 3364 afferendum
1319 3299 1405 3362 sit
1452 3297 1791 3363 redactum
1839 3318 1914 3361 ac
1956 3296 2334 3382 hujusmodi
2367 3303 2539 3360 terre
2572 3317 2810 3381 magna
2842 3318 3020 3381 pars,
3074 3318 3200 3383 que
3235 3298 3595 3383 vulgariter

527 3403 891 3468 Voerslach
954 3410 1379 3490 nuncupatur
1426 3411 1495 3467 et
1542 3424 1669 3489 que
1718 3425 1803 3468 ex
1851 3403 2170 3468 divisione
2216 3400 2594 3487 hujusmodi
2644 3408 2814 3467 terre
2863 3402 3075 3468 eidem
3124 3404 3431 3490 episcopo
3481 3404 3596 3468 ob-

534 3510 830 3591 venerit,
896 3509 978 3573 ad
1043 3509 1258 3596 ipsum
1320 3510 1701 3596 episcopum
1761 3509 2287 3594 TraJectensem‚
2337 3509 2447 3595 qui
2497 3514 2598 3572 est
2644 3529 2761 3594 pro
2811 3514 3141 3594 tempore,
3192 3514 3261 3573 et
3311 3530 3601 3574 mensam

534 3637 721 3680 suam
788 3617 1227 3703 episcopalem
1291 3616 1500 3680 solum
1564 3621 1633 3680 et
1694 3617 1764 3679 in
1832 3616 2113 3680 solidum
2161 3616 2524 3702 pertineat,
2572 3636 2656 3678 ex
2704 3637 2831 3701 qua
2882 3616 3145 3701 quidem
3192 3621 3378 3701 parte
3426 3615 3604 3680 idem

536 3721 879 3787 Johannes
942 3723 1288 3810 episcopus
1351 3723 1796 3807 Trajectensis
1858 3722 2111 3787 nullum
2158 3721 2569 3786 commodum
2616 3723 2930 3808 percipit,
2979 3723 3291 3808 quinymo
3339 3721 3601 3786 dubitat

538 3848 625 3892 ex
683 3849 761 3892 eo
809 3829 989 3894 illam
1037 3828 1245 3914 redigi
1296 3834 1364 3892 et
1411 3828 1551 3892 fieri
1601 3828 1965 3909 desertam,
2027 3827 2203 3915 quod
2255 3828 2475 3891 nullus
2521 3833 2789 3913 propter
2834 3828 3087 3892 futuras
3137 3829 3601 3892 translationes

544 3955 660 3999 seu
712 3941 956 4000 mortes
1005 3936 1457 4021 episcoporum
1505 3935 2026 4019 Trajectensium
2071 3933 2154 3998 ad
2197 3942 2484 4019 tempus,
2534 3932 2750 3998 sedin
2782 3940 3174 4020 perpetuum
3213 3933 3604 3998 auctoritate

546 4041 720 4106 sedis
785 4043 1142 4127 apostolice
1207 4043 1310 4107 vel
1374 4063 1521 4106 cum
1569 4063 1893 4106 consensu
1942 4041 2329 4106 dilectorum
2376 4041 2658 4104 filiorum
2706 4041 2975 4126 capituli
3022 4041 3295 4105 ecclesie
3343 4041 3606 4124 TraJ’ec-
3678 4027 3681 4031 “

541 4147 747 4211 tensis
812 4148 954 4212 vult
1015 4169 1159 4212 eam
1227 4148 1440 4212 colere
1506 4168 1623 4211 seu
1670 4149 1888 4212 locare
1937 4168 2054 4234 pro
2104 4154 2284 4211 certa
2331 4168 2551 4211 annua
2595 4147 2954 4233 pensione,
3004 4168 3120 4233 pro
3169 4167 3248 4211 eo
3300 4145 3472 4232 quod
3522 4145 3604 4209 ad

543 4252 1114 4318 confirmacionem
1164 4254 1461 4339 ejusdem
1510 4262 1682 4318 terre
1731 4275 1847 4340 pro
1897 4254 2249 4339 aggeribus
2297 4260 2365 4317 et
2411 4253 2556 4317 aliis
2597 4254 2982 4317 necessariis
3027 4259 3255 4317 contra
3294 4273 3611 4338 aquarum

541 4359 1018 4426 inundaciones
1064 4361 1312 4426 ibidem
1360 4361 1677 4425 faciendis
1725 4361 1988 4447 plurimi
2038 4381 2329 4446 expense
2378 4366 2446 4424 et
2482 4360 2741 4425 labores
2783 4363 3152 4426 necessario
3190 4363 3615 4447 requiruntur

543 4472 612 4529 et
677 4466 853 4553 quod
921 4468 1124 4554 aliqui
1186 4466 1268 4532 de
1331 4466 1505 4531 dicto
1554 4468 1881 4553 capitulo,
1946 4469 2056 4554 qui
2105 4466 2320 4531 eidem
2368 4468 2676 4552 episcopo
2725 4487 2842 4553 pro
2891 4487 3007 4532 sue
3055 4466 3381 4531 ordinarie
3420 4468 3617 4552 juris-

546 4570 848 4636 dictionis
897 4574 1221 4637 exercicio
1270 4581 1339 4638 et
1378 4573 1790 4655 defensione,
1841 4595 2036 4659 quam
2076 4574 2203 4660 ipsi
2245 4572 2696 4658 multipliciter
2737 4592 3048 4660 usurpare
3091 4574 3412 4657 nituntur,
3460 4579 3617 4637 sunt

552 4679 772 4760 exosi,
819 4680 1218 4766 impediunt,
1271 4680 1615 4766 quominus
1661 4678 1838 4743 idem
1884 4681 2243 4765 capitulum
2275 4680 2345 4744 in
2376 4679 2710 4743 locacione
2750 4700 2867 4743 seu
2901 4679 3364 4745 arrendacione
3395 4681 3622 4767 hujus-

549 4783 728 4849 modi
774 4806 962 4850 suum
1010 4792 1261 4873 prestet
1307 4806 1676 4867 assensum,
1727 4787 1850 4849 nisi
1900 4792 2152 4872 partem
2195 4788 2611 4874 perciperent
2643 4807 2860 4852 annue
2894 4788 3227 4873 pensionis
3258 4788 3622 4871 antedicte,

550 4897 618 4955 et
665 4899 1015 4978 propterea
1060 4893 1403 4979 episcopus
1452 4898 1520 4956 et
1572 4913 1799 4956 mensa
1845 4891 2152 4978 predicti,
2203 4894 2315 4980 qui
2362 4914 2605 4980 paucos
2654 4900 2720 4957 et
2760 4894 2969 4958 exiles
3006 4894 3255 4958 habent
3294 4894 3622 4978 redditus,

552 5016 682 5059 non
749 4996 1077 5061 modicum
1125 4998 1496 5061 sustineant
1542 4995 2031 5061 detrimentum.
2128 4998 2346 5073 Quare
2394 5019 2508 5084 pro
2558 5004 2742 5085 parte
2790 4997 2950 5063 dicti
2997 4998 3319 5064 Johannis
3365 5001 3626 5084 Trajec-

549 5104 752 5167 tensis
822 5104 1110 5190 episcopi
1173 5104 1360 5168 nobis
1424 5104 1651 5168 extitit
1712 5103 2052 5169 humiliter
2113 5105 2590 5191 supplicatum,
2654 5110 2730 5168 ut
2781 5110 3020 5187 terras,
3071 5107 3512 5191 possessiones
3561 5113 3629 5171 et

548 5208 777 5294 predia
835 5210 909 5273 in
971 5216 1156 5296 parte
1219 5208 1548 5296 predicta,
1614 5229 1741 5294 que
1807 5231 1893 5274 ex
1953 5210 2273 5275 divisione
2320 5210 2696 5297 hujusmodi
2744 5211 3050 5298 episcopo
3101 5218 3170 5277 et
3214 5233 3437 5276 mense
3484 5232 3630 5297 pre-

544 5313 735 5379 dictis
801 5316 1252 5397 obvenerunt‚
1318 5316 1684 5380 existencia
1748 5317 2138 5381 auctoritate
2203 5318 2563 5403 apostolica
2620 5317 2879 5382 locandi
2947 5339 3062 5382 seu
3122 5319 3191 5381 in
3238 5325 3626 5403 perpetuam

547 5422 1053 5507 emphitheosim
1100 5421 1302 5486 dandi
1350 5421 1544 5486 certis
1593 5423 1887 5507 personis
1934 5444 2051 5508 pro
2099 5430 2280 5488 certa
2328 5425 2727 5510 competenti
2772 5443 2994 5486 annua
3038 5423 3359 5508 pensione
3409 5423 3625 5488 eidem

541 5527 849 5613 episcopo
921 5532 1239 5613 perpetuo
1309 5524 1741 5612 persolvenda
1812 5527 2144 5592 licentiam
2217 5528 2577 5594 concedere
2641 5527 2721 5592 de
2787 5528 3195 5612 benignitate
3258 5529 3615 5614 apostolica

544 5632 982 5718 dignaremur.
1050 5633 1187 5698 Nos
1232 5633 1456 5717 igitur,
1504 5631 1586 5697 de
1632 5632 1963 5717 premissis
2011 5640 2256 5699 certam
2305 5636 2605 5701 notitiam
2653 5655 2788 5699 non
2825 5633 3175 5716 habentes,
3225 5633 3602 5699 discretioni
