4450 6684
1795 535 2256 600 Innocnu‘rms
2301 535 2420 601 VI.
3562 536 3647 600 95

577 764 712 824 tam
759 779 846 825 ex
896 759 1107 824 officio
1155 779 1354 845 quam
1400 755 1485 824 ad
1530 758 1738 845 partis
1783 756 2167 823 instantiam
2214 777 2609 843 cognoscere
2658 775 2869 843 eaque
2915 757 3117 841 juxta
3153 756 3323 841 juris
3372 755 3645 821 formam

580 865 903 951 corrigere
965 871 1036 930 et
1093 865 1364 950 punire,
1422 863 1800 949 hujusmodi
1847 870 1915 929 et
1961 864 2258 950 qualibet
2305 864 2435 929 alia
2480 862 2962 929 consuetudine
3009 864 3336 928 contraria
3384 883 3644 928 necnon

573 972 953 1058 juramento
1014 970 1349 1057 predicto,
1413 969 1497 1035 ad
1560 972 1748 1055 cujus
1797 970 2284 1036 observantiam
2333 975 2399 1035 te
2447 969 2862 1035 decernimus
2909 989 3044 1033 non
3092 968 3336 1050 teneri,
3403 989 3649 1054 nequa-

582 1098 777 1164 quam
825 1076 1242 1143 obstantibus
1267 1125 1285 1159 ,
1328 1076 1509 1141 licite
1556 1076 1832 1141 valeatis
1853 1126 1870 1160 ,
1919 1077 2313 1142 auctoritate
2359 1075 2723 1164 apostolica
2769 1076 3194 1141 declaramus.
3256 1074 3442 1140 Nulli
3490 1095 3647 1160 ergo

582 1184 847 1249 omnino
892 1183 1233 1249 bominum
1276 1182 1475 1247 liceat
1518 1182 1690 1247 banc
1735 1182 2045 1269 paginam
2091 1188 2316 1248 nostre
2363 1182 2793 1248 relaxationis
2826 1187 2894 1247 et
2928 1181 3386 1247 declarationis
3417 1180 3647 1246 infrin-

584 1310 739 1377 gere
802 1289 910 1355 vel
957 1289 1020 1355 ei
1065 1310 1229 1355 ausu
1280 1289 1627 1355 temerario
1676 1288 2022 1354 contraire.
2117 1288 2189 1355 Si
2237 1290 2382 1375 quis
2429 1295 2654 1354 autem
2698 1289 2825 1353 hoc
2872 1293 3268 1374 attemptare
3314 1309 3652 1374 presump-

585 1396 778 1476 serit,
825 1394 1348 1481 indignationem
1397 1391 1902 1482 omnillpotentis
1948 1395 2076 1461 Dei
2122 1400 2192 1460 et
2238 1395 2582 1461 beatorum
2628 1395 2815 1461 Petri
2863 1400 2933 1460 et
2978 1394 3171 1459 Pauli
3204 1394 3650 1480 apostolorum

583 1500 726 1586 ejus
772 1521 843 1566 se
889 1500 1150 1566 noverit
1195 1502 1628 1566 incursurum.
1675 1500 1830 1564 Dat.
1877 1501 2240 1583 Avinione,
2289 1501 2424 1566 VII
2470 1501 2582 1565 Kl.
2625 1501 2843 1585 Junii,
2900 1503 2924 1584 ΙΙ
2980 1499 3404 1586 pontificatus
3446 1501 3654 1565 nostri

585 1627 756 1671 anno
805 1606 1081 1692 septimo

999 1743 1385 1806 Autem-aptum
1431 1741 1486 1790 iu
1529 1741 1674 1791 arch.
1707 1756 1857 1805 prov.
1905 1741 2100 1805 Ultraj.
2135 1743 2199 1790 D.
2235 1739 2362 1805 459,
2398 1758 2506 1790 cum
2539 1741 2712 1806 siyillo
2741 1742 2995 1805 plumbeo,
3021 1742 3142 1806 filis
3174 1742 3349 1790 sev-icis
3381 1741 3527 1790 rubri
3547 1744 3665 1806 fla-

934 1827 1078 1892 vique
1109 1826 1295 1877 coloris
1329 1841 1548 1891 appenso
1558 1848 1580 1885 ,0
1615 1842 1652 1874 a
1684 1830 1854 1889 tergo.-
1892 1825 1955 1875 R.
1990 1824 2250 1876 Johannis
2286 1826 2350 1875 de
2384 1825 2598 1877 Eltenil.
2629 1852 2701 1864 —
2733 1827 2857 1889 Ray.
2892 1827 2993 1876 Aa.
3037 1828 3089 1876 T.
3125 1824 3213 1890 21,
3241 1827 3303 1888 s.
3335 1824 3477 1876 6031.

587 2328 764 2398 1617.
1609 2333 1825 2414 1359,
1873 2331 2046 2412 Maji
2089 2334 2178 2395 26
2195 2380 2213 2413 ,
2261 2332 2624 2396 Aveniom'a

909 2484 1203 2550 Johanni
1262 2485 1370 2569 (de
1429 2487 1670 2570 Arkel)
1732 2489 2014 2571 episcopo
2086 2486 2268 2568 Traj.
2331 2488 2728 2573 indulyetur,
2794 2488 2963 2573 quod
3005 2510 3128 2573 per
3175 2489 3461 2572 aliquam
3502 2508 3651 2572 per·

809 2611 1032 2655 sonam
1093 2590 1383 2655 idoneam
1443 2593 1765 2674 ecclesias,
1829 2594 2249 2674 monasteria,
2318 2594 2451 2657 loca
2513 2595 2925 2658 ecclesiastica
2970 2614 3308 2678 eorumque
3342 2614 3653 2677 personas

810 2700 880 2762 in
923 2718 1045 2762 sua
1089 2698 1349 2764 dioecesi
1391 2698 1653 2763 visitare
1697 2707 1758 2763 et
1788 2701 2280 2784 procurationes
2325 2703 2395 2765 in
2433 2706 2707 2787 pecunia
2753 2709 3088 2767 numerata
3117 2705 3393 2787 recipere
3422 2702 3651 2767 valeat.

817 2883 1247 2950 Innocentius
1319 2885 1700 2972 episcopus,
1772 2906 1999 2950 servus
2060 2905 2398 2950 servorum
2460 2882 2623 2964 Dei,
2696 2882 3060 2947 venerabili
3121 2882 3304 2947 fratri
3369 2882 3660 2948 Jobanni

596 2991 903 3078 episcopo
950 2991 1364 3076 Trajectensi
1412 2992 1694 3057 salutem
1741 2996 1810 3057 et
1855 2992 2284 3078 apostolicam
2328 2989 2878 3056 benedictionem.

819 3098 1215 3164 Devocionis
1261 3100 1541 3184 probata
1587 3098 1963 3183 sinceritas,
2016 3121 2211 3185 quam
2261 3099 2343 3164 ad
2392 3119 2512 3163 nos
2561 3102 2629 3163 et
2676 3096 3100 3184 apostolicam
3150 3095 3373 3161 sedem
3417 3095 3663 3161 habere

598 3203 992 3288 dinosceris,
1063 3211 1514 3291 promeretur,
1578 3211 1654 3271 ut
1698 3196 2046 3292 personam
2096 3211 2277 3271 tuam
2326 3204 2595 3270 sinceris
2643 3203 2986 3268 affectibus
3032 3208 3505 3289 prosequentes
3551 3223 3664 3290 pe-

601 3310 953 3377 ticionibus
1001 3311 1133 3377 tuis
1181 3317 1500 3398 quantum
1550 3334 1698 3378 cum
1743 3313 1888 3379 Deo
1934 3334 2282 3400 possumus
2329 3311 2779 3378 favorabiliter
2824 3330 3212 3375 annuamus.
3305 3310 3482 3376 Hinc
3530 3316 3665 3395 est,

599 3416 772 3503 quod
844 3437 965 3482 nos
1034 3417 1168 3483 tuis
1237 3416 1496 3484 devotis
1565 3418 2163 3506 supplicacionibus
2223 3419 2558 3501 inclinati,
2621 3424 2697 3483 ut
2760 3422 2895 3483 tam
2952 3424 3133 3484 tuam
3179 3418 3670 3504 Trajectensem

599 3543 796 3608 quam
866 3523 1030 3589 alias
1098 3524 1410 3590 ecclesias
1482 3546 1559 3591 ac
1628 3527 2028 3593 monasteria
2096 3533 2165 3593 et
2234 3527 2381 3592 loca
2443 3525 2887 3592 ecclesiastica
2949 3546 3306 3611 eorumque
3363 3545 3676 3610 personas

606 3635 866 3695 tuarum
937 3630 1225 3697 civitatis
1272 3638 1340 3697 et
1387 3632 1702 3717 diocesis,
1765 3634 1835 3698 in
1884 3634 2123 3721 quibus
2172 3633 2296 3699 tibi
2338 3633 2742 3700 visitacionis
2789 3632 3073 3696 officium
3122 3631 3202 3696 de
3241 3632 3393 3717 jure
3438 3630 3547 3696 vel
3592 3631 3676 3697 de

600 3736 1081 3804 consuetudine
1145 3739 1500 3825 competit,
1562 3741 1774 3827 possis
1837 3763 1957 3829 per
2004 3741 2292 3828 aliquam
2339 3762 2457 3807 seu
2504 3739 2757 3826 aliquas
2803 3759 3151 3826 personam
3198 3760 3316 3805 seu
3360 3759 3675 3826 personas

597 3841 889 3929 ydoneas
911 3893 929 3928 ,
1001 3865 1197 3931 quam
1268 3845 1375 3911 vel
1443 3867 1605 3933 quas
1676 3846 1760 3911 ad
1829 3848 1897 3912 id
1962 3847 2231 3913 duxeris
2295 3847 2740 3934 deputandam
2799 3848 2908 3912 vel
2969 3847 3169 3912 etiam
3226 3846 3673 3933 deputandas,

599 3971 806 4037 usque
851 3950 934 4016 ad
985 3951 1362 4031 biennium,
1411 3952 1726 4039 quociens
1774 3959 2034 4040 tempus
2081 3953 2486 4020 visitacionis
2531 3953 2894 4038 ingruerit,
2944 3952 3210 4017 visitare
3258 3958 3326 4016 et
3372 3973 3678 4039 procura-

599 4056 819 4123 ciones
881 4058 1146 4124 racione
1207 4058 1612 4125 visitacionis
1672 4060 2052 4146 hujusmodi
2118 4061 2241 4126 tibi
2304 4060 2563 4126 debitas
2625 4060 2710 4124 ab
2758 4059 3052 4124 ecclesiis
3072 4108 3089 4142 ,
3148 4059 3562 4123 monasteriis
3610 4064 3678 4124 et

598 4161 760 4228 locis
821 4184 898 4228 ac
960 4164 1260 4250 personis
1322 4165 1573 4231 eisdem
1637 4162 1860 4232 taliter
1905 4168 2188 4234 visitatis
2237 4168 2440 4233 semel
2488 4167 2840 4232 dumtaxat
2885 4166 2954 4230 in
3001 4167 3284 4250 pecunia
3329 4171 3675 4230 numerata

602 4269 932 4357 recipere,
998 4269 1353 4337 dummodo
1418 4274 1926 4359 procuraciones
1971 4272 2353 4360 buJusmodi
2401 4293 2721 4339 summam
2768 4274 3150 4358 octuaginta
3196 4273 3680 4339 Turonensium

604 4376 862 4462 argenti
882 4424 900 4459 ,
949 4396 1227 4462 quorum
1276 4374 1625 4443 duodecim
1671 4379 1940 4445 valeant
1986 4401 2191 4445 unum
2238 4382 2561 4445 florenum
2608 4381 2785 4461 auri,
2835 4380 3013 4445 cunii
3060 4386 3130 4445 et
3176 4379 3485 4467 ponderis
3533 4379 3683 4444 Flo-

603 4482 881 4564 rentini,
945 4502 1065 4569 pro
1130 4482 1238 4549 die
1301 4484 1599 4570 qualibet
1661 4505 1797 4550 non
1860 4486 2225 4569 excedant3
2275 4508 2411 4552 non
2459 4486 2876 4551 obstantibus
2923 4487 3516 4552 constitucionibus
3546 4487 3596 4568 1)
3646 4507 3686 4550 a

607 4590 816 4656 felicis
865 4590 1339 4656 recordationis
1388 4591 1781 4657 Innocentio
1829 4593 1973 4657 1111
2020 4600 2087 4659 et
2138 4595 2458 4680 Gregorio
2505 4594 2572 4659 X
2622 4600 2690 4659 et
2737 4593 3142 4680 quibuslibet
3182 4593 3327 4658 aliis
3365 4594 3685 4659 Romanis

605 4696 1029 4784 pontificibus
1074 4697 1650 4783 predecessoribus
1699 4700 1943 4764 nostris
1988 4701 2059 4764 in
2109 4702 2509 4765 contrarium
2557 4700 2755 4765 editis
2804 4721 2879 4765 ac
2911 4700 3273 4786 privilegiis
3306 4700 3687 4786 apostolicis

610 4802 1109 4889 quibuscunque
1156 4802 1550 4890 specialibus
1596 4803 1706 4869 vel
1751 4805 2206 4890 generalibus,
2256 4804 2339 4870 de
2387 4805 2625 4891 quibus
2673 4825 3084 4892 quorumque
3134 4807 3290 4870 totis
3339 4807 3679 4872 tenoribus

608 4908 691 4975 de
751 4909 954 4975 verbo
1022 4906 1106 4975 ad
1171 4909 1445 4974 verbum
1509 4911 1581 4974 in
1644 4910 1886 4975 nostris
1933 4911 2172 4976 litteris
2221 4918 2523 4999 oporteat
2572 4913 2924 4998 specialem
2969 4913 3113 4979 fieri
3159 4914 3567 4980 mentionem
3617 4919 3695 4978 et

606 5037 724 5103 per
783 5038 910 5103 que
973 5018 1393 5103 presentibus
1453 5037 1588 5082 non
1637 5037 1948 5105 expressa
1999 5018 2103 5084 vel
2151 5020 2449 5084 totaliter
2495 5041 2631 5084 non
2675 5021 2926 5085 inserta
2971 5020 3246 5086 effectus
3295 5042 3523 5087 earum
3570 5021 3689 5084 im-

609 5122 819 5208 pediri
882 5123 1103 5189 valeat
1163 5123 1659 5209 quomodolibet
1705 5125 1813 5189 vel
1861 5123 2106 5191 differri
2127 5174 2144 5208 ,
2209 5125 2608 5192 fraternitati
2657 5131 2772 5191 tue
2818 5128 3218 5191 auctoritate
3268 5127 3686 5214 presencium

608 5229 1052 5316 indulgemus.
1145 5229 1390 5296 Nostro
1445 5236 1669 5296 tamen
1713 5231 2110 5298 intencionis
2159 5234 2426 5317 existit,
2475 5233 2651 5321 quod
2698 5232 2829 5316 hii,
2878 5253 3155 5319 quorum
3204 5233 3552 5299 facultates
3603 5234 3686 5299 ad

611 5338 937 5423 integram
984 5337 1386 5404 solucionem
1434 5337 1810 5424 hujusmodi
1843 5361 2127 5422 summe,
2177 5342 2581 5428 supportatis
2612 5342 2757 5405 aliis
2791 5341 3102 5405 oneribus
3134 5343 3500 5424 consuetis,
3552 5363 3686 5406 non

613 5450 1007 5532 suppetunt,
1056 5445 1231 5510 ultra
1276 5466 1471 5531 quam
1511 5446 1712 5529 juxta
1758 5465 2022 5511 suarum
2069 5447 2450 5532 hujusmodi
2482 5448 2867 5513 facultatum
2902 5446 3311 5532 exigenciam
3346 5448 3683 5512 commode

613 5550 916 5634 valeant,
988 5551 1087 5616 illi
1154 5571 1348 5633 vero,
1419 5551 1534 5637 qui
1598 5550 1680 5616 de
1744 5550 1921 5617 dicta
1982 5574 2238 5619 summa
2299 5556 2392 5619 nil
2454 5555 2707 5619 solvere
2754 5558 3102 5639 poterunt,
3165 5552 3251 5617 ad
3299 5553 3687 5619 solvendum

613 5656 859 5744 aliquid
929 5661 1245 5745 pretextu
1313 5656 1557 5721 indulti
1622 5657 2003 5742 hujusmodi
2072 5660 2453 5726 nullatenus
2516 5659 3011 5745 compellantur.
3105 5658 3288 5723 Nulli
3349 5679 3504 5746 ergo
3565 5666 3673 5724 etc.
