4450 6684
1780 534 2184 600 (inessemus
2231 535 2353 600 XI.
3476 533 3596 596 181

527 754 727 822 1908.
1495 757 1702 838 1371,
1751 753 2069 819 Januarii
2111 757 2230 838 26,
2277 757 2642 820 doemonis.

844 909 1137 974 Huberto
1184 908 1515 973 Lamberti
1566 909 1688 989 „de
1736 907 2095 994 Eynspist”
2126 909 2177 991 1)
2224 910 2486 973 diacono
2542 909 2721 994 Trqj.
2771 909 2960 975 dioec.
3002 918 3365 974 reservatur
3396 911 3602 975 simile

759 1016 1146 1100 beneficium,
1197 1016 1643 1099 conferendum
1690 1037 1732 1079 a
1778 1016 2059 1100 capitulo
2108 1014 2176 1080 S.
2209 1015 2401 1081 Petri
2440 1015 2620 1099 Traj.
2658 1053 2738 1063 —
2774 1015 3190 1100 Deputantur
3218 1023 3597 1099 executoreS,

757 1125 924 1189 inter
969 1144 1127 1210 quos
1177 1123 1609 1188 Ghiselbertus
1670 1122 1934 1187 Uustinc
1957 1122 2011 1205 2)
2058 1124 2395 1186 canonicus
2449 1122 2632 1204 Traj.

756 1304 916 1370 Vite
961 1325 1038 1369 ac
1085 1324 1363 1370 morum.
1392 1351 1408 1367 .
1437 1352 1452 1368 .
1482 1352 1497 1367 .
1552 1304 1705 1368 Dat.
1756 1304 2121 1384 Avinione,
2169 1303 2307 1368 VH
2350 1301 2460 1366 Kl.
2509 1302 2889 1385 Februarii,
2939 1323 3111 1367 anno
3158 1302 3390 1388 primo.

942 1439 1067 1501 Rea.
1105 1439 1204 1489 Ao.
1245 1436 1308 1488 T.
1339 1438 1430 1501 15,
1457 1440 1518 1502 f.
1554 1438 1669 1489 510.

683 1582 740 1646 1)
774 1582 994 1647 Enspijk
1031 1583 1085 1632 in
1126 1581 1315 1633 Geli-ia.
1517 1581 1574 1646 2)
1612 1581 1782 1632 Codex
1820 1582 2002 1632 habet:
2043 1580 2268 1633 Uustuc.

531 2050 732 2120 1909.
1484 2053 1696 2135 1371,
1743 2052 2061 2116 Januarii
2104 2053 2222 2133 27,
2272 2052 2640 2116 Aveniouis,

851 2205 1209 2289 (Arnoldo)
1256 2206 1539 2291 episcopo
1594 2205 1778 2289 Traj.
1824 2205 2202 2289 mandatur,
2251 2214 2324 2270 ut
2384 2206 2686 2271 Wernero
2732 2207 2807 2270 de
2852 2206 3058 2271 Puteo
3093 2209 3377 2292 pauperi
3407 2228 3591 2292 pres·

763 2312 1011 2397 bytero,
1077 2314 1193 2397 qui
1253 2314 1463 2377 altare
1526 2312 1593 2376 S.
1660 2312 1848 2377 Petri
1907 2316 1975 2376 in
2040 2314 2294 2377 ecclesia
2355 2313 2423 2377 S.
2472 2312 2745 2377 Lebuini
2788 2314 3239 2378 Daventriensi
3282 2316 3464 2379 ultra
3509 2317 3598 2378 15

771 2419 967 2483 libras
1047 2419 1288 2483 Turon.
1348 2440 1706 2504 parvorum
1775 2423 2109 2484 annuatim
2176 2441 2304 2485 non
2364 2422 2578 2485 valens
2637 2421 2974 2485 dumtaxat
3018 2421 3281 2504 obtinet,
3344 2422 3420 2485 de
3472 2423 3603 2485 alio

764 2525 973 2590 adhuc
1019 2525 1343 2608 beneficio,
1391 2528 1450 2590 si
1496 2527 1667 2611 quod
1712 2527 1801 2589 ad
1844 2526 2313 2611 dispositionem
2361 2530 2726 2590 monasterii
2773 2528 3173 2591 Prumiensis
3218 2535 3505 2612 spectans
3551 2535 3611 2592 et

766 2652 905 2694 cum
968 2652 1125 2695 cura
1188 2634 1313 2715 20,
1375 2635 1510 2696 sine
1557 2653 1714 2696 cura
1760 2653 1902 2697 vero
1949 2635 2039 2696 15
2084 2632 2494 2697 marcharum
2540 2637 2791 2718 arqenti
2834 2635 3110 2698 valorem
3156 2655 3442 2697 annuum
3488 2655 3617 2699 non

768 2738 1058 2802 excedens
1104 2740 1173 2802 in
1219 2740 1469 2802 civitate
1514 2740 1611 2804 vel
1655 2739 1914 2803 dioecesi
1968 2738 2148 2822 Traj.
2198 2742 2550 2823 vacaverit,
2593 2741 2921 2824 provideri
2963 2740 3188 2822 faciat.

775 2922 1020 2989 Dilecti
1083 2924 1203 2988 filii
1266 2924 1597 2990 Werneri.
1625 2971 1642 2988 .
1673 2972 1689 2987 .
1721 2971 1736 2987 .
1810 2923 1963 2988 Dat.
2028 2923 2397 3005 Avinione,
2462 2921 2563 2987 VI
2608 2921 2719 2986 Kl.
2768 2921 3146 3006 Februarii,
3194 2922 3616 3009 pontificatus

545 3030 755 3094 nostri
799 3050 974 3095 anno
1019 3032 1252 3117 primo.

964 3168 1355 3230 Autoyraplmm
1400 3167 1455 3217 in
1503 3167 1708 3216 archivo
1754 3166 1980 3215 civitatis
2023 3164 2383 3214 Araborum-ris
2426 3180 2553 3213 arca
2602 3162 2694 3226 35,
2741 3181 2850 3213 cum
2882 3165 3054 3228 sigillo
3080 3164 3334 3228 plumbeo,
3374 3164 3634 3214 chordulis

895 3247 1193 3296 cannabinis
1238 3264 1458 3312 appenso
1468 3271 1488 3306 ,·
1533 3249 1589 3297 in
1625 3249 1774 3313 plica
1818 3250 2068 3313 inferiori
2114 3251 2281 3299 intus.-
2329 3249 2385 3298 P.
2431 3234 2606 3312 Papi-l,
2655 3252 2705 3297 st
2744 3252 2918 3297 extra:
2964 3247 3020 3297 G.
3061 3247 3317 3310 Blaverii,
3354 3264 3504 3312 eupor-
3539 3264 3634 3312 quo

898 3329 1093 3378 nomine
1126 3330 1372 3394 scriptum
1405 3335 1508 3381 est.-
1546 3331 1690 3381 Bene
1727 3347 1820 3395 per
1854 3334 2056 3394 omnia3
2096 3350 2131 3381 a
2164 3337 2332 3394 tergo:
2369 3332 2431 3380 R.

968 3414 1037 3463 1².
1076 3413 1289 3480 Nijhoff
1316 3415 1610 3464 Inventas-is
1644 3415 1775 3480 37*,
1806 3417 1889 3465 ubi
1922 3432 2125 3465 erronee
2158 3416 2248 3464 sub
2282 3416 2365 3465 die
2397 3415 2463 3465 26
2497 3414 2749 3464 «Ianuarii
2781 3432 2863 3463 an.
2900 3412 3048 3463 1370.

970 3496 1173 3547 Harum
1211 3498 1487 3548 literarum
1524 3501 1847 3549 auctoritate
1884 3501 2185 3550 Bernartius
2226 3500 2425 3564 Heyinc
2458 3500 2806 3548 scholasticus
2828 3499 3081 3548 ecclesiae
3106 3498 3158 3548 S.
3184 3498 3408 3548 Lebuini
3434 3498 3643 3547 Daven-

901 3580 1143 3642 niensis,
1188 3580 1351 3643 judex
1391 3583 1446 3632 in
1484 3583 1585 3632 hac
1620 3589 1771 3645 parte
1806 3585 2205 3648 subdelegatus,
2244 3585 2412 3633 eidem
2449 3584 2709 3633 Wernero
2746 3583 3002 3645 provideri
3040 3583 3163 3632 fecit
3197 3583 3260 3630 de
3294 3582 3514 3632 ecclesia
3551 3595 3646 3644 pa·

911 3663 1135 3711 rochiali
1172 3663 1532 3714 Arnhemensi
1568 3667 1653 3715 die
1686 3665 1754 3716 20
1788 3667 1984 3730 Aprihs
2018 3682 2084 3715 an
2134 3666 2292 3724 4373,
2331 3667 2590 3715 Everardo
2614 3667 2677 3714 de
2706 3665 2837 3714 Heze.
2860 3671 3045 3714 curato
3071 3666 3118 3714 b.
3146 3665 3363 3725 Mariae,
3400 3664 3645 3713 Johanne

907 3744 1106 3808 Naum,
1149 3746 1494 3798 Ghevehardo
1527 3750 1592 3798 de
1630 3749 1960 3813 Hildeshern,
1999 3749 2271 3799 wolberto
2309 3749 2511 3813 Pardijs
2547 3749 2813 3811 perpetuis
2848 3750 3057 3797 vic-ariis
3095 3748 3144 3796 b.
3179 3747 3404 3797 Lebuini
3437 3747 3644 3795 Deven-

910 3830 1194 3880 triensium
1243 3832 1589 3881 ecclesiarum
1639 3834 2009 3895 praesentibus
2056 3834 2308 3894 testibu83
2357 3861 2423 3870 —
2473 3833 2864 3896 autographum
2899 3832 3120 3893 ibidem,
3157 3833 3213 3881 iu
3250 3832 3434 3880 charta
3471 3844 3640 3879 mem·

910 3910 1133 3974 manea,
1172 3913 1432 3975 scriptum
1470 3929 1564 3976 per
1599 3914 1944 3964 Lambertum
1982 3915 2205 3964 Randen
2242 3916 2495 3965 clericum
2531 3914 2671 3976 TraJ.
2706 3916 2888 3978 dioec„
2921 3915 3190 3963 notarium
3213 3914 3501 3977 publicum.
3537 3912 3644 3963 Cfr.

906 3994 963 4046 P.
1000 3994 1207 4061 Nijhoff
1237 3996 1540 4046 Iuventatis
1574 3997 1690 4047 42²⁸.

551 4478 751 4547 1910.
1515 4484 1729 4566 1371,
1779 4483 2096 4547 Januarii
2140 4486 2261 4566 27,
2308 4485 2674 4564 Avenionis.

878 4635 1170 4700 Gerardo
1221 4636 1479 4720 Groete,
1534 4637 1720 4722 „qui,
1771 4642 1847 4701 ut
1894 4640 2161 4720 asseris,
2210 4640 2281 4703 in
2314 4641 2594 4721 artibus,
2637 4639 2984 4704 duodecim
3018 4640 3172 4703 anni
3206 4644 3361 4703 sunt
3392 4638 3628 4724 elapsi,

793 4744 1109 4827 magister
1173 4743 1355 4806 fuisti
1419 4748 1488 4808 et
1543 4744 1612 4807 in
1658 4744 1919 4829 legibus
1968 4767 2042 4809 ac
2091 4746 2237 4809 aliis
2285 4747 2705 4832 speculativis
2753 4746 3043 4811 scientiis
3091 4745 3204 4810 diu
3251 4743 3632 4827 studuisti’',

792 4849 1125 4931 confertur
1189 4858 1595 4913 cononscatus
1657 4858 1716 4914 et
1760 4860 2168 4915 reservantur
2201 4853 2570 4937 praebenda
2616 4860 2674 4916 et
2718 4855 3218 4937 supplementum
3263 4854 3330 4915 in
3376 4852 3630 4915 ecclesia

797 4955 980 5039 Traj.
1032 4994 1113 5003 —
1161 4957 1577 5041 Deputantur
1623 4966 1992 5022 executores,

794 5138 1056 5204 Dilecto
1120 5139 1255 5204 filio
1323 5139 1617 5205 Gerardo
1683 5140 1928 5205 Groete
1992 5142 2307 5205 canonico
2369 5141 2811 5225 Trajectensi,
2868 5141 3180 5225 magistro
3226 5140 3296 5204 in
3343 5142 3630 5224 artibus,

564 5244 843 5309 salutem
889 5254 1000 5311 ete.

791 5352 1197 5418 Litterarum
1269 5354 1564 5419 scientia.
1592 5401 1608 5417 .
1636 5398 1652 5417 .
1681 5400 1700 5418 .
1769 5354 1920 5418 Non
1986 5355 2404 5420 obstantibus
2466 5402 2483 5418 .
2512 5402 2528 5418 .
2556 5401 2573 5418 .
2636 5353 2809 5439 quod
2876 5353 3330 5417 canonicatum
3378 5358 3446 5417 et
3492 5373 3640 5439 pre·

571 5456 856 5524 bendam
921 5461 1195 5525 ecclesie
1258 5468 1483 5525 sancte
1529 5461 1740 5524 Maris
1790 5460 1871 5524 de
1918 5462 2322 5546 Aquisgrani
2369 5461 2755 5526 Leodiensis
2804 5458 3137 5544 (diocesis)
3184 5460 3471 5523 nosceris
3521 5460 3635 5524 ob-

566 5564 781 5631 tinere
806 5567 879 5649 l).
909 5614 925 5630 .
954 5613 969 5630 .
999 5614 1014 5630 .
1064 5567 1217 5632 Dat.
1265 5568 1624 5648 Avinione,
1672 5568 1771 5632 VI
1820 5568 1928 5631 Kl.
1980 5569 2360 5650 Februarii,
2408 5589 2580 5631 anno
2630 5568 2858 5653 primo·

792 5672 880 5736 In
943 5695 992 5738 e.
1056 5695 1138 5737 m.
1204 5673 1459 5738 dilectis
1521 5673 1673 5737 filiis
1736 5677 2007 5740 sacriste
2070 5676 2382 5740 secularis
2438 5676 2646 5738 sancti
2704 5672 2997 5758 Agricoli
3042 5672 3512 5738 Avinionensis
3558 5677 3628 5738 et
