4450 6684
1857 538 2348 606 Imoncc'rto.
3494 561 3628 611 1111

574 753 705 820 hoc
747 753 1061 839 regimine
1109 753 1444 841 praesules
1490 753 1804 821 vixerunt
1849 755 2198 823 sanctitate
2247 757 2421 823 vitae
2464 758 2799 845 conspicui
2841 759 3150 847 omnique
3188 761 3633 826 veneratione

576 857 801 944 digni‘’
825 858 902 942 1).
994 858 1114 925 Uti
1176 857 1245 925 S.
1309 856 1652 943 Albi-icus,
1717 858 1786 926 S.
1851 858 2275 943 Fredericus,
2340 861 2407 927 S.
2456 862 2847 949 Hungerus,
2912 862 2982 929 S.
3030 864 3428 946 Radbodus,
3476 864 3634 930 Bal-

575 960 829 1046 dricus,
879 962 946 1028 S.
996 960 1384 1044 Ansfridus,
1431 961 1874 1046 Adelboldus,
1923 961 1991 1028 S.
2039 963 2434 1047 Bernulfus,
2483 967 2594 1052 qui
2643 967 2769 1033 etsi
2817 988 2950 1032 non
2998 989 3224 1034 omnes
3271 975 3340 1034 et
3387 968 3627 1054 singuli

573 1066 646 1131 in
706 1066 1020 1133 honorem
1069 1066 1318 1132 Altaris
1366 1067 1606 1133 elevati
1627 1114 1646 1150 ,
1710 1066 1793 1133 ad
1841 1088 2045 1133 unum
2095 1072 2317 1133 tamen
2366 1090 2594 1135 omnes
2642 1070 2726 1136 ob
2776 1069 3185 1157 diligentiam
3230 1072 3632 1159 pastoralem

577 1175 646 1236 et
691 1169 1073 1259 disciplinae
1122 1170 1605 1236 ecclesiasticae
1653 1170 1972 1238 fervorem
2020 1170 2386 1237 extollendi
2434 1179 2805 1240 censentur.

802 1274 933 1341 Sed
1004 1274 1169 1363 proh
1242 1273 1456 1341 dolor!
1529 1296 1792 1341 causam
1854 1296 1973 1363 per
2034 1296 2104 1341 se
2167 1276 2409 1341 bonam
2472 1278 2724 1342 malitia
2784 1278 2889 1344 vel
2936 1278 3290 1364 fragilitate
3342 1279 3629 1344 humana

580 1383 858 1445 eventus
919 1377 1270 1467 aliquando
1332 1379 1578 1445 habere
1636 1379 1967 1462 funestos,
2025 1378 2130 1444 hic
2177 1378 2395 1445 denuo
2443 1381 2674 1468 liquet.
2767 1381 2978 1447 Nimis
3027 1387 3242 1448 artum
3290 1382 3631 1469 paullatim

580 1482 825 1550 factum
857 1488 958 1549 est
988 1483 1113 1549 hoc
1143 1483 1429 1550 virorum
1463 1483 2051 1550 ecclesiasticorum
2081 1504 2231 1549 cum
2263 1483 2412 1548 aula
2443 1485 2626 1571 regia
2656 1485 3018 1570 vinculum3
3057 1488 3262 1572 magis
3294 1486 3633 1572 magisque

581 1586 945 1654 timendum
1008 1592 1180 1670 erat,
1242 1607 1328 1652 ne
1387 1587 1684 1654 Ecclesia
1751 1608 2028 1676 „sponsa
2087 1586 2334 1653 Christi
2390 1588 2853 1654 immaculata”
2912 1591 2983 1654 in
3029 1590 3262 1655 intima
3304 1590 3435 1655 ista
3481 1611 3630 1655 cum

579 1695 908 1778 potestate
971 1691 1148 1756 civili
1203 1692 1616 1757 connexione
1680 1712 1868 1756 suum
1918 1690 2153 1773 decus,
2200 1692 2557 1777 honorem,
2596 1695 2708 1779 jus
2755 1694 3083 1759 libertatis
3130 1695 3395 1761 omnino
3445 1696 3634 1759 amit·

580 1801 771 1862 teret.
866 1793 1057 1871 Quod
1119 1815 1446 1860 summum
1504 1794 1867 1882 periculum
1927 1794 2139 1861 indies
2197 1796 2737 1883 ingravescebat,
2803 1798 3152 1885 praecipue
3217 1796 3482 1884 quidem
3546 1818 3633 1863 ex

577 1900 900 1967 electione
947 1920 1267 1964 novorum
1314 1899 1717 1986 praesulum,
1768 1919 1963 1985 quam
2008 1921 2228 1985 reges,
2278 1921 2354 1966 ac
2402 1900 2456 1965 si
2494 1902 2645 1986 jure
2682 1901 2807 1965 sibi
2840 1901 2994 1966 solis
3028 1900 3409 1985 deberetur,
3458 1901 3631 1967 facto

578 2025 890 2092 usurpare
951 2002 1328 2070 studebant.
1421 2003 1566 2069 Mos
1623 2001 1898 2090 proinde
1945 2003 2256 2088 invaluit,
2313 2009 2392 2068 ut
2435 2004 2792 2070 neo-electi
2840 2005 3130 2092 episcopi
3178 2027 3220 2070 a
3264 2026 3418 2091 rege
3467 2005 3633 2070 acci-

576 2114 811 2196 perent
878 2128 1011 2173 non
1080 2107 1292 2173 solum
1361 2108 1669 2173 baculum
1739 2108 2101 2195 pastorale,
2166 2109 2336 2173 sicut
2387 2106 2525 2193 jam
2591 2107 2674 2173 de
2737 2108 2806 2174 S.
2869 2108 3221 2174 Frederico
3250 2109 3305 2193 2)
3352 2109 3630 2194 legimus

577 2213 777 2297 (circa
824 2234 929 2278 an.
978 2214 1169 2297 828),
1216 2233 1444 2279 verum
1493 2214 1693 2279 etiam
1746 2212 2239 2293 „investituram
2284 2233 2404 2299 per
2447 2213 2765 2278 annulum
2813 2219 2882 2278 et
2915 2213 3242 2300 pastorale
3275 2211 3625 2278 baculum”

579 2315 1135 2403 adipiscerentur:
1182 2317 1439 2402 signum
1488 2321 1867 2400 externum,
1916 2336 2047 2403 quo
2095 2337 2355 2382 omnem
2403 2316 2861 2382 auctoritatem
2909 2340 2951 2383 a
2988 2337 3142 2404 rege
3180 2318 3250 2382 in
3290 2318 3629 2404 episcopos

584 2419 862 2486 derivari
910 2417 1254 2508 eidemque
1301 2421 1569 2507 penitus
1614 2420 1977 2506 subjectam
2024 2440 2169 2486 esse
2215 2420 2712 2506 significaretur.

807 2523 1206 2609 Hujusmodi
1244 2524 1413 2609 Juris
1461 2523 1885 2590 ecclesiastici
1933 2524 2248 2590 continua
2292 2524 2559 2589 violatio
2607 2543 2743 2589 non
2787 2528 3050 2611 poterat
3095 2524 3255 2612 quin
3295 2524 3627 2590 Ecclesiae

586 2633 807 2716 portas
836 2626 1125 2714 indignis
1157 2628 1561 2715 quibuslibet
1591 2628 1905 2693 ministris
1935 2629 2249 2716 aperiret,
2283 2628 2704 2693 simoniacam
2734 2625 3077 2694 induceret
3104 2628 3350 2711 labem,
3385 2630 3628 2695 clerum

583 2732 1101 2798 incontinentiae
1169 2733 1279 2798 lue
1348 2732 1848 2798 contaminaret.
1942 2731 2384 2798 Intolerabilis
2451 2730 2607 2797 inde
2663 2730 2996 2797 Ecclesiae
3044 2730 3368 2815 conditio,
3435 2752 3629 2818 quam

585 2858 734 2902 cum
782 2836 1032 2903 Summi
1076 2836 1436 2903 Pontifices
1492 2842 1561 2902 et
1608 2837 1959 2923 praecipue
2005 2836 2362 2922 Gregorius
2407 2856 2578 2923 papa
2623 2836 2760 2902 VH
2806 2835 2964 2900 totis
3010 2835 3258 2900 viribus
3307 2837 3630 2923 corrigere

589 2941 715 3006 nisi
777 2946 959 3025 sunt,
1022 2941 1291 3028 Imperii
1353 2961 1510 3007 vero
1572 2940 2046 3028 gubernatores
2106 2946 2175 3006 et
2218 2940 2569 3028 praecipue
2616 2940 2947 3006 Henricus
2997 2960 3116 3006 rex
3159 2939 3260 3005 IV
3305 2940 3631 3026 stabilire,

589 3046 973 3111 acerrimum
1019 3050 1234 3110 ortum
1282 3051 1385 3111 est
1429 3045 1604 3110 inter
1652 3042 2106 3109 Sacerdotium
2153 3050 2222 3110 et
2267 3043 2626 3130 Imperium
2673 3048 3027 3109 certamen.

808 3148 891 3213 In
922 3147 1346 3214 celeberrima
1377 3148 1500 3215 hac
1530 3147 2009 3231 controversia,
2050 3169 2219 3234 quae
2252 3146 2336 3214 de
2367 3147 2771 3213 Investitura
2799 3148 2997 3233 vulgo
3030 3146 3269 3212 dicitur
3294 3147 3380 3232 4),
3421 3148 3635 3234 regias

587 3259 806 3342 partes
851 3254 1262 3342 potissimum
1310 3254 1543 3319 sectati
1590 3258 1745 3318 sunt
1793 3252 2083 3339 episcopi
2128 3254 2586 3338 Trajectenses
2618 3250 3017 3317 Wilhelmus
3057 3252 3092 3316 I
3132 3251 3634 3337 (1056—1076)

589 3366 661 3426 et
703 3358 1043 3426 Conradus
1088 3364 1288 3444 gente
1334 3357 1589 3425 Suevus
1614 3358 1671 3441 ⁵)
1717 3358 2242 3442 (1076—1099).
2302 3354 2721 3423 Burchardus
2754 3377 3014 3443 quoque
3048 3376 3273 3421 eorum
3304 3376 3639 3422 successor

589 3465 667 3548 (†
715 3464 916 3546 1112)
959 3460 1192 3528 iisdem
1237 3461 1532 3548 vestigiis
1572 3462 1945 3529 insistendo
1992 3462 2280 3527 fideliter
2326 3460 2615 3527 Henrico
2665 3461 2804 3546 regi
2852 3458 3229 3526 adhaesisse
3275 3458 3481 3525 fertur
3503 3462 3580 3544 ⁶).

807 3565 962 3632 Non
1007 3565 1287 3631 multum
1333 3586 1489 3631 vero
1534 3571 1722 3653 post,
1782 3566 1919 3631 scil.
1968 3587 2074 3632 an.
2129 3566 2301 3630 1122
2350 3564 2650 3631 calixtus
2695 3584 2866 3651 papa
2911 3563 2983 3628 H
3028 3569 3098 3629 et
3144 3563 3472 3629 Henricus
3520 3585 3640 3630 rex

589 3672 653 3737 V
713 3670 1085 3758 pactionem
1144 3669 1478 3754 fecerunt3
1544 3670 1711 3734 inita
1772 3675 1874 3736 est
1939 3668 2304 3736 Concordia
2372 3668 2877 3734 Wormatiensis
2899 3668 2986 3752 ⁷),
3049 3667 3155 3733 cui
3218 3667 3642 3734 Godebaldus

591 3776 935 3863 episcopus
981 3774 1428 3859 TraJectensis
1474 3773 1615 3861 ipse
1663 3771 1875 3839 adfuit
1922 3779 2119 3860 atque
2168 3773 2572 3859 subscripsit.
2669 3771 2801 3839 Sed
2849 3771 3144 3858 quamvis
3190 3772 3643 3860 episcoporum

591 3879 825 3946 electio
864 3878 1078 3944 libera
1106 3878 1178 3943 in
1209 3882 1545 3965 posterum
1579 3876 1749 3943 foret
1780 3877 2083 3964 regisque
2113 3876 2508 3943 investitura
2541 3876 2680 3961 jam
2714 3881 2889 3940 esset
2920 3875 3262 3962 abrogata,
3312 3877 3647 3964 praesules

593 3984 1050 4069 Trajectenses
1096 3986 1331 4070 utpote
1377 3980 1646 4068 Imperii
1696 3980 1972 4046 clientes
2018 3980 2342 4047 artissime
2391 4000 2539 4044 cum
2586 3999 2740 4065 rege
2762 4027 2779 4061 ,
2825 3977 3122 4064 legitimo
3170 3999 3290 4043 suo
3334 3976 3645 4066 patrono,

593 4086 791 4153 etiam
858 4091 1091 4173 postea
1153 4084 1488 4171 conjuncti
1551 4090 1760 4150 erant.
1853 4084 1960 4149 Ita
2019 4084 2323 4149 Andreas
2387 4081 2790 4168 Cuyckensis
2851 4082 3393 4167 (1128-1138),
3454 4083 3650 4149 Heri-

599 4190 823 4257 bertus
868 4190 940 4273 (†
976 4189 1206 4274 1150),
1254 4186 1650 4254 Godefridus
1697 4187 1780 4254 de
1819 4187 2105 4254 Rhenen
2143 4187 2648 4271 (1156—1178)
2676 4186 2751 4270 8).
2811 4184 2942 4251 Hic
2980 4206 3209 4272 porro,
3253 4186 3647 4274 imperatore

598 4292 945 4360 F1ederico
993 4293 1029 4358 I
1074 4292 1362 4379 Trajecti
1408 4298 1756 4379 praesente
1799 4297 1868 4358 et
1908 4290 2262 4374 suadente,
2311 4289 2654 4376 episcopus
2687 4293 2788 4354 est
2819 4288 3069 4355 electus
3091 4290 3178 4373 ⁹);
3226 4288 3401 4354 unde
3432 4290 3647 4376 ipsum

603 4396 861 4464 assidue
924 4396 1008 4463 ad
1072 4396 1383 4485 principis
1430 4396 1800 4462 ambulasse
1848 4393 2152 4481 gradum,
2213 4393 2415 4459 etiam
2461 4391 2617 4458 dum
2665 4390 3055 4458 Fredericus
3102 4392 3455 4479 imperator
3498 4413 3647 4459 cum

595 4500 936 4567 Hadriano
983 4501 1083 4567 IV
1130 4506 1199 4567 et
1244 4498 1630 4566 Alexandro
1677 4500 1781 4565 ΙΠ
1829 4499 2114 4584 Summis
2160 4496 2596 4563 Pontificibus
2645 4495 2880 4563 acriter
2926 4495 3392 4581 dissentiebat,
3455 4495 3644 4563 facile

598 4603 860 4694 quidem
909 4604 1295 4691 explicatur.

820 4707 1138 4774 Similiter
1183 4707 1372 4773 aulae
1419 4705 1640 4793 regiae
1686 4705 2035 4773 familiares
2081 4703 2435 4770 admodum
2483 4709 2671 4770 erant
2716 4703 3085 4769 Balduinus
3128 4703 3209 4770 de
3257 4703 3645 4790 Hollandia,

761 5032 817 5095 1)
853 5030 959 5084 Cir.
992 5031 1053 5082 A.
1089 5030 1322 5082 Cauchie
1355 5030 1392 5082 l.
1428 5030 1463 5080 1.
1499 5028 1854 5080 Introduction
1887 5027 2149 5081 xxxin.

761 5113 817 5178 2)
848 5111 1145 5178 „Baculum
1192 5110 1406 5162 tradidit
1454 5109 1820 5176 pastoralem'’,
1861 5110 1935 5160 ita
1970 5110 2026 5161 in
2074 5110 2196 5161 Vita
2235 5109 2288 5160 8.
2323 5105 2585 5158 Friderici
2616 5104 2756 5157 Acta
2794 5106 2846 5157 8.
2881 5106 2934 5155 8.
2969 5105 3034 5156 ad
3069 5105 3116 5156 d.
3152 5104 3218 5155 18
3253 5105 3399 5157 Junii
3435 5122 3484 5170 p.
3516 5105 3643 5172 4623

598 5195 696 5247 cfr.
728 5193 959 5254 Archias
988 5192 1343 5243 Aambisdom
1387 5191 1596 5241 Ument
1630 5190 1747 5241 XX.
1781 5188 1998 5241 42-49.

762 5273 820 5329 3)
855 5274 936 5324 Ita
970 5274 1036 5325 de
1071 5273 1127 5324 S.
1162 5272 1414 5325 Bernulio
1446 5273 1530 5337 (ε’
1562 5270 1719 5331 1025)
1751 5271 1893 5336 apud
1928 5269 2226 5322 <Iohannem
2260 5268 2325 5320 de
2361 5267 2503 5319 Beka
2544 5266 2794 5318 Chronica
2827 5264 2910 5317 39.

764 5354 821 5417 4)
856 5354 935 5405 De
987 5369 1094 5419 qua
1136 5354 1358 5405 videsis:
1400 5351 1743 5404 Giesebrecht
1790 5352 1887 5403 111.
1933 5363 2064 5402 1-—11
2128 5351 2249 5415 (das
2295 5348 2622 5399 Kaismlum
2655 5347 2724 5398 im
2758 5346 2990 5412 Kampsa
3020 5347 3114 5399 mu
3146 5347 3254 5397 dem
3288 5347 3648 5414 Papsttlmm);

604 5450 707 5487 von
743 5434 922 5487 Hercle
960 5434 1482 5499 eoncilia-amazona
1515 5432 1585 5483 IV
1620 5438 1674 5483 et
1709 5432 1772 5484 V.

767 5515 824 5579 5)
864 5515 938 5566 De
973 5516 1170 5581 quibus
1203 5516 1299 5567 cfr.
1334 5514 1458 5566 Mon
1494 5511 1966 5577 Kerkymkiodcnis
2001 5512 2070 5562 11.
2105 5524 2142 5564 1.
2174 5508 2393 5563 62—79.
2660 5507 2717 5573 6)
2754 5508 2957 5560 Ibidem
2990 5507 3072 5560 80.

769 5594 825 5661 7)
860 5597 1012 5662 Apud
1048 5594 1135 5647 W.
1176 5594 1375 5647 Hedum
1408 5592 1655 5645 Historia
1688 5592 1787 5644 154
1820 5598 1872 5644 et
1908 5592 2059 5643 Pertz
2091 5592 2279 5657 Leman·
2313 5591 2382 5642 11.
2417 5590 2483 5642 76
2515 5590 2746 5656 diploma
2779 5590 2985 5656 legitur.

772 5675 828 5740 8)
863 5675 970 5728 Csr.
1007 5676 1131 5728 Mon
1165 5676 1202 5729 l.
1235 5676 1272 5728 l.
1303 5673 1557 5729 87-100.
1886 5672 1944 5738 9)
1979 5673 2082 5725 cfr.
2118 5673 2348 5725 Annales
2381 5672 2630 5737 Εφηιιηᾶ.
2663 5671 2816 5723 Pertz
2851 5671 2901 5723 8.
2939 5671 2988 5721 8.
3029 5669 3165 5721 xvl.
3200 5668 3314 5721 460.
