4450 6684
857 533 946 596 32
2149 529 2466 595 Cnnunns
2507 529 2629 595 VI.

1082 750 1443 815 Probitatis
1505 755 1593 815 et.
1620 796 1638 814 .
1666 795 1681 813 .
1709 796 1727 814 .
1789 750 1941 815 Non
2006 748 2424 815 obstantibus
2472 796 2488 812 .
2518 795 2533 812 .
2562 796 2579 814 .
2630 747 2806 835 qnod
2851 749 2923 813 in
2969 747 3436 814 Davantriensi
3481 769 3680 815 unam
3725 756 3793 815 et
3837 750 3910 815 in

853 854 1274 941 Derseborgh
1307 856 1457 939 (sic)
1489 855 1542 938 1)
1591 854 1883 920 ecclesiis
1917 854 2360 939 Trajeotensis
2395 853 2671 920 diocesis
2711 855 2907 923 aliam
2938 855 3214 921 vicarias
3244 861 3599 942 perpetuas
3631 856 3922 921 nosceris

855 962 1175 1026 obtinere.
1204 1009 1220 1025 .
1249 1007 1265 1024 .
1293 1008 1311 1026 .
1360 960 1513 1026 Dat.
1563 960 1932 1041 Avinione,
1979 959 2116 1025 VII
2162 959 2273 1025 Kl.
2323 958 2755 1044 Novembris,
2807 980 2979 1025 anno
3028 980 3225 1026 nono.

1274 1077 1395 1138 Rey.
1437 1077 1532 1125 Av.
1575 1072 1637 1125 T.
1671 1075 1760 1137 60,
1784 1077 1843 1140 s.
1882 1073 2021 1126 4620.

1005 1201 1062 1266 1)
1098 1201 1289 1266 Legae:
1327 1200 1651 1267 Doesborgh.

852 1608 1048 1675 1369.
1803 1609 2012 1689 1350,
2060 1606 2434 1672 Novembris
2479 1608 2554 1690 8,
2601 1607 2968 1671 Avenionis.

1171 1764 1462 1827 Mathiae
1508 1764 1583 1826 de
1633 1762 1857 1827 Castro
1893 1760 2266 1847 presbytero
2322 1761 2503 1845 Traj.
2549 1762 2740 1827 dioec.
2773 1761 3130 1827 conceditur
3148 1762 3560 1847 privileqium
3576 1761 3915 1846 plenariae

1080 1874 1356 1934 omnium
1391 1877 1797 1953 peccatorum
1845 1870 2228 1943 remissionis
2275 1869 2345 1931 in
2390 1868 2666 1932 articulo
2713 1868 2957 1932 mortis.

1077 2051 1394 2115 Provenit
1442 2071 1546 2115 eX.
1581 2098 1596 2114 .
1625 2098 1640 2114 .
1670 2098 1685 2113 .
1736 2050 1888 2114 Dat.
1938 2050 2311 2133 Avinione,
2358 2051 2457 2116 VI
2502 2050 2602 2116 Id.
2649 2050 3084 2137 Novembris,
3134 2072 3310 2117 anno
3357 2072 3554 2117 nono.

1276 2169 1399 2231 Rey.
1437 2170 1533 2219 Αυ.
1580 2170 1633 2218 Τ.
1669 2167 1759 2230 58,
1785 2170 1846 2231 s.
1884 2166 2000 2217 486.

2094 2431 2675 2438 ——————-——-——

854 2637 1044 2705 1370.
1785 2638 1965 2701 1350
1986 2686 2002 2719 ,
2051 2636 2422 2701 Novembris
2465 2639 2548 2700 21
2573 2684 2592 2720 ,
2639 2638 3007 2702 Avenionis.

1165 2791 1246 2855 H
1241 2793 1446 2855 enrico
1494 2789 1765 2854 Henrici
1810 2790 1886 2854 de
1946 2789 2392 2853 Woudrichem
2436 2788 2768 2872 confertur
2814 2791 3220 2855 canonicatus
3257 2796 3317 2854 et
3345 2796 3706 2854 reservatur
3722 2808 3917 2874 prae-

1076 2896 1275 2960 benda
1319 2898 1389 2960 in
1434 2897 1688 2960 ecclesia
1733 2895 1789 2959 b.
1837 2895 2094 2959 Mariae
2150 2895 2333 2978 Traj.
2385 2929 2469 2942 -
2520 2894 2940 2981 Deputantur
2986 2902 3356 2960 executores.

1076 3076 1457 3163 Apostolioe
1508 3076 1700 3142 sedis.
1728 3124 1746 3141 .
1775 3123 1790 3140 .
1822 3124 1837 3140 .
1885 3076 2042 3142 Dat.
2090 3076 2451 3160 Avinione,
2500 3076 2604 3142 XI
2651 3077 2761 3143 Kl.
2811 3076 3227 3162 Decembris,
3274 3098 3449 3143 anno
3498 3097 3695 3143 nono.

1274 3194 1397 3257 neq.
1432 3196 1530 3245 Ao.
1575 3197 1629 3245 T.
1664 3194 1755 3258 57,
1786 3192 2016 3280 ρων.

849 3659 1031 3727 1371.
1793 3661 2002 3742 1350,
2054 3660 2423 3725 Novembris
2470 3664 2589 3743 21,
2636 3660 2999 3724 Avenionis.

1171 3815 1462 3880 Johanni
1530 3817 1605 3880 de
1671 3816 2116 3900 Ameronqhen
2189 3814 2602 3880 Overdevecht
2669 3816 2890 3879 clerico
2969 3813 3153 3897 Traj.
3224 3814 3412 3878 dioec.
3479 3812 3929 3896 conferendum

1081 3930 1439 3986 reservatur
1500 3921 1860 4004 beneficium
1921 3925 2055 3985 sine
2120 3942 2308 4004 cura,
2368 3927 2657 4005 spectans
2703 3920 2790 3984 ad
2835 3921 3306 4005 dispositionem
3350 3919 3622 4004 capituli
3674 3917 3931 4001 Trajec-

1083 4029 1270 4091 tensis
1339 4034 1397 4091 et
1465 4029 1554 4091 40
1628 4028 1939 4091 librarum
2017 4026 2479 4091 Turonensium
2537 4045 2892 4111 parvorum
2953 4025 3232 4088 valorem
3296 4045 3422 4088 non
3480 4022 3791 4088 excedens.
3844 4059 3927 4070 —

1078 4134 1494 4219 Deputantur
1539 4141 1913 4198 executores.

1088 4316 1448 4382 Probitatis
1495 4321 1584 4381 et.
1612 4364 1629 4380 .
1661 4364 1677 4381 .
1704 4364 1720 4381 .
1773 4314 1925 4381 Dat.
1975 4314 2343 4397 Avinione,
2396 4314 2499 4379 XI
2543 4312 2655 4379 Kl.
2704 4311 3129 4394 Decembris,
3177 4331 3351 4376 anno
3396 4329 3593 4375 nono.

1279 4434 1405 4496 Rey.
1441 4435 1540 4483 Av.
1585 4435 1637 4482 T.
1673 4432 1767 4498 60,
1793 4434 1854 4498 s.
1889 4431 2005 4483 3³18.

862 4898 1049 4966 1372.
1603 4988 1616 4999 .
1817 4900 2027 4980 1350,
2073 4897 2429 4962 Decembris
2476 4899 2550 4981 2,
2597 4897 2960 4961 Avenionis.

1182 5050 1472 5114 Gerardo
1544 5048 1813 5114 Henrici
1882 5051 2048 5114 dicto
2123 5049 2420 5114 Vrenken
2486 5048 2908 5132 conferuntur
2977 5049 3384 5113 canonicatus
3453 5053 3512 5111 et
3562 5044 3933 5131 praebenda

1087 5161 1157 5221 in
1203 5157 1454 5221 ecclesia
1501 5156 1556 5220 b.
1609 5155 1863 5219 Mariae
1916 5155 2134 5237 Traj.,
2181 5163 2473 5220 vacantes
2505 5175 2632 5240 per
2679 5155 2916 5220 obitum
2965 5151 3238 5217 Ricardi
3281 5152 3359 5218 de
3396 5152 3695 5217 Embrica
3737 5159 3796 5217 et
3834 5151 3937 5215 die

1091 5268 1134 5329 6
1178 5265 1464 5349 Auqusti
1507 5285 1613 5328 an.
1661 5264 1840 5328 1349
1887 5263 2286 5347 dispositioni
2330 5262 2493 5326 sedis
2539 5263 2922 5347 apostolicae
2967 5266 3343 5324 reservatae.
3396 5296 3478 5306 —
3522 5258 3938 5343 Deputantur

1092 5377 1459 5435 executores.

1090 5553 1423 5619 Honestas
1471 5572 1746 5616 morum.
1777 5600 1793 5616 .
1823 5603 1835 5616 .
1867 5600 1882 5614 .
1931 5551 2084 5616 Non
2131 5549 2549 5616 obstantibus
2591 5596 2608 5612 .
2636 5595 2653 5613 .
2682 5595 2699 5612 .
2742 5546 2917 5635 quod
2952 5546 3296 5612 ecelesiam
3330 5544 3401 5610 in
3431 5543 3854 5630 Oudersohye
3879 5545 3936 5629 1)

869 5659 1312 5745 Trajeotensis
1375 5658 1650 5723 diocesis
1714 5662 1781 5722 et
1830 5663 2128 5743 quartam
2173 5655 2559 5744 pensionem
2606 5674 2896 5719 annuam
2942 5651 3183 5738 viginti
3229 5651 3544 5716 librarum
3590 5651 3933 5716 Turonen-
