4450 6684
1534 1272 2673 1360 INTRODUCTIO.

1866 1515 2356 1524 ———

813 1691 1262 1777 Diplomatum
1326 1691 1493 1756 serie
1556 1690 1637 1756 ad
1697 1690 2047 1756 terminum
2094 1712 2341 1777 usque,
2400 1712 2594 1777 quem
2643 1691 2724 1755 ab
2772 1691 2960 1755 initio
3009 1690 3466 1777 praefiximus,
3516 1690 3635 1755 sci-

583 1795 739 1860 licet
800 1817 1044 1861 annum
1107 1797 1356 1881 gratiae
1426 1797 1633 1876 1378,
1700 1795 1965 1860 tandem
2025 1795 2377 1881 aliquando
2427 1797 2551 1861 rite
2601 1795 2937 1878 absoluta,
2979 1796 3118 1880 jam
3165 1800 3372 1861 restat
3419 1795 3633 1859 Intro-

584 1899 865 1989 ducti0,-
897 1901 965 1964 in
1029 1921 1158 1986 qua
1219 1900 1537 1987 prolixius
1595 1899 1986 1966 disseremus
2034 1899 2125 1964 de
2173 1902 2539 1966 methodo
2589 1907 2666 1967 et
2713 1902 3070 1966 fontibus
3117 1901 3431 1987 primum,
3484 1907 3624 1966 tum

583 2003 673 2069 de
742 2005 983 2069 variis
1055 2006 1542 2090 argumentis
1609 2006 1884 2071 Bullarii
1954 2007 2431 2090 Trajectensis,
2505 2006 2787 2093 denique
2859 2005 2947 2072 de
3014 2006 3248 2071 rebus
3312 2005 3630 2070 rationi·

580 2108 912 2196 busque,
963 2110 1198 2196 quibus
1247 2109 1564 2175 dioecesis
1610 2116 1835 2175 nostra
1881 2110 2320 2195 Ultrajcctina
2369 2132 2513 2175 cum
2564 2111 2864 2177 Romano
2912 2111 3233 2177 Pontifice
3275 2111 3626 2194 conjuncta

582 2235 657 2278 eo
706 2220 1001 2301 tempore
1049 2220 1207 2280 erat.

2073 2382 2126 2445 I.

1460 2560 1579 2625 DE
1626 2560 2068 2626 METHODO
2117 2560 2231 2625 ET
2278 2559 2747 2626 FONTIBUS.

809 2766 1431 2852 Observationibus,
1504 2789 1666 2856 quas
1735 2769 1827 2834 de
1874 2768 2254 2833 methodo
2302 2770 2369 2833 in
2418 2769 2837 2834 Praefatione
2884 2769 3045 2853 feci,
3108 2769 3424 2835 nonnulla
3468 2770 3628 2833 mihi

576 2869 880 2936 addenda
929 2871 1255 2937 videntur.
2363 2892 2370 2900 ·

800 2976 1085 3042 Nomina
1130 3000 1556 3064 personarum
1606 2986 1674 3045 et
1720 2981 2010 3045 locorum
2059 2980 2199 3065 pari
2247 3001 2375 3065 quo
2424 2979 2494 3044 in
2541 2978 2831 3044 fontibus
2877 2979 3187 3063 leguntur
3226 2977 3419 3043 modo
3462 2978 3621 3045 fide·

577 3079 727 3144 liter
772 3081 1030 3146 tradere
1077 3082 1330 3165 studui,
1378 3084 1727 3171 praecipue
1775 3085 2033 3171 quoties
2080 3084 2341 3148 nonnisi
2393 3082 2765 3170 diplomatis
2807 3088 3191 3168 excerptum
3233 3083 3614 3169 exhibetur3

572 3183 767 3248 immo
839 3206 986 3250 cum
1056 3187 1275 3273 aliqua
1338 3187 1665 3253 scribendi
1730 3189 2011 3253 occurrit
2074 3188 2241 3251 ratio
2306 3207 2462 3273 prae
2512 3186 2786 3252 caeteris
2832 3186 3157 3269 notanda,
3207 3186 3433 3252 eadem
3484 3209 3614 3253 non

571 3290 841 3355 cursivis
902 3291 1109 3354 literis
1169 3291 1237 3355 in
1300 3297 1612 3378 excerpto
1660 3293 1976 3379 impressa
2022 3292 2326 3356 facillime
2376 3292 2848 3356 observabitur.
2943 3290 2998 3355 E
3046 3291 3399 3372 contrario,
3467 3313 3626 3377 quo-

572 3392 916 3460 dammodo
984 3395 1253 3460 liberius
1322 3418 1517 3482 agere
1588 3398 1834 3484 placuit
1904 3398 1973 3461 in
2042 3397 2122 3461 iis
2194 3396 2561 3481 excerptis,
2626 3416 2794 3481 quae
2861 3400 3000 3459 toto
3069 3394 3421 3480 diplomate
3483 3416 3618 3460 non

573 3505 817 3564 carent.
913 3501 1098 3566 Tunc
1161 3503 1404 3566 etenim
1471 3501 1758 3587 diploma
1810 3503 2023 3587 ipsum
2069 3501 2362 3566 nativam
2409 3500 2682 3565 exhibet
2731 3498 3058 3565 scribendi
3103 3500 3460 3583 rationem,
3510 3500 3614 3565 cui

572 3605 796 3669 censui
859 3605 926 3669 in
991 3612 1302 3694 excerpto
1358 3605 1787 3672 describendo
1834 3612 2167 3692 praestare
2212 3603 2481 3669 modum
2531 3604 2847 3670 hodierno
2894 3606 3042 3670 usui
3090 3604 3296 3690 magis
3344 3626 3616 3670 consen-

573 3713 861 3772 taneum.
956 3709 1176 3774 Primo
1239 3710 1441 3795 igitur
1506 3732 1660 3775 casu
1723 3711 2004 3775 scribere
2064 3709 2273 3774 soleo:
2339 3709 2667 3792 Ysabella,
2715 3709 3110 3792 Durdrecht,
3159 3709 3292 3774 vel:
3348 3709 3620 3791 „Milde-

572 3810 808 3896 borg”;
858 3814 1063 3878 altero
1112 3820 1362 3880 autem:
1398 3814 1707 3899 Isabella,
1741 3815 2179 3898 Dordracum,
2214 3813 2643 3897 Middelbury.
2708 3813 3196 3898 Nonnunquam
3228 3821 3610 3901 excerptum

572 3916 843 3981 exhibet
891 3918 1157 3982 nomina
1201 3904 1624 4004 personarum
1674 3923 1928 3986 uncinis
1976 3919 2364 4001 interclusa,
2413 3918 2569 4005 quia
2613 3916 2683 3980 in
2732 3916 3086 4003 diplomate
3134 3917 3611 3984 desiderantur.

570 4020 951 4105 Cujusmodi
998 4024 1257 4107 generis
1302 4025 1542 4089 rationi
1586 4024 1946 4090 hodiernae
1992 4045 2256 4110 prorsus
2304 4022 2614 4109 adaptata
2661 4028 2846 4104 sunt;
2895 4021 3080 4086 verbi
3125 4023 3366 4106 gratia:
3408 4023 3617 4106 (Wil-

570 4123 868 4209 helmus),
934 4126 1108 4212 quod
1172 4149 1411 4193 nomen
1458 4129 1527 4192 in
1573 4130 1815 4193 nostris
1864 4129 2238 4215 diplomatis
2285 4127 2676 4213 plerumque
2724 4126 2999 4210 legitur:
3056 4125 3459 4209 WillermuS,
3508 4128 3615 4192 vel

569 4229 801 4294 etiam:
868 4230 1243 4296 Willelmus.
1338 4232 1707 4298 Fatendum
1757 4239 1977 4299 tamen
2026 4238 2160 4316 est,
2209 4234 2550 4296 materiam
2598 4231 2766 4295 hanc
2816 4229 3308 4294 difficultatibus
3355 4237 3607 4297 scatere

568 4340 635 4398 et
680 4336 796 4400 vix
842 4334 923 4399 ad
973 4356 1170 4400 unam
1218 4336 1623 4422 eandemque
1672 4358 1964 4401 normam
2009 4337 2196 4422 dirigi
2241 4358 2466 4423 posse,
2518 4358 2687 4423 quae
2730 4336 2975 4422 ubique
3015 4344 3327 4401 servetur.
3395 4337 3612 4412 Quare

568 4440 838 4505 forsitan
903 4462 1030 4504 non
1099 4440 1336 4506 desunt
1398 4449 1512 4506 aut
1575 4442 1980 4506 voluntariae
2044 4446 2158 4505 aut
2220 4441 2701 4506 involuntariae
2759 4441 3183 4527 exceptiones
3232 4447 3458 4506 contra
3505 4444 3610 4508 vel

564 4544 782 4630 potius
852 4551 1111 4630 praeter
1177 4545 1347 4609 hanc
1416 4546 1738 4610 rationem
1811 4545 2139 4610 scribendi
2208 4546 2615 4630 generalem,
2694 4567 2862 4632 quae
2937 4552 3199 4611 acutum
3272 4546 3611 4631 cujusdam

566 4647 826 4714 oculum
876 4647 1230 4714 offendent.
1596 4711 1601 4717 .

787 4752 1046 4818 Indices
1122 4775 1550 4839 personarum
1622 4759 1690 4819 et
1755 4754 2054 4819 locorum
2126 4754 2540 4819 exhibebunt
2609 4755 2947 4819 nominum
3016 4754 3282 4819 modum
3347 4755 3615 4841 legendi

567 4856 796 4942 (siquis
844 4856 1263 4923 determinari
1308 4859 1586 4947 potest),
1635 4859 1748 4944 qui
1795 4858 2177 4945 saepissime
2228 4859 2541 4941 occurrit,
2581 4857 2664 4922 ad
2696 4879 2891 4944 quem
2921 4864 3153 4943 utpote
3185 4860 3612 4947 principalem

565 4961 722 5024 varii
788 4961 964 5026 modi
1010 4984 1138 5026 non
1190 4968 1449 5028 tantum
1495 4963 1799 5047 vulgares
1852 4968 2285 5046 revocantur3
2341 4962 2523 5027 verbi
2572 4962 2784 5047 gratia
2828 4962 3143 5027 Ysabella
3188 4985 3249 5027 v.
3298 4963 3613 5046 Isabella,

562 5063 935 5129 Durdrecht
994 5088 1054 5130 v.
1121 5066 1545 5132 Dordracum.
1636 5066 1769 5132 Ubi
1833 5089 1979 5132 cum
2044 5068 2370 5155 inspicere
2440 5066 2755 5150 volueris,
2818 5065 3075 5151 singula
3128 5087 3297 5152 quae
3344 5067 3426 5132 ad
3472 5088 3612 5132 rem

562 5166 808 5233 faciunt
878 5168 1234 5256 diplomata
1302 5171 1662 5238 secundum
1726 5192 2029 5236 numeros
2095 5171 2386 5236 indicata
2449 5170 2757 5256 reperies.
2849 5169 3168 5254 Nomina,
3232 5192 3399 5256 quae
3462 5173 3608 5258 plus

563 5274 762 5337 semel
808 5273 877 5336 in
925 5274 1155 5338 eodem
1206 5274 1562 5362 diplomate
1609 5281 1989 5358 occurrunt,
2039 5276 2348 5340 asterisco
2399 5274 2673 5358 signavi.

785 5377 969 5442 Haec
1018 5377 1101 5442 de
1147 5380 1457 5445 methodo
1506 5381 1808 5446 universe
1855 5380 2198 5445 sufficiant.
2257 5377 2447 5442 Nunc
2491 5382 2818 5463 superest,
2865 5383 2940 5441 ut
2988 5377 3245 5463 singula
3286 5378 3607 5465 quaedam

559 5480 1181 5546 animadvertantur.
2363 5488 2374 5503 “

780 5584 1178 5649 Pontificatu
1226 5586 1548 5651 Johannis
1593 5608 1802 5673 papae
1850 5588 2056 5653 XXII
2101 5587 2433 5673 ipsiusque
2473 5586 2540 5649 in
2587 5585 2897 5650 continuo
2938 5605 3382 5649 successorum
3423 5584 3598 5651 Ave-

562 5687 972 5752 nionensium
1039 5696 1351 5777 excerpta
1415 5698 1637 5755 nostra
1699 5692 2076 5779 saepissime
2141 5691 2239 5756 ita
2300 5690 2699 5777 expliciunt:
2765 5689 3177 5774 Deputantur
3221 5699 3602 5774 executoreS,

3139 5816 3198 5846 Q

3326 5866 3356 5921 1

3729 2983 3901 3032 Modus
3923 2987 4032 3035 scri·

3655 3051 3798 3100 bendi
3817 3055 4032 3104 nomina.

3668 5604 3955 5655 Executores
3965 5642 3979 5663 ,

3647 5673 4030 5722 conservatores.
