4450 6684
1756 547 2158 612 Ganeomus
2203 541 2326 606 XI.
3440 556 3569 621 233

507 797 766 863 cunque
828 776 1084 859 injuriis
1147 772 1361 838 eidem
1423 769 1755 857 preposito
1805 768 1941 831 sive
1987 765 2058 829 in
2105 785 2388 851 persona
2436 763 2573 827 sive
2619 764 2688 828 in
2736 765 2926 831 bonis
2971 790 3089 854 per
3137 777 3202 835 te
3251 793 3368 837 seu
3417 781 3565 840 tuos

504 881 868 969 irrogandis
916 902 1178 968 prorsus
1225 878 1556 944 abstineas
1604 882 1673 940 et
1721 881 1793 939 tu
1842 894 1995 938 eum
2043 872 2137 936 ita
2182 870 2635 935 favorabiliter
2682 878 3080 958 pertractes,
3146 878 3319 964 quod
3369 879 3451 946 de
3501 889 3567 947 te

509 1011 640 1054 non
702 989 943 1054 habeat
1004 986 1345 1051 materiam
1405 980 1869 1068 conquerendi.
1946 980 2096 1044 Dat.
2149 978 2518 1059 Avinione,
2565 978 2805 1043 XVIII
2849 980 2961 1045 Kl.
3009 982 3343 1068 Januarii,
3393 1010 3565 1053 anno

509 1095 817 1161 secundo.

924 1197 1144 1260 Regma
1190 1194 1442 1244 Vaticana
1485 1195 1538 1243 T.
1574 1191 1694 1255 268,
1720 1194 1780 1256 s.
1815 1189 1929 1240 226.

504 1583 694 1650 2116.
1428 1583 1652 1675 J372,
1704 1579 2059 1645 Decembris
2104 1582 2232 1662 16,
2281 1581 2641 1645 AvenioniS.

826 1738 1199 1803 Theoderico
1263 1738 1339 1802 de
1400 1737 1675 1802 Herwen
1736 1737 2157 1818 conferuntur
2220 1739 2629 1802 canonicatus
2689 1748 2747 1803 et
2805 1743 3163 1825 praebenda
3208 1750 3276 1810 in
3325 1754 3577 1818 ecclesia

726 1846 1151 1909 Arnhemensi
1210 1852 1500 1909 vacantes
1550 1865 1674 1927 per
1731 1843 1964 1906 obitu-m
2012 1843 2332 1927 Rutyheri
2377 1844 2658 1909 Pistoris
2704 1849 2870 1912 alias
2917 1850 3071 1915 dicti
3120 1852 3326 1919 Codde
3371 1865 3428 1922 et
3475 1861 3579 1925 die

730 1953 819 2016 13
866 1953 1155 2037 Auyusti
1194 1955 1489 2037 proxime
1534 1952 1746 2034 elapso
1794 1952 2124 2014 collationi
2167 1950 2333 2014 sedis
2380 1954 2758 2035 apostolicae
2802 1966 3171 2023 reservatae.
3226 2000 3308 2009 —
3357 1964 3575 2049 Depu-

733 2067 955 2123 tantur
999 2067 1366 2124 executores·

735 2246 892 2311 Vite
942 2268 1016 2311 ac
1063 2267 1336 2311 morum.
1366 2293 1382 2310 .
1413 2293 1427 2308 .
1459 2294 1472 2308 .
1540 2244 1690 2309 Dat.
1740 2243 2107 2321 Avinione‚
2156 2239 2360 2304 XVII
2406 2241 2517 2306 Kl.
2567 2242 2902 2328 Januarii,
2949 2269 3121 2312 anno
3171 2253 3480 2319 secundo.

928 2363 1052 2426 Rea.
1089 2363 1187 2412 Aa.
1231 2364 1284 2412 T.
1320 2361 1412 2419 12,
1439 2363 1500 2425 s,
1533 2358 1648 2410 ι231.

505 2762 685 2830 2117.
1491 2762 1703 2844 1373,
1749 2721 2066 2826 januarii
2109 2764 2182 2844 2,
2233 2763 2596 2829 Avenionis.

824 2937 966 3002 Ade
1022 2937 1346 3002 Hobbonis
1398 2935 1475 2999 de
1524 2934 1774 3019 Oatwyo
1820 2937 2053 2998 rectori
2085 2935 2489 3020 parochialis
2534 2939 2820 3002 ecclesiae
2865 2939 2942 3003 de
2991 2940 3490 3022 „Hemelissen”
3525 2947 3576 3028 l)

750 3044 931 3128 Traj.
995 3045 1182 3108 dioec.
1202 3091 1219 3125 ,
1271 3042 1672 3128 presbytero,
1719 3044 2024 3127 maqistro
2070 3045 2141 3106 in
2186 3043 2434 3108 artibus
2481 3052 2540 3108 et
2584 3047 2652 3110 in
2698 3046 2959 3110 decretis
3005 3047 3442 3133 baccalaureo,
3492 3052 3580 3116 ad

740 3153 1079 3213 triennium
1115 3149 1505 3234 indulgetur,
1547 3147 1718 3233 quod
1758 3149 1828 3211 in
1867 3147 2078 3213 studio
2109 3148 2571 3215 Aurelianensi
2611 3152 2768 3237 leqes
2805 3152 3032 3217 audire
3068 3175 3143 3217 ac
3181 3155 3377 3239 leqere
3411 3157 3576 3221 licite

728 3257 963 3337 valeat,
1000 3259 1260 3341 proviso
1305 3255 1476 3341 quod
1506 3255 1678 3319 dicta
1708 3255 1963 3318 ecclesia
1996 3254 2217 3320 debitis
2249 3278 2373 3321 non
2405 3257 2756 3340 fraudetur
2785 3259 3093 3344 obsequiis
3122 3268 3183 3325 et
3213 3263 3575 3327 animarum

726 3383 882 3427 cura
926 3365 1109 3429 nullo
1153 3363 1333 3428 modo
1378 3364 1448 3426 in
1493 3362 1704 3426 eadem
1748 3363 2133 3446 neqliqatur.

728 3546 1133 3612 Litterarum
1179 3548 1472 3612 scientia.
1501 3595 1517 3611 .
1546 3595 1562 3612 .
1592 3595 1608 3611 .
1655 3547 1808 3612 Dat.
1859 3546 2221 3629 Avinione,
2274 3547 2417 3612 1111
2466 3548 2639 3613 Non.
2680 3547 3007 3634 Januarii,
3058 3572 3230 3616 anno
3263 3552 3573 3618 secundo.

923 3664 1046 3727 περ.
1081 3664 1178 3713 Αυ.
1224 3665 1276 3712 T.
1313 3662 1406 3727 13,
1431 3665 1485 3727 s.
1524 3662 1639 3713 474.

656 3786 713 3852 1)
748 3789 1026 3854 Emelisse‚
1065 3790 1194 3841 olim
1229 3804 1396 3856 pagus
1431 3790 1488 3841 in
1525 3790 1788 3841 Zelandia.

410 4165 421 4172 ’
509 4191 697 4259 2118.
1498 4195 1697 4276 1373,
1746 4193 2063 4258 Januarii
2107 4195 2183 4274 9,
2230 4194 2595 4257 Avenionis.

821 4347 1051 4413 Oarolo
1082 4348 1161 4431 (I
1170 4347 1257 4431 V)
1288 4346 1721 4413 Romanorum
1752 4347 2147 4430 Imperatori
2175 4347 2546 4428 nunciatur,
2580 4345 3138 4430 dispensationem,
3174 4369 3367 4433 quam
3385 4352 3578 4434 petiit

726 4474 919 4539 super
979 4454 1415 4539 impedimento
1476 4455 2049 4538 consanyuinitatis
2111 4454 2280 4515 inter
2336 4453 2600 4515 Annam
2645 4459 2865 4516 natam
2910 4473 3092 4517 suam
3139 4462 3198 4519 et
3244 4456 3579 4521 'Albertum

725 4567 946 4624 natum
992 4561 1249 4625 Alberti
1292 4561 1470 4625 ducis
1517 4560 1913 4625 Hollandiae
1961 4558 2209 4641 defectu
2250 4578 2478 4622 causae
2509 4558 2917 4623 rationabilis
2947 4580 3074 4624 non
3103 4581 3281 4644 posse
3310 4563 3578 4627 concedi.

729 4739 1080 4808 Carissimo
1150 4743 1219 4807 in
1278 4742 1538 4808 Christo
1597 4740 1732 4805 filio
1779 4739 2016 4806 Oarolo
2064 4739 2445 4825 imperatori
2496 4740 2945 4805 Romanorum
2994 4762 3250 4829 semper
3295 4750 3575 4830 augusto

502 4847 782 4913 salutem
830 4855 940 4913 etc.

728 4955 1118 5021 Serenitatis
1180 4961 1292 5021 tue
1350 4956 1637 5038 litteras,
1701 4976 1821 5040 per
1887 4975 2049 5040 quas
2116 4953 2306 5018 nobis
2371 4954 2632 5019 noviter
2689 4954 2860 5019 sicut
2905 4960 3103 5021 antea
3149 4958 3393 5044 pluries
3441 4965 3576 5025 tam

501 5080 619 5146 per
676 5061 836 5126 alias
882 5062 1137 5127 litteras
1184 5082 1378 5148 quam
1426 5081 1543 5148 per
1591 5065 1738 5125 tuos
1786 5060 2056 5125 nuntios
2107 5059 2529 5146 supplicasti,
2586 5066 2661 5124 ut
2710 5081 2856 5125 cum
2907 5060 3146 5127 dilecta
3191 5064 3262 5127 in
3310 5064 3569 5131 Christo

499 5166 636 5231 filia
682 5167 888 5232 nobili
935 5168 1207 5232 muliere
1252 5166 1453 5233 Anna
1499 5171 1655 5231 nata
1703 5170 1819 5229 tua
1868 5170 1938 5229 et
1986 5163 2225 5230 dilecto
2266 5164 2401 5229 filio
2439 5164 2645 5229 nobili
2676 5165 2815 5230 viro
2850 5165 3127 5231 Alberto
3159 5175 3316 5232 nato
3349 5169 3572 5235 dilecti

501 5272 619 5336 filii
680 5273 920 5338 nobilis
981 5274 1103 5339 viri
1164 5273 1430 5339 Alberti
1492 5272 1677 5336 ducis
1737 5269 2133 5354 Hollandie,
2185 5270 2299 5356 qui
2348 5270 2545 5335 tertio
2593 5276 2661 5334 et
2709 5276 2941 5356 quarto
2988 5275 3575 5360 consanguinitatis

502 5380 708 5466 gradu
769 5381 1050 5447 invicem
1114 5402 1185 5447 se
1241 5382 1663 5467 contingunt,
1718 5383 1793 5443 ut
1843 5377 2355 5465 impedimento,
2407 5377 2583 5463 quod
2633 5398 2719 5442 ex
2765 5377 3138 5461 hujusmodi
3187 5382 3577 5468 consangui-

504 5487 714 5553 nitate
778 5488 1122 5576 provenit,
1185 5509 1319 5553 non
1382 5488 1725 5569 obstante,
1777 5491 1848 5551 tu
1897 5492 1965 5551 et
2009 5484 2187 5550 idem
2234 5484 2374 5548 dux
2423 5484 2688 5549 nomine
2737 5490 3040 5549 natorum
3087 5486 3414 5572 ipsorum,
3462 5489 3576 5575 qui

503 5594 717 5660 adhuc
764 5602 948 5678 sunt,
998 5597 1169 5662 sicut
1210 5596 1352 5682 ipse
1400 5595 1620 5660 littere
1666 5592 2131 5675 continebant,
2177 5593 2248 5656 in
2295 5591 2574 5656 infantia
2618 5592 2986 5678 constituti,
3028 5595 3385 5680 sponsalia,
3427 5617 3578 5682 pre·

498 5701 747 5789 fatique
792 5702 1110 5786 infantes,
1159 5723 1309 5767 cum
1355 5701 1438 5766 ad
1486 5705 1731 5766 etatem
1780 5700 1863 5765 ad
1909 5700 1978 5764 id
2014 5703 2235 5785 aptam
2265 5697 2731 5784 pervenerint,
2766 5700 3252 5766 matrimonium
3281 5703 3562 5769 invicem

718 5840 806 5899 11.
3274 5839 3354 5898 30
