4450 6684
841 516 973 580 300
1877 511 2220 576 Aeonum
2266 529 2347 575 m·
2395 511 2875 577 contemnum.

842 738 1070 804 ventui
1116 734 1496 801 monasterii
1541 735 1750 799 sancti
1807 735 1840 818 ΙΙ
1899 732 2186 821 Odulphi
2239 733 2308 797 in
2359 733 2621 799 Stantia
2667 732 2912 799 ordinis
2959 734 3169 798 sancti
3214 732 3586 816 Benedicti,
3635 734 3909 819 Trajec-

844 844 1045 910 tensis
1093 841 1419 929 dyocesis,
1468 842 1746 906 salutem
1795 847 1863 907 et
1910 842 2333 928 apostolicam
2384 840 2417 923 ΙΙ
2469 839 3017 906 benedictionem.

1069 952 1249 1016 Loca
1311 954 1687 1014 sanctorum
1749 948 2039 1014 omnium
2102 948 2211 1035 pia
2258 954 2412 1012 sunt
2458 946 2816 1013 devocione
2863 947 3156 1013 fidelium
3203 945 3615 1030 veneranda,
3665 953 3738 1012 ut
3783 947 3914 1013 Dei

842 1062 1243 1126 honorantes
1291 1056 1532 1123 amicos
1577 1056 1704 1143 ipsi
1749 1076 1868 1120 nos
1915 1055 2227 1120 amabiles
2273 1055 2415 1119 Deo
2449 1052 2760 1137 reddant,
2807 1060 2882 1118 ut
2912 1055 3169 1119 illorum
3206 1055 3398 1119 nobis
3430 1054 3910 1140 quodammodo

845 1168 1253 1234 vindicantes
1315 1162 1787 1251 patrocinium,
1853 1162 2025 1249 apud
2086 1162 2301 1249 ipsum
2366 1160 2538 1246 quod
2601 1161 2838 1225 merita
2884 1166 3108 1225 nostra
3153 1181 3287 1226 non
3335 1161 3638 1247 optinent
3683 1181 3908 1225 eorum

845 1292 1213 1338 mereamur
1284 1269 1863 1335 intercessionibus
1939 1270 2258 1355 optinere.
2369 1268 2728 1354 Cupientes
2804 1267 3005 1353 igitur
3074 1269 3414 1334 ecclesiam
3482 1273 3766 1333 vestram
3833 1268 3906 1331 in

846 1380 1162 1444 honorem
1230 1377 1409 1442 beati
1480 1374 1770 1462 Odulphi
1836 1374 2201 1440 dedicatam
2273 1375 2577 1459 congruis
2644 1374 3005 1440 bonoribus
3070 1373 3473 1461 frequentari
3537 1379 3613 1438 et
3683 1374 3910 1439 fideles

849 1485 1093 1552 Christi
1163 1482 1246 1547 ad
1317 1481 1854 1569 complacendum
1923 1483 1985 1546 ei
2047 1482 2233 1567 quasi
2297 1480 2685 1567 quibusdam
2749 1480 3052 1545 illectivis
3114 1481 3416 1568 premiis,
3477 1479 3912 1565 indulgenciis

848 1592 1098 1657 scilicet
1162 1596 1230 1655 et
1293 1589 1816 1671 remissionibus,
1877 1588 2191 1670 invitare,
2258 1586 2562 1652 omnibus
2625 1607 2778 1652 vere
2842 1587 3295 1673 penitentibus
3357 1592 3427 1651 et
3479 1588 3507 1672 ΙΙ
3561 1586 3907 1666 confessis,

853 1698 966 1784 qui
1028 1696 1111 1762 ad
1178 1695 1519 1760 ecclesiam
1580 1696 1787 1780 ipsam
1848 1696 1919 1758 in
1980 1693 2087 1759 die
2148 1692 2578 1758 dedicationis
2640 1692 2936 1778 ejusdem
2993 1714 3069 1757 ac
3115 1694 3185 1757 in
3230 1694 3401 1758 festo
3448 1693 3652 1780 ipsius
3699 1692 3910 1757 sancti

859 1823 1005 1866 cum
1055 1801 1410 1866 devocione
1458 1800 1884 1883 accesserint,
1936 1798 2371 1886 quadraginta
2417 1798 2557 1864 dies
2604 1797 2685 1863 de
2731 1799 3031 1884 injuncta
3076 1799 3199 1864 sibi
3246 1800 3621 1885 penitencia
3665 1798 3916 1863 miseri-

847 1907 1129 1973 corditer
1196 1908 1385 1972 annis
1452 1909 1479 1992 Η
1548 1907 1819 1993 singulis
1879 1907 2271 1972 relaxamus.
2363 1905 2608 1970 Datum
2670 1904 3016 1991 Lugduni,
3081 1905 3254 1971 XIII
3309 1905 3420 1970 Kl.
3471 1904 3913 1993 Septembris,

845 2016 1266 2102 pontificatus
1313 2015 1519 2079 nostri
1566 2034 1737 2078 anno
1787 2016 1847 2077 3.

1265 2147 1629 2212 Apoyraplmm
1661 2162 1785 2196 saec.
1824 2146 1883 2194 X
1895 2146 1936 2193 Ρ
1968 2145 2023 2194 in
2058 2146 2263 2195 archivo
2289 2161 2436 2211 prov.
2471 2145 2700 2210 Fri-tiae,
2735 2147 2951 2196 chartul.
2980 2147 3230 2211 praefati
3261 2145 3561 2197 monasterii
3586 2163 3644 2211 p.
3678 2145 3760 2197 28.

1272 2228 1496 2293 Colmjon
1530 2228 1763 2292 Royister
1795 2227 1856 2277 n·
1888 2227 2002 2291 72*‚
2043 2228 2132 2278 ubi
2168 2243 2443 2292 perperam
2478 2229 2579 2278 sub
2614 2229 2698 2279 die
2733 2227 2798 2278 19
2831 2229 2964 2294 Aug.

848 2736 1042 2804 2276.
1092 2735 1345 2814 (lewa)
1830 2736 2045 2818 1245,
2093 2738 2378 2821 Auyusti
2424 2738 2551 2820 29,
2599 2736 2925 2822 Luyduni.

1167 2893 1406 2958 Abbati
1461 2895 1826 2958 monasterii
1871 2892 1938 2957 S.
1991 2891 2278 2978 odulphi
2320 2896 2388 2958 in
2437 2893 2707 2957 Stauria
2753 2897 3010 2979 qjusque
3052 2894 3371 2977 fratribus
3417 2895 3554 2959 ord.
3605 2894 3672 2957 S.
3719 2893 3918 2958 Bene--

1080 3000 1234 3064 dicti
1297 3002 1744 3066 monasterium
1802 3000 1916 3064 sub
1974 3001 2318 3084 apostolica
2379 3002 2727 3085 suscipitur
2779 3004 3171 3085 protectione
3229 3002 3485 3086 suisque
3529 3002 3598 3064 in
3642 3001 3917 3085 requiis,

1062 3105 1592 3190 possessionibus,
1630 3106 1989 3192 privileyiis
2035 3104 2472 3187 confirmatur.

1075 3287 1485 3373 Religiosam
1541 3288 1742 3353 vitam
1797 3288 2214 3374 eligentibus.
2244 3337 2259 3353 .
2289 3337 2304 3353 .
2334 3337 2349 3353 .
2443 3289 2522 3352 In
2570 3288 2807 3375 quibus
2855 3287 2976 3352 hec
3022 3287 3301 3375 propriis
3351 3285 3657 3351 duximus
3705 3286 3917 3374 expri-

856 3393 1099 3459 menda
1157 3392 1529 3458 vocabulis:
1594 3393 1810 3458 locum
1864 3395 2115 3480 ipsum,
2163 3395 2235 3458 in
2281 3414 2411 3481 quo
2457 3394 2783 3482 prefatum
2833 3394 3298 3459 monasterium
3347 3395 3544 3458 situm
3590 3399 3726 3476 est,
3776 3415 3922 3459 cum

853 3499 1157 3565 omnibus
1226 3499 1649 3585 pertinenciis
1719 3501 1887 3585 suis,
1958 3501 2139 3567 beati
2210 3501 2539 3587 Odulphi,
2611 3500 2805 3566 beate
2875 3499 3081 3566 Marie
3143 3501 3213 3565 in
3277 3501 3548 3567 Staurat
3593 3501 3780 3584 (sic),
3839 3499 3921 3565 de

851 3606 1112 3674 Laxum
1138 3605 1219 3688 l),
1269 3604 1352 3671 de
1405 3605 1750 3672 Werdesle
1774 3608 1860 3690 2),
1910 3605 1992 3673 de
2032 3604 2442 3688 Karnewalt,
2491 3606 2574 3673 de
2605 3603 3009 3692 Murlinghe,
3058 3605 3140 3671 de
3172 3606 3396 3671 Harcb
3423 3607 3505 3691 3),
3555 3606 3638 3671 de
3671 3605 3920 3672 Hinde·

853 3713 1035 3799 Iope,
1088 3710 1170 3777 de
1218 3711 1563 3778 Garsmere
1586 3714 1671 3796 ¹·),
1721 3711 1802 3778 de
1851 3714 2198 3780 Santforde
2225 3716 2317 3797 5),
2367 3712 2449 3779 de
2495 3714 2814 3779 Heselum
2839 3716 2930 3797 6),
2981 3712 3061 3779 de
3109 3713 3538 3797 Hoedewalt,
3588 3712 3671 3779 de
3719 3714 3919 3781 Alde·

851 3817 1172 3902 kerke7),
1245 3816 1326 3882 de
1375 3817 1840 3905 Ypoldekerke
1867 3821 1954 3903 8),
2002 3818 2086 3885 de
2133 3820 2371 3885 Wicke
2396 3821 2479 3903 9),
2530 3819 2613 3885 de
2660 3819 2958 3902 Fax-lare,
3007 3819 3089 3885 de
3138 3819 3431 3905 Artbne,
3482 3819 3564 3885 de
3613 3820 3925 3908 Scerpen·

853 3925 989 3991 sele
1015 3925 1130 4008 10),
1183 3924 1265 3990 de
1298 3924 1571 3991 Rutbne
1596 3926 1707 4010 l1),
1758 3924 1841 3992 de
1880 3926 2312 3992 Sevenhusen
2337 3927 2449 4011 12),
2491 3925 2571 3991 de
2608 3925 2924 4009 Silebam,
2968 3924 3049 3991 de
3081 3925 3488 4010 Marenesse,
3530 3926 3612 3992 de
3644 3927 3924 4013 Nagele,

853 4030 936 4095 de
1008 4029 1368 4095 Emelivert
1394 4031 1512 4114 13),
1574 4030 1656 4096 de
1709 4032 1888 4097 Urch
1916 4033 2030 4116 ¹4),
2095 4031 2177 4098 de
2225 4033 2570 4118 Drenrine
2597 4032 2679 4115 1⁵)
2743 4037 2810 4098 et
2856 4031 2938 4097 de
2986 4031 3337 4098 Oesterzee
3368 4034 3447 4116 ι11)
3509 4032 3815 4098 ecclesias
3862 4036 3930 4096 et

851 4135 1170 4221 capellam
1224 4136 1401 4203 beati
1442 4137 1717 4224 Nycolai
1749 4136 1830 4202 de
1860 4138 1979 4203 Fle
2013 4159 2161 4203 cum
2194 4139 2496 4204 omnibus
2526 4138 2811 4225 ipsarum
2843 4139 3364 4225 possessionibus
3397 4145 3466 4205 et
3498 4138 3918 4226 pertinenciis

861 4241 1263 4308 Obboewald
1314 4243 1480 4325 suis,
1529 4243 1610 4309 de
1657 4244 2068 4328 Karnewalt,
2117 4244 2198 4310 de
2254 4245 2755 4332 Scherpensele,
2805 4244 2887 4311 de
2925 4245 3134 4328 Urch,
3183 4245 3267 4312 de
3310 4246 3637 4333 Sudergo,
3690 4244 3771 4312 de
3809 4245 3927 4310 Fle

854 4353 925 4412 et
988 4348 1070 4413 de
1138 4348 1608 4437 Algodeldorp.
1637 4398 1653 4413 .
1681 4398 1696 4413 .
1725 4397 1742 4414 .
1834 4351 2080 4416 Datum
2144 4349 2455 4437 Lugduni
2515 4372 2632 4438 per
2691 4372 2955 4416 manum
3002 4351 3295 4438 magistri
3344 4353 3646 4434 Martini,
3701 4356 3927 4417 sancte

857 4454 1159 4519 Romane
1221 4455 1550 4540 (ecclesie)
1613 4456 2178 4542 vycecancellarii,
2241 4456 2382 4521 IIII
2443 4456 2554 4522 Kl.
2622 4456 3056 4544 Septembris,
3112 4456 3472 4523 indictione
3518 4458 3692 4524 XIII
3737 4457 3923 4541 (sic),

861 4559 1349 4626 Incarnacionis
1392 4560 1714 4627 dominice
1753 4583 1925 4628 anno
1958 4561 2351 4645 MOCXLV,
2391 4561 2812 4649 pontificatus
2850 4584 3006 4629 vero
3047 4562 3294 4628 domini
3336 4564 3716 4630 Innocencii
3755 4583 3925 4651 pape

855 4666 998 4732 IIII
1045 4688 1217 4732 anno
1267 4668 1491 4733 tercio.

1276 4801 1646 4866 Apoyraphum
1678 4817 1804 4852 saec.
1839 4802 1963 4851 XV
1987 4802 2043 4852 in
2075 4802 2283 4854 archivo
2309 4820 2456 4869 prov.
2492 4805 2701 4855 Frisios
2734 4805 2772 4854 l.
2806 4822 2848 4854 c.
2879 4821 2934 4869 p.
2968 4804 3014 4855 4.

1283 4884 1512 4948 Goan'on
1547 4884 1781 4947 Reyiaetor
1811 4885 1870 4935 κο
1903 4883 2019 4949 73*,
2059 4886 2150 4936 ubi
2187 4901 2461 4951 perperam
2496 4888 2597 4938 sub
2632 4888 2717 4939 die
2749 4887 2816 4938 28
2850 4887 2984 4953 Aug.

1006 5027 1063 5091 1)
1101 5027 1387 5079 Laaksum.
1608 5028 1664 5093 2)
1700 5029 2008 5081 Weerselo‘l
2233 5031 2288 5096 3)
2327 5031 2539 5081 Harich.
2758 5029 2813 5092 4)
2849 5028 3246 5082 Garrelsmeer‘?
3466 5031 3524 5096 5)
3559 5029 3824 5081 Santfirde
3860 5031 3942 5080 vel

846 5109 1154 5160 Zandvoort.
1353 5110 1411 5175 6)
1451 5111 1691 5163 Hieslum
1726 5113 1805 5163 vel
1842 5112 2059 5163 Jeslum.
2262 5113 2317 5178 7)
2356 5113 2655 5164 Oudckerk.
2855 5112 2911 5177 8)
2949 5114 3242 5180 lpekolsga.
3440 5113 3498 5178 9)
3534 5113 3697 5180 Wijk.

1007 5193 1097 5258 10)
1135 5193 1531 5260 Scherpenzeel.
1732 5196 1820 5260 11)
1856 5196 2117 5247 Rottum‘?
2319 5196 2408 5261 12)
2446 5197 2828 5247 chenhuizen.
3029 5197 3119 5262 13)
3154 5198 3505 5249 Emmeloord.

1009 5278 1100 5341 14)
1136 5278 1317 5329 Insula
1351 5278 1479 5331 Urk.
1680 5279 1768 5344 15)
1805 5279 2070 5345 Dronrijp.
2269 5280 2360 5344 16)
2400 5279 2689 5331 Oosterzee.

2076 5560 2658 5568 ——-————
