4450 6684
1812 556 2146 622 Ummws
2198 556 2283 622 V.
3457 560 3577 623 151

513 772 957 841 1819-1821.
1498 776 1715 878 Δ1366
1732 825 1749 859 ,
1800 776 2035 840 Martii
2081 778 2154 857 9,
2207 776 2569 840 Avenionis.

828 930 914 995 A.
985 929 1253 995 Alberto
1299 930 1450 994 duci
1492 929 1816 994 Bavariae
1863 932 2140 994 iteratur
2187 929 2555 995 adhortatio
2576 980 2592 1013 ,
2647 937 2722 994 ut
2767 933 3021 996 monitis
3068 931 3257 995 Petri
3301 932 3587 1017 episcopo

746 1035 1213 1101 Cameracensis
1257 1058 1379 1122 pro
1428 1036 1845 1119 reformanda
1878 1058 2040 1121 pace
2086 1039 2460 1122 acquiescat.

830 1142 910 1207 Β.
982 1142 1342 1207 Ludovicus
1373 1162 1567 1207 comes
1599 1141 1917 1207 Blesensis
1950 1149 2260 1225 monetur,
2291 1150 2366 1206 ut
2385 1143 2693 1228 praefato
2717 1143 2916 1208 Petro
2947 1146 3176 1208 nuncio
3207 1142 3296 1206 ad
3323 1144 3585 1207 eurtdem

735 1246 927 1330 finem
972 1247 1330 1313 collaboret.

827 1354 903 1420 O.
973 1355 1136 1419 Item
1184 1356 1512 1421 Johannes
1560 1357 1636 1421 de
1680 1356 1894 1421 Blesio
1940 1356 2232 1420 dominus
2277 1356 2353 1419 de
2401 1356 2861 1422 Schoonhoven.

739 1520 1004 1586 Dilecto
1073 1521 1207 1586 filio
1273 1522 1479 1587 nobili
1541 1523 1680 1586 viro
1744 1521 2022 1588 Alberto
2086 1521 2238 1587 duci
2298 1522 2609 1604 Bavarie,
2672 1523 3096 1608 gubernatori
3158 1523 3586 1587 comitatuum

520 1626 913 1709 Hannonis,
964 1628 1320 1694 Hollandie
1369 1636 1437 1694 et
1483 1628 1797 1695 Zelandie
1845 1630 2126 1694 salutem
2173 1637 2285 1694 etc.

736 1734 1004 1800 Dudum
1054 1736 1137 1800 ad
1189 1744 1486 1801 nostrum
1535 1736 1840 1801 dolenter
1886 1735 2173 1801 deducto
2223 1735 2554 1819 auditum,
2605 1736 2781 1823 quod
2814 1737 2987 1802 inter
3021 1744 3087 1802 te
3120 1759 3205 1802 ex
3237 1759 3370 1802 una
3401 1743 3586 1824 parte

513 1844 586 1903 et
637 1838 911 1905 dilectos
958 1841 1128 1905 filios
1177 1842 1430 1906 nobiles
1477 1843 1650 1907 viros
1698 1842 2073 1907 Johannem
2123 1842 2428 1906 comitem
2478 1843 2646 1906 Licii
2694 1863 2769 1906 ac
2817 1841 3188 1908 Gnidonem
3238 1851 3310 1908 et
3343 1844 3582 1929 Engel-

514 1945 776 2011 bertum
841 1947 922 2013 de
984 1950 1206 2036 Angia
1260 1950 1495 2014 fratres
1544 1970 1632 2015 ex
1678 1950 1885 2014 altera
1931 1949 2147 2033 gravis
2197 1954 2340 2013 erat
2387 1947 2708 2013 discordie
2757 1969 2831 2013 ac
2878 1971 3260 2034 guerrarum
3307 1952 3582 2015 materia

510 2055 858 2140 suscitata,
924 2077 1043 2121 nos
1101 2057 1548 2123 venerabilem
1594 2057 1861 2121 fratrem
1909 2061 2205 2119 nostrum
2254 2055 2526 2120 Petrum
2575 2055 2951 2141 episcopum
3000 2055 3574 2139 Cameracensem,

516 2165 873 2249 apostolice
945 2164 1119 2229 sedis
1192 2165 1538 2246 nuncium,
1615 2171 1769 2228 tunc
1835 2162 2007 2248 apud
2072 2162 2295 2227 sedem
2360 2162 2828 2227 consistentem
2877 2162 3188 2245 eandem,
3250 2162 3333 2227 ad
3382 2170 3448 2229 te
3496 2186 3571 2229 ac

512 2268 725 2335 dictos
774 2271 1027 2337 nobiles
1073 2294 1192 2359 pro
1240 2269 1654 2336 reformanda
1699 2291 1858 2357 pace
1905 2271 2080 2334 inter
2128 2276 2192 2334 te
2242 2276 2310 2334 et
2354 2270 2531 2355 ipsos
2579 2269 2833 2333 nobiles
2883 2268 3190 2334 duximus
3238 2270 3572 2337 destinan-

512 2374 673 2440 dum
718 2377 991 2464 ipseque
1040 2379 1422 2464 episcopus,
1471 2383 1667 2463 prout
1714 2377 1902 2441 nobis
1951 2378 2318 2462 rescripsit,
2366 2377 2522 2441 licet
2569 2382 2644 2440 tu
2691 2375 3187 2441 exhortationes
3220 2383 3287 2441 et
3319 2380 3569 2445 monita

517 2503 637 2568 per
684 2504 835 2548 eum
885 2506 971 2549 ex
1017 2491 1242 2550 nostra
1288 2490 1477 2570 parte
1528 2483 1645 2547 tibi
1693 2483 1868 2548 facta
1899 2484 2225 2569 receperis
2258 2489 2667 2565 reverenter,
2717 2488 2939 2547 tamen
2970 2483 3345 2568 hujusmodi
3378 2486 3577 2551 refor-

520 2589 829 2655 mationis
894 2590 1068 2656 dicte
1130 2590 1310 2677 pacis
1375 2591 1714 2676 negotium
1778 2588 2069 2654 nondum
2134 2590 2351 2675 potuit
2405 2587 2766 2674 perducere
2813 2588 2896 2653 ad
2944 2589 3267 2654 effectum.
3364 2591 3581 2667 Quare

519 2696 937 2762 nobilitatem
1000 2704 1181 2762 tuam
1227 2717 1535 2784 rogamus
1584 2704 1652 2762 et
1698 2697 2035 2761 hortamur
2082 2702 2339 2761 attente
2362 2745 2379 2779 ,
2441 2697 2749 2781 quatinus
2797 2695 3067 2781 provide
3114 2718 3398 2783 pensans
3446 2702 3585 2766 ani-

514 2824 766 2868 marum
815 2804 1107 2890 pericula
1154 2805 1412 2890 aliaque
1462 2805 1633 2869 mala
1679 2804 2054 2886 innumera,
2105 2824 2234 2889 que
2283 2824 2367 2868 ex
2417 2803 2714 2889 ejusdem
2761 2804 2939 2891 pacis
2986 2802 3300 2869 dilatione
3330 2808 3586 2891 possint

527 2910 969 2976 verisimiliter
1012 2912 1392 2998 provenire,
1438 2911 1602 2976 velis
1651 2911 1809 2975 dicti
1849 2911 2138 2997 episcopi
2171 2910 2436 2974 monitis
2468 2909 2899 2975 effectualiter
2931 2910 3345 2996 acquiescere
3379 2934 3588 3000 eaque

517 3038 638 3103 pro
685 3023 909 3082 nostra
955 3024 1024 3083 et
1071 3017 1244 3083 dicte
1292 3017 1466 3083 sedis
1513 3018 1892 3083 reverencia
1938 3016 2319 3103 adimplere.
2370 3015 2524 3081 Dat.
2573 3015 2941 3099 Avinione,
2990 3015 3125 3081 VII
3169 3016 3269 3080 Id.
3317 3017 3580 3104 Marcii,

514 3145 693 3189 anno
739 3132 992 3212 quarto.

743 3231 832 3296 In
876 3254 926 3297 e.
975 3255 1058 3297 m.
1123 3230 1379 3297 dilectis
1438 3231 1587 3296 filiis
1650 3230 1981 3296 nobilibus
2029 3230 2184 3295 viris
2233 3229 2524 3295 Johanni
2570 3230 2792 3295 comiti
2839 3230 3006 3295 Licii
3054 3252 3130 3296 ac
3178 3231 3467 3297 Gnidoni
3515 3237 3588 3298 et

517 3336 921 3424 Engelberto
970 3339 1052 3404 de
1101 3338 1322 3424 Angia
1368 3338 1677 3403 fratribus
1727 3338 2007 3403 salutem
2053 3345 2165 3402 etc.

935 3475 1014 3524 Be
1050 3513 1062 3525 .
1108 3475 1226 3527 ναι.
1271 3476 1325 3525 T.
1362 3473 1460 3524 248
1556 3512 1569 3523 .
1603 3472 1684 3524 63.

937 3491 1252 3622 Seguuntur
1283 3476 1559 3622 epistola?
1567 3559 1631 3607 ad
1668 3557 1900 3607 diversos
1936 3558 2173 3621 ipsarum
2209 3556 2443 3619 partium
2479 3555 2709 3618 nobilae,
2748 3555 2840 3618 qui
2875 3569 2999 3605 cum
3023 3555 3181 3606 Petro
3209 3557 3447 3621 episcopo
3477 3556 3604 3607 huic

869 3644 985 3707 paci
1022 3644 1386 3694 reformandae
1420 3642 1662 3693 laborent
1699 3648 1976 3708 rogantur.
2047 3642 2195 3691 luter
2231 3640 2385 3691 alios:

750 3779 987 3844 Eodem
1032 3779 1213 3844 modo
1260 3778 1466 3843 nobili
1513 3779 1650 3843 viro
1699 3778 2038 3843 Ludovico
2087 3778 2311 3843 comiti
2357 3776 2676 3841 Blesensi.

757 3884 995 3951 Eodem
1062 3885 1242 3949 modo
1315 3884 1520 3948 nobili
1589 3885 1726 3949 viro
1799 3885 1843 3950 J
1847 3885 2088 3949 ohanni
2160 3883 2243 3948 de
2311 3883 2532 3948 Blesio
2602 3882 2829 3964 militi,
2895 3880 3159 3945 domino
3223 3881 3305 3946 de
3370 3881 3591 3946 Swen-

523 3996 742 4060 hoven
786 3995 957 4076 (sic).

752 4099 936 4165 Sicut
983 4099 1143 4163 alias
1192 4104 1326 4163 tue.
1355 4146 1370 4161 .
1399 4143 1416 4161 .
1442 4142 1459 4160 .
1515 4097 1667 4163 Dat.
1717 4105 1794 4162 ut
1837 4117 2058 4182 supra.

1750 4383 2332 4390 ———.-———————

518 4618 716 4687 1822.
1509 4620 1727 4701 1366,
1774 4619 2012 4682 Martii
2058 4620 2181 4700 19,
2235 4617 2597 4681 Avenionis.

854 4774 906 4838 U
916 4776 1070 4839 lrico
1122 4773 1461 4838 Giselberti
1505 4775 1581 4838 de
1626 4775 2033 4861 Dypenhem,
2080 4778 2387 4858 maqistro
2437 4775 2506 4836 in
2553 4771 2832 4852 artibus,
2882 4771 2996 4855 qui
3040 4769 3155 4832 diu
3201 4768 3482 4832 Parisiis
3526 4769 3598 4832 in

754 4880 1064 4963 theoloyia
1097 4879 1378 4963 studuit,
1409 4881 1876 4961 confirmantur
1906 4882 2318 4945 canonicatus
2349 4886 2409 4943 et
2436 4877 2842 4965 praebenda,
2878 4896 3040 4961 quas
3072 4882 3362 4938 vacantes
3393 4894 3467 4937 cx
3497 4894 3595 4955 eo,

757 4986 926 5071 quod
972 4987 1214 5050 Petrus
1262 4986 1517 5051 Bochus
1565 4989 1826 5052 clericus
1872 4990 1943 5051 in
1974 4986 2324 5051 minoribus
2357 4983 2687 5049 ordinibus
2718 4985 3094 5047 constitutus
3125 4982 3599 5044 matrimonium

752 5114 893 5157 cum
940 5093 1220 5178 quadam
1266 5094 1529 5158 muliere
1573 5097 1794 5176 inivit,
1844 5097 1910 5157 in
1959 5096 2213 5159 ecclesia
2261 5092 2330 5156 S.
2379 5092 2702 5156 Johannis
2757 5088 2939 5171 Traj.
2990 5087 3279 5152 obtinuit.

759 5278 1165 5342 Litterarum
1219 5278 1514 5342 scientia.
1544 5326 1558 5341 .
1590 5326 1603 5340 .
1631 5326 1645 5341 .
1696 5278 1849 5343 Dat.
1899 5278 2267 5361 Avinione,
2317 5275 2526 5341 XIIII
2571 5274 2683 5339 Kl.
2731 5271 3016 5359 Aprilis,
3065 5290 3238 5334 anna
3287 5275 3539 5354 quarto.

948 5413 1072 5476 Περ.
1107 5413 1205 5462 Αυ.
1249 5415 1301 5462 Τ.
1342 5411 1428 5477 13,
1457 5415 1516 5478 s.
1556 5413 1670 5464 599.
