4450 6684
899 481 1030 545 298
1924 478 2271 546 Annnmu
2317 498 2398 544 m·
2445 479 2923 546 Uortumnum.

896 706 1101 792 ipsius
1162 704 1452 770 caritatis
1512 706 1853 787 affectum,
1916 725 2044 792 quo
2107 705 2385 791 amplius
2447 706 2650 792 patris
2710 706 2810 770 sui
2863 707 2988 773 hoc
3034 706 3307 794 requirit
3353 706 3605 771 sincera
3651 702 3909 770 devotio
3935 750 3955 784 ,

897 834 1094 900 quam
1156 832 1312 898 erga
1373 833 1493 878 nos
1555 818 1624 877 et
1683 813 2051 877 Romanam
2114 812 2455 877 ecclesiam
2517 833 2743 898 gerere
2799 814 3278 901 comprobatur.
3372 813 3548 879 Hinc
3595 817 3734 890 est,
3782 809 3954 897 quod

901 919 984 986 ad
1052 921 1366 1009 premissa
1413 918 1709 985 debitum
1754 924 2123 1006 respectum
2168 918 2525 1001 habentes,
2580 919 3020 1005 'trajectensis
3066 920 3340 986 ecclesie
3386 921 3840 986 canonicatum
3886 921 3954 981 et

904 1026 1341 1113 prebendam,
1398 1045 1525 1111 que
1573 1023 1646 1090 C.
1693 1024 1894 1089 frater
1939 1045 2094 1089 suus
2143 1023 2502 1089 dinoscitur
2548 1025 2885 1108 habuisse,
2937 1047 3193 1091 necnon
3240 1047 3525 1091 annuam
3572 1025 3952 1112 pensionem

899 1131 1126 1199 decem
1189 1152 1549 1197 marcarum
1571 1180 1588 1214 ,
1654 1132 1722 1194 in
1769 1130 2006 1216 quibus
2053 1130 2446 1196 venerabilis
2492 1131 2694 1196 frater
2745 1137 2969 1197 noster
3015 1179 3032 1195 .
3062 1179 3078 1195 .
3127 1133 3568 1218 Trajectensis
3614 1131 3953 1218 episcopus

905 1240 1257 1307 tenebatur
1302 1238 1514 1305 eidem
1559 1248 1667 1304 etc.
1716 1247 1791 1305 ut
1834 1260 2037 1324 supra
2074 1260 2303 1325 usque:
2348 1242 2691 1327 pervenire
2739 1241 2821 1305 ad
2866 1241 3141 1307 liberam
3172 1243 3680 1328 resignationem
3712 1242 3949 1328 ipsius,

899 1348 1076 1414 dicto
1139 1347 1372 1413 clerico
1436 1346 1517 1414 de
1580 1348 1790 1433 gratia
1848 1346 2156 1411 duximus
2204 1346 2665 1430 conferendas,
2723 1348 2959 1435 quibus
3005 1348 3340 1413 comodius
3388 1347 3605 1413 studio
3652 1348 3950 1414 insistere

906 1457 1125 1521 valeat
1172 1461 1238 1520 et
1285 1455 1367 1520 ad
1415 1455 1688 1520 scientie
1735 1454 2062 1537 bravium,
2111 1454 2414 1539 effugatis
2457 1455 2827 1540 ignorantie
2874 1455 3195 1538 tenebris,
3243 1455 3606 1541 pervenire.
3667 1453 3953 1542 Ideoque

898 1563 1312 1645 mandamus,
1362 1563 1667 1647 quatinus
1713 1562 2114 1647 procuratori
2161 1561 2399 1647 prefati
2445 1561 2660 1626 clerici
2710 1563 2853 1647 ejus
2899 1564 3163 1628 nomine
3212 1561 3369 1627 dicti
3416 1564 3836 1628 canonicatus
3880 1571 3948 1628 et

897 1668 1232 1756 prebende
1281 1674 1637 1756 proventus
1684 1688 1941 1733 necnon
1987 1688 2236 1732 marcas
2281 1668 2455 1753 ipsas
2501 1669 2698 1734 facias
2745 1671 2998 1756 integre
3038 1669 3381 1756 assignari3
3431 1668 3941 1735 contradictores

894 1785 1040 1859 eta,
1091 1797 1224 1840 non
1271 1776 1574 1840 obstante
1621 1783 1732 1839 etc.
1826 1775 1979 1839 Dat.
2028 1782 2101 1838 ut
2145 1795 2367 1859 supra.

1319 1915 1525 1979 Aaou-ay
1560 1913 1816 1976 Rfyistres
1849 1912 1990 1962 555*.

981 2335 1158 2414 (129)
1202 2349 1279 2398 Ad
1315 2348 1450 2398 oba:
1486 2349 1700 2414 Auos-ay
1735 2348 1992 2411 naysum
2025 2347 2168 2400 εον.

979 2430 1356 2511 (134-137)
1399 2443 1476 2493 Ad
1510 2444 1643 2494 obs.:
1681 2444 1893 2509 away
1928 2444 2185 2507 mazam
2218 2440 2405 2504 ποθεν,
2443 2441 2627 2505 mv,
2665 2439 2821 2505 1198,
2856 2439 3033 2493 ΜΨ.

895 2918 1088 2985 2272.
1135 2915 1388 2994 (135m.)
1839 2916 2050 2997 1233,
2098 2913 2445 2978 Februarii
2489 2915 2611 2996 26,
2662 2915 3018 2999 Anayniae.

1207 3070 1715 3154 Arckiepiscopis
1772 3075 1830 3131 et
1889 3069 2189 3152 episcopis
2240 3087 2366 3150 per
2410 3066 2826 3129 Alamaniam
2873 3065 3226 3130 constitutis
3273 3063 3648 3146 mandatur,
3697 3071 3771 3127 ut
3820 3065 3961 3148 qui·

1124 3176 1268 3241 libet
1336 3196 1549 3240 eorum
1617 3176 1685 3237 in
1753 3194 1871 3238 sua
1938 3173 2196 3238 dioecesi
2264 3172 2602 3236 haereticos
2670 3179 2836 3236 metu
2910 3172 3132 3235 mortis
3199 3170 3371 3253 falso
3438 3169 3526 3234 ad
3586 3168 3960 3234 catholicam

1120 3283 1435 3345 ecclesiam
1505 3300 1779 3344 reversos
1845 3286 1905 3342 et
1973 3280 2133 3343 alios
2202 3280 2272 3341 in
2341 3277 2715 3341 haereticam
2773 3279 3161 3362 pravitatem
3229 3278 3481 3361 saepius
3547 3276 3832 3360 relapsos
3891 3276 3960 3338 in

1110 3396 1418 3475 perpetuo
1463 3407 1708 3451 carcere
1750 3385 2063 3450 retrudat.

1119 3571 1228 3639 Ad
1277 3569 1629 3658 capiendas
1674 3569 1924 3656 vulpes.
1955 3617 1969 3632 .
2000 3616 2015 3633 .
2042 3614 2060 3632 .
2152 3568 2328 3633 Data
2374 3565 2714 3651 Anagnis,
2759 3565 2858 3630 IV
2905 3564 3016 3630 Kl.
3063 3564 3320 3645 Martii,
3371 3584 3543 3629 anno
3591 3569 3804 3628 sexto.

1316 3707 1544 3756 Monam.
1585 3705 1750 3754 Germ.
1786 3703 1956 3768 Epist.
1989 3719 2116 3753 saec.
2154 3702 2322 3751 XIII
2353 3701 2404 3750 I.
2437 3699 2554 3750 413.
2587 3699 2646 3748 a·
2680 3698 2799 3760 5143
2838 3697 3112 3761 Frodericq
3153 3697 3346 3762 Corpus
3379 3698 3566 3747 docum.
3602 3696 3651 3745 Ι.
3685 3694 3768 3746 89.
3799 3696 3857 3745 ¹⁸⁰
3890 3694 3974 3746 88.

896 4177 1089 4246 2273.
1137 4175 1389 4253 (lagu.)
1852 4173 2060 4254 1233,
2108 4170 2462 4235 Decembris
2510 4171 2626 4252 12,
2675 4168 3005 4232 Laterani.

1211 4329 1703 4414 Archiepiscopo
1783 4326 2136 4392 Coloniensi
2209 4327 2467 4409 ejusque
2538 4323 2967 4408 suffraqaneis
3035 4329 3093 4386 et
3163 4320 3520 4402 abbatibus,
3589 4318 3960 4405 prioribus,

1124 4439 1414 4517 decanis,
1481 4434 1943 4499 archidiaconis
2001 4441 2059 4497 et
2119 4433 2269 4496 aliis
2331 4431 2728 4494 ecclesiarum
2779 4429 3096 4513 praelatis
3146 4449 3272 4513 per
3337 4427 3760 4493 Coloniensem
3801 4446 3958 4510 pro-

1126 4545 1396 4608 vinciam
1457 4543 1812 4607 constitutis
1870 4540 2254 4620 mandatur,
2315 4544 2390 4601 ut
2435 4556 2670 4618 omnes,
2718 4537 2832 4620 qui
2875 4534 3222 4599 abbatissae
3266 4542 3326 4597 et
3372 4533 3693 4599 sororibus
3752 4530 3963 4596 Vallis

1125 4651 1191 4715 S.
1260 4650 1517 4733 Georyii
1580 4648 2001 4711 Cisterciensis
2062 4645 2305 4709 ordinis
2367 4641 2560 4707 Leod.
2623 4642 2811 4706 dioec.
2867 4645 2937 4705 in
2980 4644 3270 4725 ipsarum
3316 4640 3489 4705 bonis
3535 4642 3633 4705 vel
3667 4644 3960 4724 personis

1126 4756 1437 4835 injuriam
1505 4752 1866 4833 affecerint,
1937 4750 2023 4814 ad
2090 4748 2360 4813 debitam
2429 4746 2924 4829 satisfactionem
2971 4767 3096 4831 per
3155 4766 3455 4811 censuras
3517 4746 3958 4810 ecclesiasticas

1120 4861 1514 4945 compellant.

1127 5045 1276 5111 Non
1349 5043 1594 5130 absque
1670 5039 1911 5106 dolore.
1943 5087 1957 5102 .
1988 5088 2001 5101 .
2032 5085 2046 5101 .
2140 5036 2294 5100 Dat.
2358 5036 2706 5118 Laterani,
2768 5035 2840 5099 II
2900 5033 3002 5098 Id.
3064 5034 3483 5118 Decembris,
3546 5033 3965 5122 pontificatus

902 5153 1108 5219 nostri
1155 5171 1327 5215 anno
1375 5149 1672 5236 septimo.

1315 5284 1583 5333 Analecta
1622 5298 1676 5346 p.
1711 5297 1752 5330 ε.
1789 5279 1822 5329 ὰ
1857 5277 2108 5328 l'bistoire
2142 5242 2257 5326 eccl}
2291 5276 2352 5323 de
2385 5275 2443 5323 la
2477 5272 2722 5337 leyique
2764 5275 2896 5323 Tom.
2931 5273 3013 5336 X,
3054 5290 3113 5338 p.
3146 5271 3243 5323 447
3263 5311 3276 5336 ,
3319 5273 3582 5324 secundun
3613 5274 3982 5339 antoffiaplwm

1248 5369 1303 5417 in
1337 5367 1541 5417 archivo
1576 5366 1754 5414 Status
1789 5360 2133 5412 Namare-emi.

1051 5513 1108 5572 1)
1144 5512 1417 5563 Salzinues
1453 5524 1610 5574 prope
1644 5507 1991 5557 Namureum.
