4450 6684
671 490 945 540 Lxxvm
1948 471 2438 541 Imaonnc‘rxo.

893 691 1223 757 Henricus
1269 690 1681 779 praepositus
1727 692 2170 778 Trajectensis
2217 699 2288 759 et
2334 694 2763 778 xanctensis,
2809 692 3047 760 deinde
3082 692 3526 760 thesaurarius
3562 713 3723 780 quo·

670 818 798 884 que
842 797 907 861 b.
955 795 1231 878 Mariae,
1282 795 1355 861 αθ
1406 797 1575 860 1246
1625 800 1695 861 et
1746 797 1916 861 1286
1964 796 2238 879 (numm.
2293 799 2414 862 181
2469 803 2537 862 et
2586 799 2764 881 368).

895 898 1340 965 Theodericus
1387 897 1470 964 de
1517 897 1766 965 Altena
1808 900 2221 986 praepositus
2269 900 2336 967 S.
2386 900 2745 967 Salvatoris
2790 901 2865 966 αθ
2916 902 3089 966 1290
3134 902 3341 985 (num.
3394 902 3573 985 379).

895 1004 939 1070 J
943 1004 1235 1070 ohannes
1297 1002 1380 1068 de
1444 1002 1707 1090 Syrick,
1754 1002 2135 1090 priusquam
2182 1004 2325 1070 sedi
2370 1005 2779 1090 Trajectensi
2824 1005 3195 1093 praefectus
3241 1011 3373 1089 est,
3421 1003 3495 1070 a0
3548 1004 3713 1068 1291

670 1114 875 1197 (num.
924 1109 1103 1192 385).

898 1212 1249 1301 Adulphus
1312 1210 1394 1276 de
1454 1209 1781 1278 Waldeck
1843 1211 2254 1298 praepositus
2316 1213 2797 1299 TraJ'ectensis,
2859 1218 3091 1300 postea
3154 1213 3498 1300 episcopus
3549 1211 3719 1277 Leo-

673 1318 952 1403 diensis,
999 1317 1071 1384 a0
1123 1318 1288 1382 1301
1341 1318 1549 1401 (num.
1599 1316 1778 1398 441).

894 1421 1279 1509 Reynaldus
1325 1419 1409 1485 de
1442 1418 1916 1485 Westerburch
1949 1420 2302 1485 canonicus
2334 1418 2603 1505 Majoris
2636 1421 2950 1487 ecclesiae
2983 1420 3055 1485 αθ
3092 1421 3262 1486 1336
3296 1420 3502 1502 (num.
3539 1420 3718 1503 942).

894 1524 1206 1592 Nicolaus
1293 1522 1376 1589 de
1455 1523 1770 1610 CaputiO,
1857 1522 2066 1587 infula
2141 1523 2552 1608 TraJectensi
2639 1524 2931 1590 nondum
3009 1530 3314 1608 ornatus,
3394 1521 3464 1588 a⁰
3545 1524 3711 1588 1341

673 1633 879 1715 (num.
929 1631 1110 1714 977).

898 1734 1226 1800 Henricus
1272 1731 1356 1798 de
1406 1728 1662 1796 Juliaco
1707 1731 2058 1796 canonicus
2104 1730 2375 1816 Majoris
2423 1733 2737 1797 ecclesiae
2785 1730 2853 1797 αθ
2907 1734 3075 1797 1343
3125 1734 3332 1816 (num.
3387 1734 3606 1817 1104).

898 1837 1281 1902 Florentius·
1321 1835 1402 1900 de
1448 1834 1707 1901 Jutfaes
1753 1834 2163 1923 praepositus
2213 1833 2706 1900 Oldenzalensis
2753 1833 2825 1901 αθ
2875 1838 3045 1902 1345
3094 1838 3300 1920 (num.
3355 1836 3575 1918 1141).

896 1941 1236 2007 Johannes
1285 1939 1367 2005 de
1413 1939 1616 2005 Clivis
1664 1938 2015 2004 canonicus
2059 1938 2330 2025 Majoris
2378 1939 2723 2023 ecclesiae,
2772 1941 2885 2027 qui
2932 1940 3172 2006 deinde
3213 1949 3433 2007 tamen
3478 1947 3722 2008 statum

672 2048 969 2114 laicalem
1017 2044 1411 2132 nuptiasque
1457 2043 1764 2108 maluisse
1810 2043 2037 2125 fertur,
2087 2041 2157 2107 a0
2210 2045 2378 2108 1347
2429 2045 2636 2127 (num.
2691 2046 2911 2129 1231).

897 2150 1267 2218 Johannes'
1305 2148 1388 2213 de
1457 2146 1864 2235 Lapideania
1934 2153 2319 2234 praeceptor
2388 2147 2621 2213 domus
2692 2148 2757 2215 S.
2825 2150 3219 2216 catharinae
3277 2152 3720 2237 Trajectensis

674 2260 743 2328 αθ
794 2258 1236 2325 1349-1350
1282 2257 1488 2339 (num.
1544 2254 1764 2336 1335).

898 2363 1326 2428 Tielmannus
1389 2358 1552 2424 Oem
1615 2356 1698 2421 de
1762 2355 2002 2442 Stryen
2064 2355 2416 2420 canonicus
2477 2355 2748 2443 Majoris
2803 2358 3117 2423 ecclesiae
3173 2357 3243 2423 αθ
3295 2360 3467 2423 1360
3512 2360 3722 2442 (num.

681 2470 852 2534 1654
885 2516 901 2532 .
2788 2465 2796 2475 ·

855 2471 1102 2655 )Hugo
1148 2569 1387 2633 Braem
1436 2565 1721 2630 decanus
1767 2565 1831 2629 b.
1878 2564 2127 2630 Mariae
2175 2564 2615 2649 Trajectensis
2662 2564 2733 2630 αθ
2787 2567 2953 2630 1366
3001 2569 3208 2650 (num.
3264 2567 3487 2650 1824).

904 2673 1084 2740 Ocko
1133 2671 1336 2736 abbas
1385 2670 1447 2736 S.
1501 2667 1790 2755 Odulphi
1836 2668 1905 2732 in
1954 2668 2217 2732 Stauria
2264 2667 2332 2732 αθ
2386 2671 2555 2733 1369
2602 2670 2809 2752 (num.
2865 2672 3082 2754 1877).

904 2776 1249 2844 Swederus
1293 2774 1526 2839 Uterlo
1572 2773 1983 2860 praepositus
2030 2771 2471 2857 Trajectensis
2520 2772 2589 2837 αθ
2640 2775 2811 2838 1372
2858 2776 3064 2858 (num.
3114 2776 3338 2859 2243).

905 2882 1243 2957 Quaenam
1305 2877 1519 2943 officia
1582 2882 1650 2941 et
1711 2876 2052 2963 privilegia
2098 2875 2453 2961 capellanis
2500 2878 2844 2964 papalibus
2893 2878 3234 2964 speciatim
3277 2880 3722 2964 inhaeserint,

678 2988 785 3053 hic
846 2985 1176 3073 explicare
1238 2980 1655 3069 supersedeo.
1683 2981 1738 3064 1)
1829 2981 2093 3045 Etenim
2157 2981 2270 3066 qui
2333 2981 2401 3046 in
2456 2981 2754 3068 partibus
2802 2983 3042 3047 nostris
3090 2984 3410 3071 capellani
3457 2983 3724 3072 papales

677 3092 877 3157 fuisse
939 3090 1286 3174 leguntur,
1348 3086 1485 3150 fere
1549 3105 1774 3149 omnes
1821 3089 1892 3148 et
1938 3083 2215 3168 singuli,
2266 3086 2563 3171 exceptis
2609 3086 3039 3173 probabiliter
3085 3087 3239 3151 solis
3285 3086 3592 3153 Johanne
3640 3086 3722 3153 de

682 3194 914 3281 Syrick
985 3199 1184 3278 atque
1253 3190 1526 3255 Nicolao
1597 3188 1680 3253 de
1748 3187 2067 3274 Caputio,
2147 3188 2509 3274 „capellani
2570 3189 2881 3254 honoris”
2929 3196 3152 3274 erant,
3214 3197 3289 3255 ut
3336 3192 3724 3276 cognomine

676 3304 935 3364 tantum
983 3301 1405 3377 ornarentur,
1462 3314 1595 3359 non
1643 3298 1864 3357 tamen
1912 3294 2054 3379 ipso
2101 3291 2536 3377 fungerentur
2580 3314 2872 3359 munere.
2967 3294 3241 3360 Interim
3289 3293 3724 3361 dubitandum

677 3424 811 3467 non
858 3400 1149 3482 videtur,
1199 3398 1357 3485 quin
1404 3395 1780 3483 hujusmodi
1828 3396 2147 3482 capellani
2194 3395 2494 3480 honoris,
2536 3397 2768 3462 saltem
2800 3398 2869 3461 in
2903 3398 3237 3464 beneficiis
3269 3399 3724 3464 ecclesiasticis

678 3503 1054 3573 obtinendis
1102 3509 1171 3569 et
1216 3499 1694 3590 percipiendis,
1756 3506 2082 3586 quotquot
2127 3499 2480 3565 familiares
2526 3501 2795 3589 papales
2843 3501 2971 3566 frui
3019 3503 3321 3567 solebant
3366 3504 3725 3590 privilegiis

678 3617 745 3676 et
791 3610 916 3695 ipsi
961 3607 1208 3673 fuerint
1252 3605 1481 3692 gavisi.

270 3710 363 3760 ³¹1⁸
385 3710 664 3776 appellandi
906 3712 988 3777 D.
1079 3709 1453 3795 Appellatio
1500 3708 1588 3771 ad
1632 3707 1850 3771 Sedem
1895 3708 2329 3792 Apostolicam
2372 3707 2529 3772 inde
2564 3709 2795 3790 oritur,
2834 3707 3008 3794 quod
3041 3710 3380 3775 Romanus
3412 3710 3726 3777 Pontifex

324 3779 385 3828 ad
411 3779 610 3844 Papam.
680 3837 1021 3906 supremus
1086 3820 1187 3880 est
1245 3813 1316 3877 in
1378 3811 1675 3877 Ecclesia
1719 3810 1932 3897 judex
1979 3816 2178 3896 atque
2219 3811 2522 3896 justitiae
2570 3816 2781 3896 tutor,
2841 3813 2943 3877 cui
2992 3812 3190 3900 plena
3237 3815 3580 3880 commissa
3626 3820 3727 3880 est

677 3921 927 4009 ligandi
996 3926 1065 3985 et
1134 3915 1433 3984 solvendi
1501 3922 1812 4003 potestas.
1840 3916 1894 3999 2)
1988 3915 2395 3990 Quibusnam
2465 3917 2533 3981 in
2570 3917 2855 3982 „casibus
2920 3923 2989 3982 et
3052 3918 3289 4004 quibus
3337 3921 3457 3984 sub
3504 3919 3728 3985 condi-

680 4026 970 4092 tionibus
1031 4024 1229 4089 liceat
1292 4022 1375 4086 ab
1437 4019 1878 4086 ecclesiastico
1932 4018 2159 4105 judice
2218 4021 2529 4086 inferiore
2591 4020 2671 4085 ad
2729 4021 2979 4108 Papam
3027 4022 3358 4109 appellare
3406 4023 3579 4106 sive,
3629 4026 3728 4090 uti

679 4133 876 4217 vulgo
949 4128 1210 4210 dicunt,
1290 4124 1686 4212 „Apostolos
1754 4123 2063 4209 petere,”
2136 4123 2439 4189 Ganones
2510 4123 2754 4189 diserte
2825 4131 3146 4190 statuunt.
3180 4126 3235 4209 3)
3326 4126 3723 4212 HuJusmodi

681 4241 900 4302 autem
973 4231 1383 4298 conditiones
1455 4230 1547 4294 sic
1617 4225 2086 4312 intelligendae
2157 4235 2345 4311 sunt,
2406 4234 2482 4291 ut
2528 4227 2785 4292 firmum
2833 4228 3423 4317 inconcussumque
3472 4253 3730 4320 semper

678 4344 944 4406 maneat
1012 4335 1402 4423 principium
1472 4331 1814 4417 generale,
1884 4331 2356 4416 antiquissimis
2415 4332 2556 4417 jam
2626 4331 3030 4418 temporibus
3102 4333 3529 4400 affirmatum:
3608 4335 3730 4419 ¹,ad

681 4445 1050 4510 Romanam
1114 4437 1455 4504 ecclesiam
1521 4455 1750 4501 omnes
1812 4435 2137 4521 episcopi,
2200 4436 2314 4522 qui
2360 4435 2690 4500 voluerint
2736 4436 2843 4501 vel
2889 4436 3128 4522 quibus
3176 4457 3448 4504 necesse
3492 4439 3730 4523 fuerit,

683 4546 870 4633 quasi
932 4542 1015 4608 ad
1079 4547 1279 4630 caput
1339 4539 1668 4625 suffugere
1729 4558 2005 4624 eamque
2068 4539 2399 4624 appellare
2463 4538 2710 4605 debent
2728 4539 2791 4620 ,’'
2840 4560 3041 4626 quum
3087 4541 3234 4626 ipsa
3285 4541 3419 4622 „fas
3466 4542 3549 4608 de
3597 4564 3733 4608 om-

682 4649 877 4714 nibus
922 4647 1167 4711 habeat
1203 4642 1547 4730 judicandi
1595 4663 1810 4728 neque
1858 4642 2162 4727 cuiquam
2207 4641 2291 4706 de
2329 4643 2474 4727 ejus
2512 4642 2710 4707 liceat
2741 4642 3042 4727 judicare
3074 4643 3363 4729 J'udicio,
3410 4646 3733 4732 siquidem

684 4751 768 4818 ad
837 4751 1015 4815 illam
1089 4748 1172 4815 de
1236 4748 1531 4834 qualibet
1591 4745 1821 4811 mundi
1881 4750 2067 4833 parte
2116 4745 2580 4832 appellandum
2628 4751 2765 4829 est,
2834 4746 2916 4811 ab
2962 4747 3076 4812 illa
3121 4754 3344 4814 autem
3392 4770 3584 4815 nemo
3633 4757 3734 4816 est

686 4855 1016 4943 appellare
1061 4850 1481 4940 permissus.”
1506 4851 1561 4933 4)

910 4955 1169 5022 Deinde
1231 4953 1407 5041 quod
1472 4952 1555 5018 ad
1607 4954 1721 5039 jus
1768 4957 2063 5019 nostrum
2109 4949 2569 5027 dioecesanum
2617 4952 2898 5037 attinet,
2947 4952 3017 5019 αθ
3068 4956 3237 5021 1209
3287 4955 3732 5022 Theodericus

851 5382 909 5447 1)
945 5380 1050 5431 Cir.
1083 5379 1310 5443 Phillips
1345 5377 1708 5428 K'wcltmeckt
1739 5374 1828 5427 VI.
1862 5374 1955 5426 441
1994 5390 2104 5441 seq.
2138 5380 2191 5427 et
2227 5376 2652 5428 K'srchonleoeikon
2686 5375 2776 5429 v1.
2810 5376 2910 5428 152
2943 5378 2977 5431 i.
3013 5394 3058 5431 v.
3097 5379 3450 5446 Hofkapliine.

853 5463 909 5528 2)
945 5460 1050 5512 Cfr.
1085 5460 1141 5511 S.
1176 5459 1476 5511 Matthaeus
1510 5459 1599 5510 Ev.
1639 5457 1759 5509 XVI
1780 5473 1793 5508 ε
1818 5456 1904 5508 19.

852 5542 910 5607 3)
946 5542 1152 5593 Decret.
1176 5540 1331 5606 Greg.
1365 5539 1479 5591 Lib.
1502 5539 1571 5590 11.
1606 5537 1707 5590 Tit.
1731 5536 1985 5602 xxvm3
2021 5537 2170 5589 Sexti
2194 5538 2399 5590 Decret.
2423 5538 2537 5590 Lib.
2563 5538 2632 5590 11.
2665 5538 2765 5591 Tit.
2791 5539 2887 5590 XV
2898 5557 2912 5604 ;
2951 5539 3213 5593 clement.
3245 5542 3359 5595 Lib.
3384 5542 3455 5594 11.
3490 5541 3590 5595 Tit.
3609 5541 3739 5594 ΧΠ.

854 5624 912 5689 4)
945 5623 1097 5674 Decr.
1131 5622 1362 5673 secunda
1397 5620 1530 5671 Pars
1564 5619 1736 5671 Causa
1772 5619 1840 5671 11.
1875 5634 1965 5685 qu.
2000 5617 2089 5671 v1.
2123 5635 2244 5672 can.
2275 5618 2310 5670 6
2343 5624 2397 5669 et
2431 5617 2604 5671 Causa
2638 5619 2730 5671 IX.
2765 5634 2853 5685 qu.
2890 5620 2986 5673 111.
3021 5636 3139 5674 can.
3172 5621 3254 5675 17.
