4450 6684
1780 463 2184 528 Gnaeonms
2228 461 2351 525 XI.
3469 457 3604 520 249

756 687 865 754 Ad
913 685 1358 774 reprimendas
1403 684 1819 750 insolencias.
1846 732 1861 747 .
1893 732 1906 747 .
1937 731 1952 747 .
2002 683 2153 748 Dat.
2194 682 2553 764 Avinione,
2602 680 2776 746 XIII
2808 680 2919 746 Kl.
2953 678 3379 759 Novembris,
3427 697 3603 742 anno

534 795 758 860 tercie.

952 883 1079 944 Rey.
1116 885 1214 931 Αυ.
1257 884 1313 932 Τ.
1346 879 1437 939 19,
1463 883 1525 942 s.
1560 877 1674 930 413.

541 1332 730 1400 2155.
1503 1332 1723 1414 1373,
1776 1329 2057 1395 Octobris
2102 1331 2227 1411 26,
2275 1330 2639 1392 Avenionis.

866 1486 1139 1552 Volkero
1177 1487 1341 1551 dicto
1378 1485 1596 1550 Iseren
1634 1486 1864 1549 decano
1902 1486 2186 1550 ecclesiae
2221 1484 2695 1548 Daventriensis
2733 1481 3149 1564 confirmatur
3188 1483 3442 1545 collatio
3481 1483 3610 1565 ipsi

753 1615 879 1679 per
941 1596 1348 1679 apostolicam
1410 1593 1611 1656 sedem
1673 1593 1854 1675 facta
1899 1593 1975 1655 de
2018 1592 2330 1656 decanatu
2376 1592 2647 1674 ejusdem
2695 1591 2980 1654 ecclesiae
3009 1590 3095 1672 l),
3159 1610 3286 1653 non
3331 1589 3614 1653 obstante

767 1700 936 1785 quod
995 1702 1066 1764 in
1128 1699 1489 1784 hujusmodi
1553 1701 1752 1764 literis
1799 1720 1924 1783 per
1970 1699 2494 1762 inadvertentiam
2540 1718 2831 1782 expressa
2877 1718 3004 1760 non
3048 1696 3251 1777 fuerit
3294 1697 3609 1779 provisio,

765 1809 892 1892 ipsi
928 1808 1078 1872 olim
1107 1807 1289 1889 facta
1320 1807 1395 1870 de
1425 1808 1883 1891 praepositura
1916 1805 2339 1869 Arnhemensi
2370 1826 2444 1869 ac
2474 1805 2550 1869 de
2581 1807 2954 1870 canonicatu
2985 1824 3124 1867 cum
3159 1804 3612 1887 exspectatione

756 1913 1158 1998 praebendae
1201 1916 1269 1977 in
1316 1914 1571 1978 ecclesia
1625 1912 1807 1994 Traj.

770 2095 1160 2161 Laudabilia
1204 2096 1614 2182 probitatis..
1645 2145 1659 2160 .
1688 2144 1703 2159 .
1754 2095 1906 2160 Dat.
1958 2094 2318 2175 Avinione,
2366 2093 2502 2159 VII
2550 2093 2657 2157 Kl.
2709 2092 3135 2175 Novembris,
3189 2091 3616 2179 pontificatus

543 2203 752 2268 nostri
798 2224 970 2268 anno
1021 2203 1236 2268 tertio.

963 2336 1088 2399 Περ.
1123 2337 1221 2386 Aa.
1266 2338 1320 2386 T.
1353 2335 1443 2398 16,
1471 2337 1533 2400 s.
1569 2334 1708 2386 343⁰.

695 2463 751 2523 1)
788 2461 961 2524 Supra
996 2477 1145 2512 num.
1180 2460 1328 2513 2005.

546 2834 738 2904 2156.
1478 2838 1689 2919 1373,
1738 2835 2109 2901 Novembris
2153 2838 2275 2920 10,
2323 2837 2687 2901 Avenionis.

878 2990 1212 3055 Wilhelmo
1280 2991 1357 3054 de
1424 2991 1556 3076 Zyl
1623 2993 1917 3055 canonico
1975 2989 2408 3075 praebendato
2470 2992 2754 3055 ecclesiae
2826 2990 3006 3073 Traj.
3027 3039 3046 3073 ,
3095 2990 3501 3055 baccalaureo
3545 2992 3617 3054 in

771 3096 1058 3179 decretis,
1106 3097 1437 3178 confertur
1482 3097 1825 3161 decanatus
1872 3098 2156 3161 ecclesiae
2204 3095 2271 3160 S.
2320 3096 2509 3160 Petri
2562 3095 2743 3178 Traj.
2759 3145 2776 3179 ,
2826 3117 3008 3181 que-m
3052 3117 3193 3160 cum
3243 3095 3616 3161 Hermanno

773 3203 849 3266 de
907 3202 1101 3285 Rost,
1164 3204 1234 3268 in
1293 3203 1557 3268 decretis
1618 3203 2025 3268 baccalaureo
2042 3252 2059 3285 ,
2114 3225 2243 3287 pro
2307 3205 2680 3267 canonicatu
2725 3210 2784 3266 et
2818 3202 3185 3287 praebenda
3231 3203 3517 3267 ecclesiae
3563 3200 3619 3266 b.

769 3309 1026 3373 Mariae
1070 3309 1389 3395 Aquensis
1423 3313 1685 3395 putavit
1719 3310 2243 3395 permutandum.
2299 3347 2380 3357 —
2431 3309 2845 3394 Deputantur
2890 3316 3261 3374 executores.

761 3491 1143 3576 Apostolice
1192 3491 1383 3556 sedis.
1414 3541 1428 3556 .
1461 3541 1475 3556 .
1504 3540 1520 3557 .
1570 3492 1723 3557 Dat.
1772 3492 2133 3575 Avinione,
2180 3493 2326 3557 1111
2372 3492 2473 3557 Id.
2522 3494 2941 3577 Novembris,
2991 3514 3163 3558 anno
3214 3492 3432 3558 tertio.

967 3626 1095 3690 περ.
1129 3627 1228 3676 Α».
1273 3629 1325 3676 r.
1363 3625 1454 3692 18,
1480 3629 1541 3689 s.
1578 3626 1692 3676 378.

551 4093 736 4163 2157.
1479 4100 1694 4181 1373,
1749 4099 2117 4164 Novembris
2164 4102 2290 4182 26,
2338 4099 2703 4163 Avenionis.

865 4252 1130 4318 Alberto
1188 4253 1337 4318 duci
1398 4253 1721 4319 Bavariae
1766 4254 2147 4335 mandatur,
2214 4260 2287 4316 ut
2333 4273 2375 4316 a
2416 4252 2894 4337 yravaminibus
2939 4252 3298 4337 (Gerardo)
3344 4254 3630 4338 episcopo

783 4358 1215 4425 Cameracensi
1259 4362 1610 4445 inferendis
1656 4364 1906 4426 omnino
1953 4361 2236 4425 desistat.

780 4542 1040 4607 Dilecto
1096 4542 1230 4607 filio
1277 4544 1481 4609 nobili
1528 4544 1668 4609 viro
1715 4543 1994 4609 Alberto
2044 4542 2194 4608 duci
2242 4542 2551 4624 Bavarie‚
2600 4544 3024 4627 gubernatori
3071 4543 3408 4626 Hanonie,
3459 4543 3624 4608 Hol-

556 4647 777 4712 landie
825 4655 895 4713 et
940 4649 1278 4714 Zellandie
1325 4652 1504 4736 (sic),
1554 4650 1775 4716 comiti
1823 4651 2114 4737 palatino
2162 4651 2441 4715 salutem
2495 4657 2607 4714 etc.

783 4754 927 4820 Etsi
973 4776 1318 4841 personam
1367 4762 1547 4821 tuam
1596 4757 1846 4822 sincere
1898 4757 2244 4843 diligamus
2292 4777 2366 4821 ac
2416 4761 2642 4821 tenere
2689 4756 2973 4821 brachiis
3011 4758 3301 4824 caritatis
3343 4760 3624 4846 amplec-

557 4865 800 4944 tamur,
849 4862 1040 4928 silere
1090 4868 1311 4929 tamen
1358 4883 1493 4928 non
1539 4885 1884 4951 possumus
1934 4885 2056 4928 neo
2104 4863 2436 4946 volumus,
2482 4884 2631 4927 cum
2672 4863 3124 4948 ecclesiarum,
3166 4886 3439 4951 quarum
3478 4887 3623 4955 spe·

556 4967 736 5033 cialis
799 4990 955 5034 cura
1017 4970 1207 5036 nobis
1264 4976 1366 5035 est
1412 4971 1755 5036 commissa
1776 5020 1793 5054 ,
1840 4972 2131 5057 pericula
2175 4970 2518 5035 imminere
2564 4971 2918 5034 intuemur.
3014 4970 3187 5036 Sane
3235 4993 3447 5059 nuper
3493 4973 3622 5038 dis-

556 5075 876 5162 plicenter
922 5077 1320 5163 accepimus,
1372 5078 1547 5165 quod
1595 5078 1910 5143 nonnulle
1955 5084 2189 5163 gentes
2232 5084 2378 5159 tue,
2429 5078 2754 5142 nescimus
2795 5098 2877 5140 an
2920 5075 3001 5140 de
3043 5081 3157 5142 tua
3195 5080 3627 5147 connivencia

556 5183 662 5247 vel
732 5204 1093 5266 consensu,
1164 5184 1233 5248 in
1302 5184 1618 5250 comitatu
1687 5185 2081 5266 Hannonie‚
2154 5205 2349 5270 quem
2399 5185 2601 5269 regis,
2649 5183 3008 5249 venerabili
3056 5183 3241 5250 fratri
3290 5193 3514 5252 nostro
3565 5235 3580 5251 .
3614 5236 3630 5253 .

561 5288 865 5376 episcopo
914 5289 1368 5355 Cameracensi
1416 5293 1693 5377 ejusque
1741 5289 2021 5355 subditis
2070 5312 2145 5356 ac
2195 5291 2339 5355 aliis
2388 5291 2686 5377 personis
2733 5288 3189 5354 ecclesiasticis
3239 5294 3629 5381 quamplura

560 5394 940 5478 gravamina
1009 5395 1383 5481 irrogarunt
1452 5401 1521 5461 et
1590 5395 1830 5460 cotidie
1903 5396 2146 5461 inferre
2207 5416 2344 5460 non
2403 5402 2700 5477 cessant,
2768 5414 2897 5480 que
2944 5393 3210 5480 quidem
3257 5400 3639 5482 gravamina

560 5500 685 5566 tibi
747 5502 1251 5567 transmittimus
1311 5503 1730 5590 presentibus
1776 5503 2050 5569 inclusa.
2149 5503 2471 5579 Quocirca
2516 5501 2934 5567 nobilitatem
2982 5506 3162 5565 tuam
3212 5523 3518 5589 rogamus
3566 5512 3638 5571 et

560 5607 898 5672 hortamur
944 5608 1014 5672 in
1060 5609 1375 5694 Domino,
1424 5630 1570 5676 eam
1616 5611 1944 5675 attenoius
1992 5609 2457 5698 deprecantes,
2506 5609 2815 5696 quatinus
2847 5627 2996 5672 cum
3025 5608 3096 5672 in
3131 5610 3321 5674 terris
3353 5612 3628 5678 aliorum

779 5744 865 5805 H.
3331 5749 3409 5807 32
