4450 6684
1838 538 2327 604 Inrnonuc'rxo.
3455 550 3607 602 xvu

552 757 824 837 (numm.
892 757 1025 821 220
1086 762 1155 822 et
1220 758 1414 841 221);
1477 756 1859 823 Alexander
1919 777 2090 844 papa
2152 757 2253 823 IV
2310 779 2414 822 an.
2478 758 2647 822 1255
2697 757 2911 823 eidem
2958 758 3316 824 Wilhelmo
3364 760 3607 825 Roma-

555 881 789 926 norum
837 861 973 947 regi
1023 861 1308 927 decimas
1349 862 1417 926 in
1453 863 1747 949 partibus
1779 863 2031 928 Frisiae
2063 864 2270 943 (num.
2307 864 2464 945 264)
2496 868 2695 949 atque
2727 883 2900 929 anno
2935 864 3237 950 sequenti
3271 862 3502 929 Ottoni
3536 864 3605 928 II

553 963 978 1032 donationem
1040 966 1236 1032 castri
1302 965 1383 1031 de
1430 967 1835 1052 Novomagio
1883 972 1954 1032 et
1999 966 2292 1033 thelonei
2341 966 2422 1032 de
2468 966 2713 1034 Lobith
2763 969 2969 1050 (num.
3019 968 3217 1050 269);
3267 968 3605 1034 Honorius

552 1090 723 1156 papa
767 1067 866 1134 IV
913 1090 1019 1134 an.
1073 1070 1241 1135 1287
1292 1069 1581 1135 Johanni
1630 1070 1712 1135 de
1758 1070 2086 1135 Namurco
2136 1075 2342 1136 terras
2390 1070 2703 1157 quasdam
2744 1072 2814 1136 in
2846 1072 3255 1158 Trajectensi
3288 1071 3603 1157 dioecesi,

551 1195 713 1262 quas
774 1175 918 1260 ejus
978 1179 1168 1260 pater
1229 1174 1446 1240 Guido
1510 1195 1724 1239 comes
1781 1174 2134 1240 Flandriae
2181 1181 2335 1241 ante
2385 1175 2548 1240 duos
2595 1196 2801 1241 annos
2849 1176 3022 1241 dono
3071 1175 3342 1241 dederat
3389 1175 3595 1258 (num.

552 1281 730 1363 370).
793 1317 877 1328 -
936 1279 1291 1345 Praeterea
1336 1279 1707 1344 intercessit
1754 1279 2181 1344 Innocentius
2230 1302 2400 1367 papa
2446 1280 2545 1345 IV
2593 1301 2697 1344 an.
2753 1282 2958 1363 1254,
3009 1301 3156 1345 oum
3203 1280 3601 1346 Wilhelmus

552 1385 1001 1450 Romanorum
1048 1405 1167 1450 rex
1215 1391 1282 1450 et
1327 1385 1701 1470 Margareta
1747 1383 1922 1449 dicta
1968 1384 2179 1470 Nigra·
2219 1385 2546 1451 comitissa
2593 1386 2941 1451 Flandriae
2990 1386 3072 1451 de
3112 1388 3263 1471 jure
3303 1386 3604 1451 alterutri

550 1492 620 1556 in
667 1489 1047 1556 Zelandiam
1098 1490 1447 1556 tribuendo
1475 1491 1528 1573 ¹)
1573 1491 1860 1576 graviter
1906 1489 2382 1556 altercarentur
2428 1492 2631 1575 (num.
2685 1492 2863 1575 254).
2925 1490 3247 1556 Martinus
3295 1512 3465 1578 papa
3504 1490 3604 1554 IV

549 1617 652 1661 an.
712 1598 917 1678 1281,
964 1616 1109 1660 cum
1158 1595 1498 1661 Jobannes
1547 1594 1628 1659 de
1676 1595 1929 1660 Nassau
1971 1596 2219 1661 electus
2252 1595 2692 1680 Trajectensis
2726 1596 3091 1682 complures
3126 1596 3600 1682 possessiones,

551 1700 632 1765 ad
681 1722 971 1767 mensam
1021 1721 1203 1765 suam
1251 1701 1687 1788 episcopalem
1735 1705 2139 1786 spectantes,
2188 1699 2526 1764 Florentio
2566 1699 2623 1763 V
2654 1701 2877 1764 comiti
2909 1699 3305 1766 Hollandiae
3357 1706 3600 1765 temere

551 1805 932 1888 alienasset,
993 1826 1300 1870 censuras
1347 1806 1431 1871 ab
1479 1804 1966 1891 archiepiscopo
2017 1803 2395 1869 Coloniensi
2442 1804 2512 1868 in
2558 1810 2908 1890 utrumque
2957 1804 3403 1891 promulgatas
3450 1824 3603 1868 con·

547 1910 861 1991 firmavit,
908 1930 1063 1974 mox
1104 1930 1260 1974 vero
1294 1913 1500 1974 totam
1532 1908 1700 1973 hano
1733 1929 1993 1973 causam
2029 1907 2362 1972 nonnullis
2394 1906 2730 1992 judicibus
2762 1906 2843 1972 de
2877 1928 3048 1973 novo
3082 1906 3602 1993 cognoscendam

551 2014 872 2079 commisit
918 2015 1191 2098 (numm.
1242 2015 1371 2079 349
1423 2018 1492 2078 et
1540 2015 1720 2096 352).

774 2118 1290 2205 Speciminibus,
1352 2118 1591 2204 quibus
1654 2122 2002 2204 appareat,
2067 2137 2234 2180 saec.
2302 2115 2477 2181 XIII
2531 2117 2870 2203 episcopos
2918 2117 3373 2202 TraJectenses
3422 2117 3594 2204 prin·
3618 2118 4014 2185 Praesules'l‘raj.

549 2225 857 2312 cipesque
904 2229 1232 2289 nostrates
1280 2224 1484 2287 totius
1530 2221 1797 2308 Imperii
1845 2225 1913 2285 et
1959 2220 2237 2285 aliorum
2282 2240 2631 2304 regnorum
2671 2221 2972 2286 civilibus
3004 2222 3199 2288 rebus
3229 2222 3596 2310 implicatos
3628 2203 3783 2304 roffae
3787 2188 3996 2320 ’1,ξὲξῆ

544 2331 781 2411 fuisse,
843 2328 1207 2393 Bullatium
1270 2327 1538 2391 minime
1603 2331 1800 2392 caret.
1894 2323 2195 2388 Inhibuit
2255 2323 2682 2390 Innocentius
2744 2346 2915 2411 papa
2981 2325 3088 2391 III
3132 2325 3446 2393 Ottonem
3492 2327 3600 2392 III
3686 2323 3948 2388 implicati.

546 2435 923 2522 episcopum
988 2432 1480 2516 Trajectensem
1544 2451 1678 2495 una
1738 2450 1884 2493 cum
1947 2427 2359 2514 praesulibus
2424 2428 2876 2495 Cameracensi
2940 2435 3009 2495 et
3067 2430 3420 2496 Leodiensi
3450 2480 3467 2514 ,
3515 2452 3599 2498 ne

546 2538 826 2604 inimicis
872 2536 1196 2602 Johannis
1242 2536 1415 2622 regis
1463 2535 1830 2619 Anglorum
1878 2534 2196 2598 auxilium
2245 2538 2361 2597 aut
2407 2532 2697 2599 favorem
2728 2534 3188 2620 impenderent
3221 2536 3427 2619 (num.
3464 2537 3598 2620 69).

545 2642 808 2708 Etenim
854 2661 959 2706 an.
1014 2641 1186 2705 1215
1234 2640 1547 2726 primores
1595 2639 1907 2723 Angliae,
1957 2642 2386 2703 exauctorato
2433 2659 2588 2724 rege
2636 2660 2755 2705 suo
2800 2638 3138 2723 Johanne,
3188 2640 3600 2706 Ludovicum

541 2747 942 2812 Francorum
1017 2746 1189 2831 regis
1259 2744 1464 2809 filium
1533 2745 1600 2808 in
1664 2742 1977 2828 Angliam
2048 2746 2410 2807 evocarunt
2468 2763 2823 2829 regemque
2884 2745 3375 2810 renunciarunt.
3474 2746 3599 2811 Cui

542 2850 939 2917 Wilhelmus
996 2870 1214 2915 comes
1261 2848 1655 2914 Hollandiae
1717 2846 1753 2911 I
1815 2847 1988 2911 facto
2036 2867 2184 2911 cum
2232 2846 2502 2911 Francis
2549 2846 2814 2913 foedere
2863 2848 3181 2914 auxilium
3229 2851 3596 2936 praestitit3

541 2960 942 3043 quapropter
1008 2956 1115 3037 „in
1163 2954 1474 3039 Angliam
1520 2949 2048 3017 transfretando”
2102 2952 2799 3017 excommunicationis
2844 2953 3118 3018 incurrit
3170 2954 3594 3037 sententiam,

543 3059 657 3125 sed
705 3060 788 3124 ab
838 3058 1067 3124 eadem
1118 3078 1250 3123 non
1295 3058 1502 3121 multo
1552 3061 1699 3142 post
1745 3055 2228 3121 absolutionem
2277 3062 2379 3121 est
2426 3055 2705 3143 adeptus
2732 3058 2807 3142 2).

765 3162 970 3228 Varia
1028 3163 1299 3248 insuper
1358 3161 1687 3226 habentur
1748 3159 2107 3247 diplomata
2168 3159 2535 3246 pontificia,
2594 3181 2762 3247 quae
2823 3166 3056 3247 utpote
3104 3160 3591 3249 archiepiscopo

542 3267 918 3335 Coloniensi
986 3269 1262 3353 ejusque
1333 3266 1758 3351 suffraganeis
1827 3265 2141 3351 inscripta
2201 3271 2459 3329 nostras
2515 3286 2774 3352 quoque
2821 3286 2940 3352 per
2984 3269 3205 3352 partes
3254 3264 3594 3351 divulgata

543 3378 695 3439 sunt
763 3393 839 3438 ac
909 3372 990 3437 ad
1061 3370 1459 3459 reipublicae
1522 3370 1789 3457 negotia
1848 3368 2226 3456 respiciunt.
2323 3369 2529 3434 Verbi
2576 3370 2815 3454 gratia,
2880 3390 3027 3434 cum
3074 3389 3180 3433 an.
3235 3370 3406 3434 1218
3454 3391 3592 3436 mo-

540 3484 811 3562 nentur,
888 3483 964 3541 ut
1032 3475 1115 3541 ad
1178 3474 1513 3541 ferendam
1569 3495 1760 3560 opem
1816 3472 2146 3539 Amalrico
2194 3473 2630 3560 primogenito
2681 3474 2965 3539 Simonis
3013 3472 3269 3538 comitis
3313 3472 3591 3539 Montis·

538 3584 726 3648 fortis
796 3581 1109 3669 populum
1181 3580 1304 3644 sibi
1377 3579 1790 3645 commissum
1858 3578 2140 3643 incitent
2200 3579 2407 3659 (num.
2472 3577 2622 3662 93);
2689 3598 2837 3642 cum
2899 3598 3005 3642 an.
3060 3578 3229 3642 1229
3280 3578 3589 3644 certiores

539 3688 708 3753 fiunt
771 3687 853 3753 de
918 3685 1182 3772 flagitiis
1228 3707 1269 3750 a
1314 3684 1661 3749 Frederico
1718 3683 2122 3770 Imperatore
2168 3681 2241 3746 II
2285 3681 2356 3745 in
2405 3682 2609 3747 Terra
2656 3681 2899 3747 Sancta
2945 3682 3335 3769 perpetratis
3381 3683 3587 3766 (num.

546 3794 730 3876 123);
802 3813 950 3857 cum
1019 3811 1125 3857 an.
1202 3791 1366 3855 1251
1430 3787 1664 3854 iisdem
1721 3787 2104 3870 mandatur,
2154 3791 2230 3851 ut
2279 3806 2586 3851 censuras
2634 3790 2864 3851 contra
2910 3805 3354 3871 quoscumque
3400 3787 3590 3872 regni

538 3899 798 3965 Siciliae
859 3897 1194 3961 invasores
1255 3892 1683 3982 publicandas
1745 3899 1975 3957 curent
2036 3894 2244 3975 (num.
2310 3890 2499 3972 228);
2560 3909 2708 3954 cum
2755 3909 2861 3953 an.
2916 3889 3087 3953 1278
3135 3888 3472 3954 Florentio
3524 3890 3588 3955 V

538 4003 760 4069 comiti
807 3999 1204 4067 Hollandiae
1251 3998 1550 4086 specialis
1598 3997 1968 4062 destinatur
2015 3994 2420 4076 adhortatio,
2467 3996 2542 4057 ut
2589 3992 2982 4073 solemnem,
3030 4012 3161 4077 qua
3194 3990 3587 4079 Rudolphus

535 4128 654 4173 rex
717 4107 752 4171 I
812 4105 1144 4171 Ecclesiae
1191 4105 1531 4170 Romanae
1577 4101 2026 4189 possessiones
2076 4099 2488 4184 recognovit,
2539 4096 3046 4162 declarationem
3094 4095 3329 4182 probet
3375 4098 3581 4179 (num.

534 4212 715 4294 345).
3261 4262 3268 4268 .

758 4315 1073 4402 Specialis
1127 4312 1341 4379 adhuc
1389 4312 1464 4376 fit
1509 4311 1756 4377 mentio
1805 4309 2098 4398 episcopi
2144 4308 2362 4391 Traj.,
2427 4304 2689 4392 quando
2738 4302 2896 4368 Otto
2943 4302 3042 4386 II,
3092 4303 3204 4389 qui
3250 4324 3355 4368 an.
3410 4305 3581 4368 1218

535 4440 721 4501 „cum
776 4419 1182 4506 Imperatore
1229 4438 1419 4483 cruce
1468 4417 1764 4502 signatus
1811 4434 1991 4479 mare
2043 4409 2422 4492 transivit'’‚
2448 4410 2504 4494 3)
2566 4407 2680 4474 sed
2730 4428 2836 4472 an.
2893 4409 3063 4472 1220
3110 4412 3288 4472 certo
3327 4408 3464 4491 jam
3511 4408 3581 4472 in

527 4525 805 4610 patriam
866 4529 1229 4589 reverterat
1251 4524 1338 4606 4),
1396 4542 1546 4599 una,
1587 4540 1735 4585 cum
1783 4518 2194 4606 praesulibus
2244 4513 2706 4599 salzburgensi
2753 4517 2821 4578 et
2865 4511 3333 4598 Herbipolensi
3381 4510 3583 4598 depu-

533 4633 742 4713 tatur,
791 4633 867 4693 ut
914 4649 1106 4693 cruce
1152 4629 1443 4713 signatos
1488 4626 1663 4691 ultra
1709 4623 2009 4690 debitum
2056 4620 2410 4686 terminum
2456 4621 2842 4682 cunctantes
2886 4615 3582 4681 excommunicationis

534 4734 865 4799 sententia
909 4733 1272 4821 percellant
1317 4731 1458 4815 (cfr.
1504 4751 1684 4794 num.
1721 4728 1856 4811 96).
1924 4726 2109 4802 Quae
2159 4721 2425 4810 quidem
2471 4721 2701 4785 literae
2739 4721 2880 4804 jam
2912 4717 3397 4802 desiderantur,
3448 4739 3580 4784 non

530 4857 685 4902 vero
733 4837 900 4903 aliae
947 4857 1052 4901 an.
1106 4837 1277 4900 1219
1325 4833 1573 4911 editae,
1620 4833 1858 4920 quibus
1903 4828 2105 4895 iidem
2150 4825 2488 4913 praesules
2536 4844 2653 4911 pro
2687 4821 3038 4888 Frederico
3071 4821 3142 4886 II
3172 4821 3576 4908 Imperatore

529 4963 604 5007 ac
667 4940 1072 5029 quibuslibet
1137 4946 1271 5005 tam
1328 4939 1525 5004 rebus
1589 4957 1783 5024 quam
1845 4933 2140 5022 personis
2204 4930 2288 4996 ad
2350 4950 2501 4995 eum
2556 4926 3041 5015 pertinentibus
3088 4930 3579 4991 conservatores

529 5045 933 5133 deputantur
993 5047 1197 5128 (num.
1248 5046 1382 5128 95).
1479 5039 1791 5117 Quamvis
1838 5036 2226 5103 nominatim
2277 5055 2408 5100 non
2455 5037 2760 5115 vocatus,
2818 5050 3047 5095 revera
3092 5034 3314 5093 tamen
3360 5029 3579 5093 Willi-

528 5149 816 5216 brandus
863 5149 1207 5236 episcopus
1254 5148 1431 5232 Traj.
1465 5166 1570 5211 an.
1610 5146 1774 5209 1231
1817 5141 2099 5208 occurrit
2130 5140 2305 5205 inter
2337 5136 2664 5225 principes
2696 5139 2765 5200 et
2795 5132 3122 5222 praelatos
3154 5132 3572 5216 Germaniae,

687 5443 744 5504 1)
788 5442 866 5494 De
911 5458 1018 5508 quo
1062 5457 1111 5493 v.
1156 5441 1306 5492 Kluit
1350 5440 1385 5491 l.
1420 5440 1455 5491 1.
1500 5438 1760 5489 &curm
1815 5435 1937 5484 VII
1977 5434 2064 5497 (de
2103 5446 2246 5483 nexu
2297 5427 2490 5481 feudali
2534 5428 2675 5478 inter
2714 5424 3019 5476 Flandriam
3054 5427 3108 5474 et
3140 5421 3496 5486 Zeelandiam)
3536 5421 3577 5472 1.

524 5522 619 5607 ‘28⁷
653 5538 886 5669 ,ἔξῦὴκ
923 5618 1069 5656 num.
1107 5603 1176 5655 80
1209 5607 1263 5654 et
1298 5601 1449 5654 Kluit
1483 5601 1518 5652 1.
1551 5600 1587 5652 l.
1622 5597 1735 5650 487.

686 5687 743 5751 3)
778 5686 825 5738 J.
859 5687 924 5737 de
958 5685 1099 5736 Beka
1141 5684 1388 5735 Chronica
1420 5680 1503 5734 68.
1769 5678 1826 5745 4)
1863 5677 1987 5729 Mon
2022 5670 2492 5738 Kerkyeeclaiedeniae
2528 5668 2596 5721 11.
2631 5681 2668 5720 1.
2704 5667 2770 5718 15
2804 5671 2858 5718 et
2891 5663 3004 5717 108.
