4450 6684
1899 520 2387 586 Ilm-nonnemo.
3557 537 3680 585 mx

634 737 765 804 nici
826 735 1337 802 admitterentur
1394 734 1511 800 filii
1574 734 2134 821 presbyterorum,
2193 734 2320 799 nisi
2377 732 2778 822 dispensatio
2825 734 3209 822 Apostolica
3251 735 3320 799 id
3368 755 3677 821 expresse

630 840 1045 921 indulsisset,
1094 839 1166 904 a0
1217 841 1386 904 1297
1435 859 1662 903 severe
1711 838 2045 924 prohibuit
2089 837 2487 903 wilhelmus
2533 838 2876 904 Bertholdi
2924 839 3287 926 episcopus.
3315 840 3367 924 l)

858 941 1155 1010 Tandem
1201 942 1307 1007 hic
1353 947 1584 1007 notare
1621 942 1850 1026 juvat,
1898 939 2406 1027 dispensationis
2448 963 2643 1029 super
2678 943 2792 1007 tali
2825 942 3087 1008 defectu
3116 943 3341 1008 literas
3372 943 3639 1030 papales
3662 990 3679 1025 ,

631 1070 797 1134 quas
864 1046 948 1113 ad
1018 1045 1371 1112 secundam
1442 1045 1725 1132 speciem
1793 1043 2166 1110 referendas
2215 1066 2414 1132 supra
2460 1045 2633 1128 dixi,
2683 1047 2878 1112 alicui
2924 1048 3216 1132 praelato
3264 1046 3677 1134 (plerumque

630 1152 942 1239 episcopo
991 1149 1318 1215 ordinario
1364 1149 1473 1214 vel
1518 1150 1662 1234 ejus
1710 1149 1884 1213 vices
1931 1149 2215 1233 gerenti)
2263 1154 2596 1236 tamquam
2643 1152 2980 1215 executori
3012 1150 3449 1216 fulminandas
3480 1151 3678 1236 vulgo

630 1255 956 1321 committi
1011 1254 1149 1337 (cfr.
1198 1274 1443 1317 numm.
1499 1253 1659 1335 384,
1706 1252 1868 1335 462,
1920 1253 2082 1335 618,
2135 1253 2294 1334 737,
2346 1254 2506 1336 859,
2557 1255 2717 1335 890,
2775 1255 3219 1318 1006-1030
3266 1256 3458 1338 etc);
3524 1253 3681 1318 dum

636 1360 737 1425 bis
782 1364 1042 1423 tantum
1089 1357 1443 1442 contigisse
1489 1357 1824 1438 novimus,
1874 1356 2069 1440 hujus
2116 1356 2357 1441 speciei
2407 1356 2960 1443 dispensationem
2992 1357 3074 1423 ad
3107 1358 3322 1444 ipsum
3356 1366 3681 1422 oratorem

630 1463 884 1528 directe
930 1463 1131 1527 fuisse
1180 1460 1575 1525 destinatam
1623 1461 1893 1543 (numm.
1947 1461 2075 1523 459
2126 1463 2194 1523 et
2243 1460 2422 1543 678).
2485 1459 2543 1525 Ε
2589 1461 2941 1543 contrario,
2996 1463 3258 1526 tertiam
3304 1459 3683 1546 hujusmodi

633 1566 1144 1655 dispensationis
1190 1565 1506 1651 speciem,
1554 1569 1629 1627 ut
1675 1564 1820 1651 quis
1867 1563 2209 1648 illegitime
2258 1570 2454 1628 natus
2502 1563 2689 1649 plura
2732 1564 3056 1631 beneficia
3095 1572 3317 1650 posset
3349 1565 3682 1648 obtinere,

638 1692 770 1736 non
817 1670 901 1735 ad
948 1674 1409 1752 executorem,
1460 1669 1570 1755 qui
1616 1667 2139 1732 fulminationem
2186 1668 2435 1748 obiret,
2485 1667 2600 1732 sed
2648 1668 2732 1733 ad
2777 1669 2991 1756 ipsum
3040 1674 3366 1735 oratorem
3412 1670 3683 1735 inscribi

638 1796 778 1840 mos
826 1781 967 1839 erat
1012 1773 1152 1855 (cfr.
1203 1794 1448 1838 numm.
1504 1774 1665 1854 166,
1714 1773 1883 1853 471,
1934 1772 2100 1853 510,
2156 1771 2365 1852 1101,
2421 1772 2590 1836 1239
2640 1773 2816 1855 etc.).

863 1878 1036 1944 Sane
1103 1877 1228 1941 hoc
1297 1880 1495 1962 caput
1564 1876 1841 1940 caeteris
1912 1874 2188 1961 amplius
2260 1880 2328 1938 et
2390 1874 2625 1940 clarius
2688 1876 3015 1958 ostendit,
3076 1878 3458 1963 praesertim
3508 1898 3678 1944 saec.
3710 1885 4058 1936 Corollarium.

638 1981 806 2047 XIV
866 1981 1061 2046 nimis
1121 1980 1285 2067 proh
1335 1979 1556 2044 dolor!
1612 1980 1682 2044 in
1730 1977 2014 2044 dioecesi
2061 1978 2472 2063 Trajectensi
2503 1978 2879 2044 ‹relaxatam
2927 1979 3125 2045 fuisse
3174 1982 3683 2046 ecclesiasticam

635 2086 1068 2173 disciplinam.
1141 2084 1319 2158 Quot
1365 2083 1539 2149 enim
1586 2080 1999 2148 sacerdotum
2045 2082 2152 2146 vel
2198 2082 2431 2147 saltem
2479 2084 2795 2165 virorum,
2845 2084 2955 2169 qui
2997 2105 3180 2148 sacro
3214 2091 3404 2150 erant
3435 2084 3682 2150 Ordine

638 2189 918 2271 initiati,
963 2188 1289 2273 illegitimi
1335 2187 1451 2251 filii
1500 2207 1696 2273 super
1740 2184 2003 2252 defectu
2049 2186 2364 2251 natalium
2396 2188 2698 2273 papalem
2731 2186 3286 2273 dispensationem
3319 2189 3680 2256 obtinuisse

639 2294 968 2380 leguntur.
1038 2291 1133 2358 At
1178 2292 1384 2376 magis
1432 2290 1646 2355 adhuc
1690 2291 1875 2375 lapsa
1920 2294 2079 2354 tunc
2123 2310 2380 2355 morum
2423 2291 2766 2377 disciplina
2796 2293 3156 2376 revelatur,
3205 2293 3381 2379 quod
3410 2294 3681 2380 insuper

633 2397 910 2463 clericos
957 2396 1152 2460 simili
1199 2394 1462 2460 defectu
1506 2395 1916 2475 laborantes,
1980 2394 2091 2479 qui
2141 2398 2216 2458 ut
2261 2394 2581 2460 beneficio
2630 2396 2905 2482 simplici
2953 2397 3444 2485 minoribusque
3492 2397 3683 2464 Ordi-

639 2501 835 2566 nibus
901 2506 1247 2565 manerent
1316 2499 1639 2580 contenti,
1704 2499 1917 2585 ipsum
1981 2498 2355 2584 episcopum
2422 2498 2723 2585 precibus
2769 2499 3123 2584 adiverint,
3189 2502 3455 2566 minime
3501 2522 3682 2568 raros

640 2605 842 2670 fuisse
889 2610 1034 2669 tuto
1083 2605 1407 2690 conjicere
1453 2604 1669 2669 liceat.
1828 2592 1832 2595 ”

2089 2780 2124 2844 Ι
2132 2780 2237 2845 II.

1495 2958 1615 3023 DE
1684 2957 1978 3025 REBUS
2046 2957 2794 3035 RATIONIBUSQUE
2814 3008 2831 3043 ,

642 3141 884 3229 quibus
932 3138 1249 3204 dioecesis
1296 3142 1522 3201 nostra
1567 3138 2007 3223 Trajectensis
2055 3158 2200 3201 cum
2249 3137 2551 3203 Romano
2571 3138 2923 3203 ‚Pontifice
2968 3159 3177 3225 usque
3223 3140 3305 3206 ad
3355 3164 3461 3208 an.
3516 3146 3685 3213 1378

640 3245 998 3329 conjuncta
1066 3247 1242 3324 erat,
1311 3241 1509 3326 hujus
1579 3240 2095 3306 Introductionis
2171 3241 2431 3306 tertiam
2501 3248 2791 3328 partem,
2855 3250 2930 3307 ut
2989 3244 3179 3308 initio
3243 3248 3891 3334 suscepimus,'1jertia0
3926 3250 4077 3315 Pssfiss

641 3348 845 3414 finem
903 3347 1149 3412 habere
1211 3346 1541 3411 convenit.
1635 3343 2183 3432 Quandoquidem
2247 3346 2317 3410 in
2379 3346 2607 3432 quavis
2669 3346 3155 3413 necessitudine
3211 3353 3600 3430 „terminum
3649 3317 4080 3436 atffinssuffiffiss,

642 3451 823 3539 quo”·
890 3458 1088 3538 atque
1165 3451 1554 3531 „terminum
1625 3449 1708 3513 ad
1779 3448 2016 3535 quem’'
2087 3453 2266 3514 recte
2327 3450 2699 3537 philosophi
2759 3451 3205 3538 distinguunt,
3273 3453 3505 3520 eodem
3549 3455 3687 3524 fere

649 3555 842 3621 modo
903 3553 1166 3620 assidua
1225 3554 1399 3618 inter
1458 3552 1907 3641 Apostolicam
1964 3552 2202 3617 Sedem
2253 3558 2322 3618 et
2367 3552 2723 3619 dioecesim
2771 3556 3265 3641 TraJectensem
3312 3560 3687 3644 conjunctio

646 3659 899 3725 secerni
965 3662 1205 3745 potest.
1300 3656 1522 3741 Hujus
1590 3676 1781 3741 porro
1853 3657 2288 3741 conjuctionis
2358 3659 2716 3738 „terminus
2779 3680 2819 3722 a
2881 3660 3054 3745 quo”
3116 3662 3346 3748 utique
3409 3662 3691 3730 dicenda

645 3768 751 3829 est
818 3782 1125 3850 suprema
1193 3781 1361 3847 quae
1431 3760 1734 3825 Romano
1804 3759 2112 3825 Pontifici
2166 3761 2237 3825 in
2285 3759 2644 3826 Ecclesiam
2691 3763 3060 3828 universam
3108 3767 3425 3852 competit
3469 3774 3693 3834 aucto·

651 3868 825 3933 ritas.
920 3865 1008 3931 Et
1076 3867 1168 3930 sic
1236 3862 1617 3951 accipienda
1688 3869 1841 3929 sunt
1912 3869 2237 3951 quotquot
2300 3886 2340 3929 a
2397 3863 2570 3930 Sede
2617 3864 3003 3952 Apostolica
3048 3873 3306 3934 nostras
3353 3870 3421 3934 in
3469 3878 3692 3957 partes

646 3976 953 4036 emanata
1019 3969 1319 4034 novimus
1387 3968 1731 4050 mandata,
1808 3968 2183 4054 privilegia,
2255 3968 2640 4054 legationes.
2733 3968 2994 4036 Deinde
3057 3992 3211 4036 vero
3278 3974 3693 4061 episcopatus

648 4073 1089 4159 Trajectensis
1149 4072 1511 4137 existimari
1572 4078 1792 4159 potest
1854 4093 1989 4137 non
2037 4073 2248 4137 solum
2298 4071 2593 4157 ejusdem
2642 4072 3146 4139 necessitudinis
3202 4078 3558 4157 „terminus
3608 4080 3691 4144 ad

647 4199 843 4265 quem
861 4177 923 4260 ,⁹²
971 4177 1086 4242 sed
1135 4177 1333 4241 etiam
1386 4177 1743 4257 „terminus
1790 4197 1829 4240 a
1875 4176 2079 4262 qu0,”
2130 4176 2394 4240 tametsi
2443 4175 2887 4242 secundarius.
2951 4177 3038 4243 Et
3084 4180 3175 4243 sic
3217 4180 3691 4248 consideranda

650 4288 807 4346 sunt
852 4286 1174 4368 quotquot
1219 4281 1464 4345 nostris
1507 4300 1593 4345 ex
1641 4280 1935 4365 partibus
1981 4281 2051 4345 in
2097 4281 2399 4368 papalem
2448 4281 2694 4345 curiam
2736 4281 3053 4368 prodiisse
3086 4283 3398 4369 leguntur
3430 4306 3688 4372 preces,

650 4385 897 4467 officia,
945 4385 1454 4473 appellationes,
1506 4383 1844 4448 domestici
1890 4383 2262 4449 familiares.

874 4487 1161 4555 Proinde
1232 4509 1362 4574 qua
1427 4488 1496 4552 in
1566 4487 1855 4553 secunda
1921 4486 2437 4554 Introductionis
2505 4494 2691 4576 parte
2748 4490 2999 4575 egimus
3046 4490 3337 4574 ratione,
3385 4492 3481 4557 ita
3525 4492 3697 4558 hanc

654 4594 911 4659 tertiam
970 4612 1229 4678 quoque
1291 4596 1543 4678 partem
1593 4590 1768 4676 quod
1816 4590 1898 4655 ad
1945 4592 2286 4657 materiam
2333 4592 2646 4679 bipartito
2696 4613 3036 4659 secernere
3083 4600 3395 4679 praestat.
3490 4595 3697 4682 Cujus

655 4717 809 4782 ergo
857 4695 1065 4783 prima
1110 4696 1310 4760 sectio
1359 4700 1512 4780 aget
1561 4693 1642 4759 de
1688 4694 1799 4778 iis,
1848 4715 2015 4781 quae
2065 4715 2104 4758 a
2149 4696 2452 4760 Romana
2497 4697 2677 4761 curia
2715 4696 2785 4761 in
2819 4695 3171 4762 dioecesim
3204 4699 3699 4784 Trajectensem

652 4805 1160 4881 emanaverunt,
1231 4799 1438 4863 altera
1505 4804 1727 4863 autem
1796 4797 1879 4863 de
1947 4798 2063 4882 iis,
2127 4819 2294 4885 quae
2350 4801 2590 4864 nostris
2638 4820 2674 4864 e
2721 4800 3020 4886 partibus
3069 4799 3151 4866 ad
3202 4802 3435 4866 solium
3482 4804 3702 4891 ponti-

656 4902 874 4969 ficium
920 4901 1290 4969 ascendisse
1338 4909 1568 4967 notum
1616 4908 1736 4966 est.

1932 5078 2132 5145 Sestio
2170 5080 2411 5166 prima.

882 5242 1066 5319 Quae
1111 5243 1182 5307 in
1229 5241 1577 5308 dioecesim
1624 5243 2116 5327 Trajectensem
2156 5264 2195 5307 a
2237 5243 2521 5308 Summis
2562 5242 2996 5309 Pontificibus
3036 5243 3397 5331 diplomata
3437 5265 3701 5310 emana-

657 5353 929 5432 verunt,
1000 5367 1369 5433 supremam
1440 5367 1664 5412 eorum
1727 5347 2187 5412 auctoritatem
2250 5366 2646 5432 magnopere
2704 5346 2879 5435 apud
2927 5368 3046 5412 nos
3092 5347 3374 5413 valuisse
3423 5348 3582 5413 satis
3631 5355 3700 5415 et

825 5644 880 5709 1)
917 5643 1109 5695 Muller
1140 5643 1214 5696 l.l.
1247 5641 1463 5694 50-52.
