4450 6684
1818 527 2149 593 Unnmus
2198 527 2283 591 V.
3462 531 3586 593 165

513 745 708 812 1849.
1203 747 1407 828 1367,
1459 744 1831 809 Novembris
1876 747 1995 826 10,
2044 745 2285 809 Romae
2330 767 2435 831 ap.
2488 746 2555 810 S.
2607 746 2898 810 Petrum.

831 899 1166 964 Johannes
1213 900 1289 963 de
1337 899 1699 984 Hilleqhem
1750 899 2132 980 monachus,
2181 902 2251 963 in
2296 899 2636 964 sacerdotii
2680 899 2901 963 ordine
2946 901 3354 982 constitutus,
3394 920 3590 984 prae-

738 1007 958 1088 ficitur
1005 1010 1073 1070 in
1121 1007 1402 1071 abbatem
1453 1008 1818 1071 monasterii
1867 1005 2352 1091 Eqmondensis,
2401 1008 2582 1088 cnjus
2628 1005 2884 1069 abbatia
2930 1005 3171 1069 dudum
3210 1007 3593 1090 apostolicae

741 1113 904 1177 sedis
971 1113 1303 1177 donationi
1362 1120 1682 1176 reservata
1744 1112 1878 1193 fuit
1932 1119 1991 1175 et
2038 1132 2205 1175 nunc
2240 1132 2365 1196 per
2411 1111 2646 1175 obitum
2693 1110 2993 1195 Huqonis
3038 1111 3146 1193 (de
3190 1111 3592 1195 Assendelft)

742 1221 952 1284 ultimi
1013 1219 1258 1283 abbatis
1320 1240 1545 1283 vacare
1606 1221 1909 1282 noscitur.
1962 1253 2044 1266 -·
2098 1218 2298 1301 Cujus
2346 1220 2795 1283 nominationis
2841 1226 3175 1283 conventus
3219 1226 3278 1281 et
3324 1219 3590 1283 vassalli

737 1327 1030 1389 certiores
1076 1325 1456 1388 redduntur.

745 1494 1008 1558 Dilecto
1076 1493 1211 1557 filio
1275 1492 1565 1557 Johanni
1631 1491 1713 1555 de
1778 1491 2155 1576 Hilleghem
2216 1491 2499 1574 (abbati)
2556 1491 2935 1555 monasterii
2984 1489 3460 1576 Egmondensis
3509 1489 3591 1554 ad

519 1600 892 1666 Romanam
958 1599 1298 1663 ecclesiam
1366 1598 1542 1661 nullo
1605 1597 1820 1661 medio
1868 1598 2295 1683 pertinentia,
2347 1596 2592 1661 ordinis
2642 1597 2851 1661 sancti
2897 1594 3280 1677 Benedicti,
3328 1596 3591 1679 Trajec-

515 1706 722 1770 tensis
775 1704 1082 1787 diocesis,
1135 1705 1415 1768 salutem
1462 1712 1572 1767 ete.

741 1811 934 1875 Circa
980 1817 1222 1875 statum
1274 1811 1710 1875 ecclesiarum.
1743 1858 1756 1872 .
1787 1857 1801 1872 .
1833 1858 1847 1871 .
1901 1809 2052 1873 Dat.
2104 1810 2315 1873 Rome
2364 1808 2536 1895 apud
2587 1809 2903 1873 Sanctum
2951 1809 3252 1891 Petrum,
3301 1809 3441 1873 IIII
3488 1809 3587 1872 Id.

518 1916 952 1998 Novembris,
1001 1917 1424 2003 pontificatus
1471 1917 1677 1979 nostri
1725 1936 1897 1980 anno
1947 1924 2158 1979 sexte.

745 2021 830 2086 In
879 2045 929 2087 e.
978 2043 1059 2085 m.
1111 2022 1369 2087 dilectis
1416 2021 1567 2085 filiis
1615 2023 1970 2086 conventui
2018 2022 2395 2085 monasterii
2442 2020 2922 2106 Egmondensis
2967 2028 3077 2085 etc.
3127 2028 3202 2085 ut
3247 2041 3470 2105 supra.

744 2128 829 2193 In
876 2151 926 2192 e.
974 2151 1056 2193 m.
1108 2129 1367 2195 dilectis
1431 2128 1579 2192 filiis
1642 2128 1965 2192 universis
2027 2127 2321 2192 vassallis
2383 2128 2759 2192 monasterii
2824 2127 3299 2212 Egmondensis
3352 2135 3463 2192 etc.
3511 2135 3590 2192 ut

512 2254 735 2320 supra.

936 2325 1056 2386 περ.
1093 2325 1187 2372 Av.
1235 2326 1287 2373 T.
1325 2323 1418 2380 17,
1455 2324 1503 2381 f.
1536 2323 1675 2373 1300.

520 2723 720 2791 1850.
1213 2727 1416 2808 1367,
1468 2725 1840 2789 Novembris
1887 2728 2007 2809 22,
2057 2728 2294 2792 Romae
2339 2749 2445 2813 ap.
2496 2727 2563 2791 S.
2612 2727 2899 2790 Petrum.

844 2877 1191 2943 Francisco
1239 2881 1522 2964 episcopo
1568 2881 1987 2945 Aurasicensi
2032 2882 2393 2946 conceditur
2435 2883 2719 2965 facultas
2739 2931 2756 2963 ‚
2818 2880 3264 2946 tabellionatus
3309 2879 3596 2962 officium

751 2985 1122 3066 conferendi
1167 2986 1458 3071 Reynero
1505 2988 1581 3050 de
1628 2988 1910 3052 Bruenic
1956 2997 2015 3052 et
2060 2988 2438 3053 Theoderico
2480 2988 2865 3052 Gruitbudel
2898 2988 2975 3051 de
3013 2986 3314 3051 Embrica
3349 2989 3592 3051 clericis

750 3113 876 3156 non
926 3095 1279 3178 conjuyatis
1326 3115 1435 3157 nec
1480 3098 1549 3158 in
1592 3098 1795 3159 sacris
1840 3094 2171 3159 ordinibus
2217 3097 2577 3159 constitutis
2632 3094 2812 3176 Traj.
2861 3095 3051 3158 dioec.

752 3272 854 3337 Ne
905 3279 1380 3338 contractuum.
1411 3322 1427 3339 .
1458 3323 1472 3337 .
1505 3323 1519 3339 .
1569 3274 1722 3341 Dat.
1772 3276 1985 3341 Rome
2036 3274 2208 3362 apud
2252 3275 2565 3340 Sanctum
2597 3275 2901 3357 Petrum,
2935 3275 3002 3339 X
3033 3273 3145 3340 Kl.
3179 3275 3592 3358 Decembris,

524 3396 700 3441 anno
749 3384 960 3443 sexto.

948 3497 1069 3558 Ray.
1104 3497 1201 3545 Αυ.
1247 3493 1306 3545 Τ.
1344 3496 1430 3555 19,
1458 3499 1518 3561 s.
1553 3498 1668 3547 544.

528 3891 715 3961 1851.
1257 3901 1457 3980 1367,
1508 3899 1862 3964 Decembris
1909 3901 1983 3980 3,
2034 3899 2272 3963 Romae
2318 3921 2423 3984 ap.
2468 3900 2537 3965 S.
2579 3900 2868 3965 Petrum.

844 4050 1138 4115 Johanni
1200 4052 1307 4134 (de
1371 4052 1766 4137 Hilleqhem)
1830 4052 2044 4117 abbati
2104 4055 2533 4140 Eymondensi
2577 4056 2961 4139 conceditur,
3019 4056 3190 4142 quod
3234 4078 3276 4121 a
3324 4058 3602 4144 quolibet

754 4159 1040 4221 antistite
1088 4159 1440 4241 Catholico,
1483 4162 1766 4243 qratiam
1814 4168 1871 4223 et
1917 4164 2401 4225 communionem
2440 4162 2604 4225 sedis
2635 4164 3012 4246 apostolicae
3042 4163 3328 4247 habente,
3368 4185 3597 4229 munus

753 4262 1191 4328 benedictionis
1237 4267 1512 4350 recipere
1555 4267 1783 4329 valeat.

753 4445 920 4510 Cum
967 4468 1178 4533 nuper
1226 4449 1645 4513 monasterio,
1673 4495 1689 4511 .
1719 4496 1735 4512 .
1767 4495 1782 4511 .
1853 4448 2006 4513 Dat.
2058 4449 2271 4513 Rome
2319 4448 2494 4535 apud
2546 4449 2858 4515 Sanctum
2906 4451 3214 4535 Petrum,
3273 4453 3378 4518 ΠΙ
3424 4454 3595 4520 Non.

522 4551 942 4636 Decembris,
993 4575 1165 4618 anno
1213 4560 1424 4619 sexto.

947 4670 1070 4731 Req.
1108 4670 1204 4718 Aa.
1251 4672 1305 4719 T.
1340 4669 1432 4732 17,
1458 4672 1518 4734 s.
1554 4670 1669 4720 480.

531 5067 724 5136 1852.
1266 5074 1466 5153 1367,
1515 5072 1872 5138 Decembris
1918 5077 1982 5156 7,
2032 5075 2270 5139 Romae
2315 5097 2421 5161 ap.
2471 5076 2537 5141 S.
2593 5077 2882 5141 Petrum.

851 5224 1116 5309 Symoni
1164 5224 1434 5289 Henrici
1479 5224 1556 5288 de
1604 5224 1858 5290 Ziericce
1902 5228 2233 5309 confertur
2263 5229 2666 5313 parochialis
2704 5230 2959 5293 ecelesia
2989 5230 3065 5293 de
3094 5230 3381 5295 Riethem
3421 5233 3602 5313 Traj.

759 5330 947 5394 dioec.
968 5379 985 5412 ,
1056 5351 1289 5395 vacans
1358 5352 1434 5394 ex
1502 5352 1568 5394 eo
1634 5332 1805 5415 quod
1868 5332 2108 5398 Petrus
2169 5334 2246 5397 de
2281 5334 2699 5398 -Levenberch
2760 5335 3133 5400 decanatum
3202 5339 3485 5402 ecclesiae
3545 5338 3600 5402 b.

757 5436 1013 5501 Mariae
1067 5437 1248 5520 Traj.
1297 5436 1603 5518 obtinuit,
1665 5445 1724 5501 et
1768 5439 1857 5502 15
1904 5460 2273 5504 marcarum
2319 5442 2570 5525 arqenti
2613 5441 2890 5505 valorem
2936 5462 3221 5504 annuum
3267 5463 3392 5506 non
3437 5464 3603 5507 exce-

757 5543 927 5607 dens.
981 5580 1061 5590 —
1114 5543 1527 5627 Deputantur
1567 5550 1948 5628 executores,
1996 5548 2163 5610 inter
2208 5566 2365 5631 quos
2397 5546 2752 5610 Nicholaus
2784 5546 2859 5610 de
2890 5546 3152 5612 Patella
3182 5555 3243 5612 et
3270 5548 3598 5613 Johannes

765 5648 1107 5713 Dankardi
1150 5649 1227 5713 de
1274 5648 1462 5712 Mare
1508 5652 1792 5713 canonici
1846 5649 2027 5734 Traj.
