4450 6684
1759 513 2162 580 Gamomus
2206 515 2332 580 XI.
3454 516 3580 580 19⁷

735 742 894 810 Vite
941 764 1017 808 ao
1063 763 1337 808 morum,
1367 789 1383 806 .
1413 790 1428 804 .
1457 788 1471 804 .
1523 742 1675 809 Dat,
1724 733 2094 817 Avinione,
2143 734 2213 799 Π
2258 737 2358 803 Id.
2407 739 2691 826 Aprilis,
2739 760 2911 806 anno
2960 741 3190 828 primo.

927 861 1053 925 Bey.
1088 862 1185 911 Ao.
1230 863 1284 912 T.
1322 860 1488 927 10‚s.
1525 861 1663 912 29‘2v.

512 1250 712 1320 1994.
1492 1256 1706 1338 1371,
1757 1257 2016 1341 Aprilis
2060 1259 2183 1339 15,
2232 1257 2598 1321 Avenionis.

830 1409 968 1473 Pro
1034 1408 1322 1474 Swedero
1396 1409 1460 1474 U
1458 1411 1648 1474 terloe
1697 1413 2069 1495 praeposito
2140 1409 2325 1490 Traj.
2389 1410 2800 1493 infrascripti
2858 1408 2945 1473 ad
3004 1408 3344 1472 triennium
3391 1404 3584 1490 depu-

742 1521 966 1580 tantur
1012 1523 1490 1580 conservatores,

746 1697 1024 1761 Dilectis
1072 1696 1224 1760 filiis
1276 1745 1290 1759 .
1322 1744 1337 1760 .
1392 1698 1601 1761 sancti
1649 1697 2000 1762 Laurencii
2045 1699 2113 1762 in
2163 1697 2492 1762 Oesbroec
2540 1705 2730 1762 extra
2775 1718 2994 1762 muros
3035 1697 3475 1781 Trajectensis
3525 1742 3539 1758 .
3568 1742 3584 1759 .

525 1807 597 1868 et
651 1802 1254 1887 Middelburgensis
1304 1803 1746 1887 Trajectensis
1795 1802 2072 1869 diocesis
2117 1804 2660 1869 monasteriorum
2709 1804 3056 1869 abbatibus
3102 1824 3178 1867 ac
3226 1851 3241 1866 .
3270 1850 3286 1865 .
3336 1801 3585 1867 decano

533 1909 804 1974 ecclesie
853 1915 1077 1973 sancte
1124 1908 1330 1974 Mario
1379 1909 1459 1973 ad
1508 1908 1765 1974 Gradus
1814 1909 2221 1975 Coloniensis
2269 1911 2548 1974 salutem
2594 1918 2704 1974 etc.

755 2013 1078 2079 Militanti
1126 2013 1420 2079 ecclesio.
1452 2061 1468 2078 .
1499 2062 1514 2077 .
1548 2062 1562 2076 .
1612 2013 1767 2079 Dat.
1815 2015 2183 2097 Avinione,
2233 2015 2435 2080 XVII
2479 2014 2591 2080 Kl.
2637 2015 2831 2100 Maji,
2879 2035 3053 2108 anno
3099 2015 3328 2100 primo.

941 2131 1066 2193 περ.
1100 2131 1199 2180 Aa.
1242 2132 1296 2181 T.
1330 2130 1385 2193 s,
1410 2131 1470 2194 s.
1505 2128 1619 2179 347.

530 2502 722 2571 1995.
1516 2508 1727 2586 1371,
1775 2507 2034 2590 Aprilis
2079 2507 2199 2587 21,
2250 2508 2610 2571 Avenionis.

862 2659 1162 2724 Omnibus
1198 2660 1665 2744 poenitentibus
1711 2669 1772 2725 et
1816 2662 2153 2743 confessis,
2204 2662 2322 2745 qui
2365 2663 2675 2746 capellam
2721 2661 2809 2725 ad
2855 2661 3145 2725 honorem
3193 2667 3251 2724 et
3285 2658 3399 2723 sub
3434 2678 3612 2724 voca-

764 2765 909 2829 bulo
964 2763 1020 2829 b.
1068 2764 1363 2829 Mathiae
1406 2765 1707 2850 Apostoli
1751 2773 1810 2830 et
1857 2765 1911 2829 b.
1958 2765 2368 2850 Marqaritae
2406 2787 2480 2830 ac
2515 2765 2808 2830 Omnium
2841 2764 3221 2829 Sanctorum
3251 2766 3609 2828 institutam

768 2871 951 2953 infra
984 2870 1295 2955 hospitale
1312 2892 1710 2956 pauperum,
1747 2872 1916 2957 quod
1945 2874 2015 2935 in
2054 2875 2304 2936 civitate
2335 2872 2723 2956 Trajectensi
2752 2872 2828 2935 de
2855 2892 3012 2935 novo
3042 2878 3133 2934 est
3159 2876 3612 2952 constructum,

773 2976 989 3041 diebus
1047 2977 1295 3059 festivis
1350 2997 1553 3061 supra
1621 2998 1793 3041 num.
1857 2979 2038 3041 1977
2084 2978 2384 3042 indicatis
2430 2999 2663 3042 necnon
2699 2979 3151 3063 praefatorum
3186 2982 3615 3060 patronorum

779 3083 991 3148 devote
1033 3085 1428 3148 visitaverint
1473 3092 1533 3148 et
1576 3086 1994 3170 eleemosynas
2040 3085 2126 3148 ad
2171 3086 2408 3149 dictum
2457 3085 2766 3170 hospitale
2808 3086 3230 3169 eroqaverint,
3276 3084 3510 3146 similes
3546 3102 3621 3145 ac
3681 3145 3684 3148 .

779 3192 850 3254 in
896 3211 1069 3256 num.
1123 3190 1383 3254 laudato
1429 3191 1860 3276 indulyentiae
1904 3193 2377 3276 impertiuntur.

778 3372 972 3437 Licet
1019 3371 1117 3454 is,
1169 3370 1252 3435 de
1300 3371 1508 3454 eujus.
1539 3419 1553 3435 .
1583 3419 1598 3434 .
1630 3419 1647 3436 .
1696 3371 1849 3436 Dat.
1901 3349 2268 3456 Avinione,
2315 3374 2418 3438 xl
2463 3373 2575 3438 Kl.
2623 3373 2820 3459 Maji,
2871 3396 3041 3439 anno
3086 3374 3316 3460 primo.

970 3487 1098 3550 περ.
1135 3488 1231 3536 An.
1278 3489 1331 3536 T.
1366 3486 1419 3550 2,
1445 3489 1507 3551 f.
1542 3487 1656 3538 42⁵³.

549 3858 745 3926 1996.
1530 3861 1741 3943 1371,
1792 3862 2049 3945 Aprilis
2093 3863 2211 3942 23,
2258 3863 2626 3927 Avenionis.

898 4012 1239 4077 Wilhelmo
1300 4012 1509 4095 Buer,
1569 4015 1672 4076 cui
1704 4013 2106 4097 parochialis
2152 4016 2406 4079 ecclesia
2452 4017 2527 4079 de
2574 4015 2816 4079 Putten
2869 4014 3050 4097 Traj.
3098 4013 3322 4095 dioec.,
3369 4033 3508 4076 cum
3554 4032 3630 4076 ex
3719 4026 3723 4030 ⁴

781 4141 849 4185 eo
908 4127 1199 4203 vacaret,
1266 4119 1435 4204 quod
1498 4120 1878 4204 Peleyrinns
1942 4120 2018 4184 de
2079 4121 2255 4185 Reno
2282 4123 2333 4205 1)
2386 4125 2604 4207 primo
2655 4129 2809 4206 post
2864 4123 3306 4184 assecutionem
3351 4139 3518 4183 anno
3563 4140 3628 4183 se

782 4211 919 4291 non⁴
951 4226 1173 4310 fecerit
1220 4228 1291 4290 in
1328 4226 1779 4311 presbyterum
1814 4230 2207 4311 promoveri,
2257 4250 2298 4291 a
2339 4229 2639 4293 Johanne
2684 4231 2966 4313 episcopo
3014 4227 3195 4308 Traj.
3234 4226 3471 4290 collata
3508 4232 3626 4308 est,

786 4332 934 4396 haec
979 4334 1233 4397 ecclesia
1287 4332 1738 4414 confirmatur,
1774 4333 2047 4418 perinde
2093 4354 2167 4397 ac
2210 4334 2372 4398 idem
2417 4335 2797 4419 Peleyrinus
2834 4333 2998 4397 sedis
3035 4333 3414 4417 apostolicae
3443 4332 3638 4414 fami-

778 4438 961 4502 liaris
1006 4459 1129 4502 non
1177 4438 1422 4519 fuisset.

790 4620 1191 4687 Laudabilia
1238 4620 1609 4707 probitatis.
1643 4669 1656 4684 .
1686 4668 1701 4684 .
1730 4666 1744 4684 .
1794 4619 1949 4685 Dat.
1998 4623 2368 4707 Avinione,
2415 4622 2622 4688 VIIII
2665 4623 2777 4688 Kl.
2824 4623 3018 4708 Maji,
3068 4644 3241 4688 anno
3289 4622 3519 4709 primo,

973 4738 1099 4799 περ.
1135 4737 1237 4786 Ao.
1279 4738 1333 4788 T.
1370 4736 1425 4800 2,
1454 4738 1515 4801 s.
1549 4735 1692 4786 3850.

710 4864 767 4929 1)
804 4864 908 4916 Csr.
944 4879 1103 4927 supra
1140 4880 1287 4915 num.
1327 4865 1473 4916 1234.

556 5186 744 5255 1997.
1538 5192 1717 5255 1371
1738 5240 1757 5274 ‚
1802 5193 2064 5276 Aprilis
2111 5194 2231 5274 24,
2278 5194 2642 5257 Avenionis.

891 5344 1093 5409 Petro
1165 5344 1392 5408 Jaccbi
1439 5352 1750 5429 perpetuo
1798 5348 2034 5409 vicario
2069 5346 2473 5430 parochialis
2517 5346 2804 5410 ecclesiae
2847 5345 2913 5407 in
2965 5342 3333 5407 Oudekerke
3362 5345 3649 5428 provisio

811 5453 939 5536 ipsi
997 5452 1177 5533 facia
1247 5453 1313 5514 de
1368 5454 1741 5514 canonicatu
1788 5458 1847 5514 et
1881 5451 2248 5535 praebenda
2297 5454 2581 5516 ecclesiae
2626 5451 2695 5513 S.
2742 5449 2930 5513 Petri
2982 5448 3201 5532 Traj.,
3249 5471 3373 5533 per
3415 5448 3649 5513 obitum

819 5557 1078 5621 Gerlaci
1137 5557 1213 5620 de
1258 5556 1534 5620 Doerinc
1579 5557 1946 5621 vacantibus
1993 5559 2443 5641 confirmatur,
2487 5557 2759 5642 perinde
2802 5576 2877 5618 ac
2921 5555 3083 5618 idem
3134 5554 3441 5618 Ger-lacus
3482 5554 3647 5618 sedis

787 5664 1165 5749 apostolicae
1206 5662 1560 5746 familiaris
1605 5683 1732 5726 non
1775 5663 2024 5745 fuisset.
