4450 6684
1797 519 2019 582 Iumzx
2065 517 2557 584 Pnnsonnou.
3580 518 3715 582 403

632 739 675 798 J
689 740 1011 801 ohannes
1074 738 1503 817 Blanoheynen
1562 744 1761 800 rector
1818 739 1966 801 eool.
2021 744 2087 803 in

715 854 1126 931 Oulenboreh‚
1169 873 1299 914 oan.
1341 856 1401 915 b.
1445 855 1673 914 Mariae
1711 853 1876 932 Traj.
1909 855 2084 917 1944.

642 999 715 1008 —
773 965 849 1024 de
905 963 1317 1042 Beeseghoem
1372 965 1490 1025 vio.
1549 969 1612 1024 et
1665 983 1795 1026 oan.
1837 965 2086 1042 Majoris

719 1075 882 1152 Traj.
933 1075 1104 1134 1956.

637 1221 714 1235 -
768 1188 846 1248 de
900 1188 1176 1246 Maersen
1230 1192 1346 1247 art.
1393 1206 1582 1266 mag.,
1625 1189 1770 1248 oler.
1814 1187 2008 1248 benef.
2050 1208 2089 1250 a

717 1315 872 1357 mon.
917 1297 1325 1375 Egmondensi
1371 1297 1542 1358 1957.

638 1441 705 1453 -
756 1412 936 1467 natus
980 1406 1296 1466 Wilhelmi
1335 1405 1601 1467 Britonis
1629 1408 1847 1486 oapell.
1875 1411 1934 1470 b.
1961 1410 2087 1469 Ma·

717 1517 846 1577 riae
901 1517 965 1576 in
1023 1516 1445 1594 Everswaard‚
1504 1517 1698 1578 benef.
1750 1520 1827 1578 ab
1868 1521 2089 1580 abbate

720 1625 780 1687 Β.
825 1626 1002 1686 Pauli
1048 1617 1216 1704 Traj.
1264 1627 1435 1687 1966.

641 1771 714 1782 -
775 1737 850 1796 de
905 1737 1317 1815 Campostella
1370 1757 1501 1799 ean.
1560 1738 1619 1798 S.
1679 1740 1847 1800 Petri
1893 1741 2086 1820 Traj.,

718 1853 917 1908 reotor
959 1849 1106 1908 ecel.
1150 1849 1224 1909 de
1266 1849 1444 1909 Heilo
1488 1852 1664 1912 2010.

641 1991 715 2002 -
790 1958 864 2017 de
930 1958 1175 2018 Riemer
1243 1959 1429 2019 schol.
1497 1962 1558 2020 b.
1625 1961 1855 2022 Mariae
1925 1962 2087 2040 Traj.

720 2068 896 2128 2022.

642 2212 715 2223 -
762 2178 962 2238 dietus
1004 2177 1189 2238 Vaelt
1230 2198 1360 2238 ean.
1403 2180 1650 2256 MaJoris
1685 2185 1746 2240 et
1772 2183 1832 2242 b.
1862 2182 2092 2242 Mariae

724 2287 886 2365 Traj.
933 2290 1117 2365 2026,
1162 2290 1337 2348 2216.

642 2429 718 2440 -
764 2398 838 2457 de
878 2397 1099 2457 Brakel
1145 2397 1360 2458 domio.
1405 2399 1582 2458 2036.

641 2539 719 2551 -
761 2507 960 2584 Breye
1000 2506 1214 2567 domic.
1258 2508 1434 2567 2037.

644 2650 717 2660 -
778 2616 850 2675 de
906 2616 1096 2693 Dryel
1149 2628 1351 2676 rector
1405 2617 1552 2677 eool.
1608 2618 1684 2677 de
1731 2618 2093 2681 Oudekerke

722 2725 911 2799 2047,
955 2726 1131 2784 2232.

643 2865 718 2878 -
778 2834 851 2892 de
915 2833 1369 2912 Steenberghen
1430 2854 1562 2896 oan.
1622 2837 2092 2916 Zutphaniensis

722 2942 898 3001 2049.

644 3086 717 3096 —
783 3051 841 3111 S.
902 3051 963 3111 S.
1017 3053 1199 3113 Nerei
1259 3059 1319 3113 et
1367 3055 1627 3115 Achillei
1671 3059 1868 3134 presb.
1912 3058 2089 3118 Card.

723 3162 908 3238 2060,
952 3163 1130 3222 2119.

643 3291 717 3315 ’-
760 3271 1028 3331 Mathiae
1071 3274 1265 3350 presb.
1309 3274 1485 3334 2083.

646 3415 717 3426 -
763 3381 837 3441 de
878 3382 1197 3441 Haesbeen
1241 3385 1420 3443 2102.

643 3525 720 3537 --
763 3494 948 3552 abbas
992 3492 1049 3551 S.
1094 3493 1359 3553 Bavonis
1402 3491 1743 3554 Gaudensis
1785 3497 1962 3555 2114.

648 3635 719 3645 —
764 3602 838 3661 de
878 3602 1266 3662 Dorenboroh
1296 3621 1425 3663 can.
1460 3602 1519 3663 S.
1551 3603 1907 3683 walburgis
1935 3607 2091 3665 Arn-

723 3711 1023 3771 hemensis
1066 3714 1244 3772 2120.

646 3853 719 3864 -
764 3818 954 3879 Galus
995 3821 1147 3879 alias
1190 3821 1264 3881 de
1306 3822 1637 3900 Breyssieu
1678 3842 1809 3884 oan.
1842 3845 1996 3886 mon.
2029 3826 2087 3886 S.

722 3929 975 3988 Antonii
1030 3930 1156 3989 ord.
1218 3930 1277 3990 S.
1335 3932 1669 4009 Augustini
1727 3933 2091 4029 Viennensis

724 4037 910 4098 dioec.
955 4040 1130 4099 2125.

647 4180 721 4190 —
758 4146 1090 4208 Franoonis
1114 4166 1243 4208 ean.
1270 4147 1330 4208 S.
1352 4149 1523 4209 Petri
1545 4149 2092 4228 Middelburgensis

727 4257 905 4316 2127.

648 4397 722 4408 -
767 4364 841 4424 de
882 4365 1102 4426 Oalker
1138 4367 1366 4443 presb„
1396 4385 1525 4426 ean.
1559 4366 1617 4427 s,
1649 4352 1816 4428 Petri
1843 4367 2092 4429 Midae}-

726 4474 1048 4552 burgensis
1092 4477 1269 4535 2127.

650 4616 721 4626 -
770 4581 982 4643 Strists
1024 4584 1194 4660 eler.,
1239 4585 1532 4645 scholaris
1576 4587 1751 4646 2145.

646 4725 721 4736 —
780 4692 855 4752 de
910 4693 1176 4752 Pierwez
1234 4712 1364 4753 ean.
1425 4693 1482 4753 S.
1530 4694 1700 4754 Petri
1743 4700 1806 4754 et
1846 4696 2093 4773 Majoris

730 4802 893 4879 Traj.
938 4804 1126 4879 2184,
1170 4804 1355 4880 2192,
1400 4805 1588 4881 2215,
1633 4806 1808 4864 2249.

649 4945 720 4955 -
765 4911 1115 4972 Revordelli
1159 4902 1336 4977 2176.

648 5054 722 5064 -—
767 5021 1063 5083 Oalthohf
1097 5041 1226 5082 ean.
1270 5023 1633 5083 Xanotensis
1674 5026 1851 5084 2185.

650 5165 724 5175 —
786 5132 842 5191 S.
901 5133 1219 5191 Laurentii
1275 5133 1338 5191 in
1391 5132 1622 5193 Lucina
1677 5133 1829 5193 diae.
1884 5134 2091 5211 card„

729 5259 860 5300 ean.
904 5241 1068 5317 Traj.
1112 5242 1288 5301 2192.

652 5383 725 5394 —-
767 5349 1043 5409 Barilleti
1090 5352 1266 5410 2196.

651 5492 726 5504 -
771 5459 846 5520 de
885 5460 1033 5519 Eem
1075 5461 1261 5519 abbas
1305 5459 1365 5518 8.
1410 5459 1587 5518 Pauli
1633 5460 1798 5537 Traj.
1836 5463 2012 5520 2198.

650 5604 723 5613 -
769 5587 865 5647 ep.
908 5568 1321 5629 Olomuoensis
1364 5569 1552 5645 2202,
1597 5571 1773 5628 2203.

646 5713 733 5723 —-
770 5679 1039 5739 marchio
1080 5679 1613 5757 Moraviae·2202,
1657 5680 1834 5738 2203.

2266 739 2308 799 J
2319 738 2640 799 ohannes
2698 738 3080 817 lantgravius
3130 737 3720 816 Luohembergensis

2347 850 2534 926 2202,
2577 850 2753 910 2203.

2276 995 2346 1006 -
2389 961 2465 1021 de
2505 961 2877 1039 Rosemberg
2918 961 3103 1037 2202,
3147 960 3325 1021 2203.

2271 1104 2344 1115 -
2389 1070 2771 1149 Eystetensis
2813 1072 2991 1130 2202.

2272 1214 2345 1226 --
2391 1179 2554 1241 Saxo
2595 1180 2772 1239 2202.
2955 1190 2962 1199 ·

2272 1325 2345 1335 -
2388 1291 2579 1351 Mowe
2620 1291 2735 1351 vio.
2779 1290 2925 1351 eool.
2969 1290 3134 1367 Traj.
3175 1290 3354 1349 2205.

2274 1437 2348 1447 -
2404 1402 2479 1461 de
2519 1401 2809 1461 Lautario
2852 1419 2982 1460 can.
3026 1399 3495 1461 Consoranensis
3537 1401 3715 1459 2210.

2269 1544 2350 1556 -
2391 1511 2575 1572 Hoeo.
2614 1529 2774 1588 mag.
2804 1514 2948 1586 art.‚
2990 1508 3184 1570 benef.
3214 1528 3252 1569 a
3277 1526 3432 1569 mon.
3462 1507 3717 1571 Middel-

2350 1620 2639 1699 burgensi
2681 1621 2857 1680 2225.

2271 1767 2344 1776 -
2389 1732 2464 1791 de
2504 1730 2846 1790 Kruzwilre
2888 1731 3064 1789 2231.

2273 1876 2346 1886 -
2389 1841 2522 1901 wit
2544 1846 2724 1901 natus
2739 1839 3114 1900 Wermboldi
3135 1839 3481 1917 wilhelmi,
3503 1841 3720 1919 capell.

2354 1950 2414 2011 8.
2448 1950 2506 2011 S.
2544 1950 2785 2011 Nioolai
2821 1957 2882 2010 et
2916 1950 3284 2011 catharinae
3319 1951 3383 2009 in
3419 1951 3466 2009 s’
3493 1949 3724 2011 Grave·

2353 2061 2537 2121 sande
2578 2061 2753 2119 2253.

2276 2206 2347 2217 -
2395 2174 2511 2233 Pot
2553 2172 2626 2231 de
2667 2172 2937 2231 Arnhem
2975 2173 3099 2232 tab.
3129 2172 3314 2249 2255,
3346 2173 3465 2231 Int.
3497 2172 3722 2232 XLIX.

2276 2318 2347 2328 -—
2407 2281 2604 2344 dietus
2669 2282 2885 2341 Trioht
2947 2282 3022 2340 de
3078 2282 3426 2342 Doseboroh
3483 2282 3595 2343 vio.
3659 2280 3726 2341 S.

2356 2392 2519 2452 Salv.
2562 2392 2728 2468 Traj.
2772 2392 2948 2451 2262.

2274 2537 2348 2548 -
2393 2521 2487 2581 ep.
2528 2501 2926 2561 Massiliensis
2967 2502 3158 2576 (899).

2279 2646 2354 2658 -
2400 2632 2510 2673 rex
2552 2610 2876 2672 Bohemiae
2918 2612 3116 2687 (899),
3160 2612 3336 2671 2283.

2271 2758 2354 2769 -
2396 2723 2470 2783 de
2511 2720 2801 2781 Marvefia
2842 2740 2976 2781 ean.
3015 2720 3075 2781 S.
3106 2721 3243 2781 Joh.
3279 2721 3443 2798 Traj.
3469 2722 3628 2800 App.
3659 2722 3719 2799 Ι,

2353 2834 2474 2892 Int.
2517 2831 2763 2891 LXXV.

2278 2977 2350 2986 —
2410 2942 2485 3002 de
2535 2941 2806 3001 Fumone
2846 2938 3103 3018 scriptor
3148 2940 3410 3018 papalis,
3453 2959 3613 3019 proc.
3659 2942 3723 3001 in

2353 3052 2522 3113 ouria
2563 3051 2721 3128 App.
2766 3051 2862 3125 II,
2906 3049 3036 3126 ΙΙΙ,
3080 3049 3202 3108 Int.
3244 3049 3492 3110 LXXV.

2272 3196 2354 3207 —
2396 3180 2489 3239 ep.
2536 3160 2946 3235 Tusculanus,
2976 3160 3216 3237 legatus
3244 3179 3341 3237 ap.
3372 3160 3493 3220 Int.
3523 3160 3726 3220 LXII.

2275 3306 2349 3316 —
2396 3272 2523 3332 deo.
2556 3269 3069 3348 osnabrugensis,
3101 3269 3482 3348 praedicator
3508 3270 3728 3331 Crucis

2354 3381 2476 3440 Int.
2519 3380 2751 3440 LXIII.

2277 3524 2350 3535 —
2390 3490 2524 3549 wit
2552 3489 2627 3549 de
2648 3489 2798 3549 Delf
2817 3506 2979 3567 proc.
3009 3488 3073 3548 in
3101 3489 3272 3549 ouria
3295 3489 3415 3548 Int.
3440 3490 3721 3550 LXXVI.

2276 3600 2318 3660 J
2330 3600 2647 3659 ordanus
2705 3600 3005 3659 vioeoano.
3048 3598 3354 3659 Romanus
3399 3601 3545 3676 277,
3586 3600 3727 3659 287.

2270 3743 2352 3754 -
2394 3709 2469 3768 de
2509 3709 2762 3769 Xanotis
2803 3727 2934 3767 oan.
2980 3709 3145 3785 Traj.
3192 3710 3324 3768 783.

2273 3853 2346 3864 -
2393 3818 2469 3878 de
2509 3818 2676 3896 Egze
2718 3836 2848 3877 ean.
2891 3819 2949 3878 b.
2992 3817 3225 3878 Mariae
3267 3818 3432 3895 Traj.
3475 3820 3612 3878 818.

2275 3962 2346 3972 -
2408 3928 2484 3987 de
2540 3926 2596 3985 N
2601 3928 2932 3988 oureberoh
2989 3927 3413 4005 (Neurenberg
3425 3928 3477 4003 Ρ)
3517 3933 3723 3988 rector

2353 4037 2499 4098 eccl.
2556 4037 2620 4095 in
2676 4037 2919 4115 Alphen
2974 4037 3181 4099 Colon.
3239 4037 3454 4116 dioec„
3506 4039 3724 4100 deinde

2357 4147 2421 4205 in
2461 4148 2686 4225 Weesp
2733 4148 2906 4206 1259.

2275 4256 2607 4316 Isabella
2646 4262 2793 4316 nata
2831 4255 3113 4317 Reinaldi
3141 4258 3174 4317 I
3209 4259 3448 4318 eomitis
3478 4256 3724 4319 Gelriae

2355 4367 2502 4443 436,
2559 4367 2705 4441 551,
2765 4368 2908 4444 733,
2962 4369 3105 4443 774,
3151 4368 3298 4445 337,
3341 4368 3461 4427 Int.
3504 4369 3718 4443 xxn,

2352 4476 2547 4536 xxv,

2276 4617 2351 4629 -
2415 4591 2607 4645 mater
2675 4585 2946 4646 Eduardi
3011 4588 3177 4665 regis
3245 4589 3506 4666 Angliae
3575 4591 3723 4666 727,

2357 4696 2492 4755 738.

2277 4837 2350 4848 -
2408 4802 2537 4863 filia
2574 4805 2858 4864 Reinaldi
2900 4806 2967 4864 II
3008 4807 3245 4866 comitis
3287 4806 3533 4867 Gelriae
3575 4808 3722 4884 759,

2355 4914 2477 4973 Int.
2520 4914 2756 4973 XXIII.

2272 5058 2355 5069 —
2395 5029 2541 5083 nata
2581 5024 2890 5084 Wilhelmi
2936 5026 3038 5084 III
3080 5025 3314 5086 comitis
3348 5026 3512 5088 Holl.
3547 5030 3725 5105 1337,

2356 5134 2477 5192 Int.
2520 5134 2681 5193 XLI.

2276 5242 2701 5301 Isantrudis
2743 5242 2819 5301 de
2859 5242 3229 5303 Berentrade
3272 5246 3446 5304 1633.

2276 5352 2679 5412 Isbrandus
2721 5351 2884 5430 prior
2924 5352 3370 5431 Egmundensis
3414 5356 3551 5415 506.

2277 5460 2602 5520 Judoous
2645 5461 2718 5520 de
2760 5461 3153 5539 Zomerghem
3202 5464 3373 5523 1684.

2277 5603 2351 5614 —
2398 5570 2472 5630 de
2513 5570 2885 5649 Rosemberg
2926 5571 3114 5648 2202,
3158 5573 3336 5633 2203.

2278 5678 2320 5738 J
2332 5678 2583 5737 uliana
2627 5679 2808 5738 vidua
2849 5680 3087 5743 Nioolai
3123 5681 3202 5740 de
3224 5680 3513 5743 Huesden
3546 5684 3729 5744 1262.-

3404 5807 3482 5864 60
