4450 6684
828 570 879 616 x
2111 545 2603 614 Iunonum-10.

826 768 1126 857 insuper:
1189 764 1313 848 „ad
1359 766 1674 852 majorem
1720 784 1982 854 quoque
2027 771 2244 832 vestre
2291 764 2611 831 mercedis
2657 764 2990 831 cumulum
3035 764 3223 829 vobis
3269 760 3642 829 mandando
3691 779 3880 849 prae·

830 872 1143 959 cipimus,
1207 874 1534 958 quatenus
1592 869 1764 935 hanc
1825 868 2119 956 ejusdem
2186 868 2666 957 predecessoris
2723 869 3263 935 constitutionem
3309 873 3377 934 et
3423 872 3714 933 nostram
3762 885 3882 952 per

831 976 1173 1064 parochias
1228 980 1480 1041 vestras
1543 974 1841 1041 nunciati
1887 974 2165 1063 propriis
2211 974 2420 1040 literis
2466 974 2785 1041 faciatis.”
2814 1022 2830 1038 .
2859 1021 2874 1037 .
2904 1022 2920 1038 .
2949 1021 2966 1038 .
3059 973 3246 1038 Haec
3292 977 3362 1039 et
3407 971 3646 1037 similia
3690 968 3883 1034 dubi·

831 1081 1154 1146 tationem
1200 1079 1362 1146 mihi
1408 1078 1805 1162 attulerunt;
1852 1099 1986 1144 non
2037 1084 2257 1145 tamen
2304 1079 2462 1144 satis
2509 1078 2881 1166 argumenti
2925 1077 3168 1144 habere
3208 1076 3631 1156 videbantur,
3679 1079 3756 1138 ut
3799 1071 3884 1138 ad

828 1184 1311 1271 ingenuitatem
1381 1183 1646 1271 penitus
1708 1181 2078 1271 negandam
2139 1204 2245 1249 me
2306 1182 2728 1250 adducerent.
2821 1182 3033 1270 Ergo,
3103 1181 3259 1248 dum
3324 1181 3394 1247 in
3455 1179 3656 1245 dubio
3719 1175 3883 1242 fides

834 1289 1032 1374 hujus
1090 1288 1311 1355 bullae
1359 1288 1782 1375 relinquitur,
1845 1288 2108 1353 nonnisi
2154 1286 2326 1355 duae
2373 1292 2726 1375 supersunt
2770 1286 3001 1353 literae
3049 1286 3317 1374 papales
3365 1283 3625 1372 spuriae
3671 1283 3879 1368 (num.

838 1394 920 1458 14
968 1399 1038 1460 et
1083 1394 1232 1477 21),
1282 1414 1443 1480 quas
1488 1392 1750 1459 saeculo
1794 1391 1965 1457 XIV
2009 1391 2360 1457 fabricatas
2407 1413 2550 1459 esse
2598 1396 2875 1458 constat.

2309 1614 2409 1679 ΙΙ.

1764 1807 1884 1874 ΒΕ
1952 1805 2268 1874 VARIIS
2337 1806 2956 1874 ARGUMENTIS.

1059 2001 1547 2089 Argumenta
1609 2003 1854 2085 varia,
1919 2023 2087 2090 quae
2150 2002 2219 2068 in
2283 2002 2575 2068 Bullario
2638 2001 3047 2088 TraJectensi
3110 2003 3511 2080 tractantur,
3578 1994 3756 2083 quod
3803 1991 3886 2058 ad

836 2106 1179 2173 materiam
1225 2106 1538 2194 bipartito
1587 2106 1838 2173 secerni
1883 2112 2178 2194 possunt.
2240 2106 2461 2192 Hujtis
2507 2107 2708 2193 igitur
2749 2106 2955 2193 partis
2994 2105 3200 2171 sectio
3231 2104 3441 2191 prima
3473 2106 3627 2187 aget
3658 2098 3740 2165 de
3771 2098 3888 2180 iis,

835 2230 1006 2296 qnae
1053 2211 1326 2276 rationis
1371 2210 1591 2297 potius
1640 2211 1871 2293 civilis,
1919 2211 2128 2277 altera
2173 2231 2330 2277 vero
2379 2212 2582 2277 sectio
2631 2209 2713 2277 de
2761 2210 2870 2293 iis,
2919 2230 3088 2298 qnae
3137 2208 3411 2275 rationis
3451 2205 3678 2270 stricte
3709 2203 3890 2267 eccle-

832 2314 1124 2380 siasticae
1170 2320 1325 2380 sunt
1370 2313 1668 2380 dicenda.

2123 2450 2324 2515 Sectic
2358 2451 2603 2536 prima.

489 2604 793 2681 Argamqnta
1022 2680 1038 2693 ·
1069 2595 1256 2661 Illius
1303 2595 1564 2682 generis
1612 2594 2035 2679 documenta,
2085 2602 2316 2684 utpote
2366 2619 2533 2685 quae
2580 2598 2831 2686 patriae
2878 2604 3142 2664 nostrae
3181 2595 3522 2662 historiam
3559 2591 3890 2657 illustrent

536 2678 741 2787 ‘Jiffiffim
845 2701 1131 2766 maxime
1179 2699 1465 2782 idoneas
1497 2721 1631 2765 11011
1678 2706 1814 2765 tam
1863 2701 2090 2766 crebra
2134 2702 2204 2767 in
2251 2703 2544 2768 Bullario
2591 2703 3048 2786 inveniuntur,
3096 2722 3293 2790 quam
3342 2697 3517 2787 apud
3547 2694 3892 2762 historicos

841 2805 1075 2871 merito
1139 2810 1281 2870 erat
1343 2804 1412 2869 in
1474 2804 1666 2870 votis.
1761 2804 1927 2871 Cum
1983 2806 2380 2893 peritissimo
2428 2828 2696 2873 censore
2728 2807 2779 2891 1)
2826 2812 2897 2873 et
2943 2828 3066 2894 ego
3112 2805 3239 2871 hoc
3288 2803 3645 2871 dolendum
3690 2804 3892 2887 puto,
3985 2886 3994 2893 ἡ

843 2929 1056 2995 eoque
1106 2909 1341 2995 magis,
1385 2908 1560 2995 quod
1591 2910 1945 2998 praecipue
1976 2916 2131 2976 ante
2165 2932 2334 2977 saec.
2367 2911 2543 2978 XIII
2573 2911 2892 2978 dioecesis
2924 2910 3367 2997 TraJectensis
3397 2909 3572 2974 inter
3603 2904 3893 2972 feodales

843 3018 1222 3079 nostrarum
1267 3015 1553 3100 partium
1599 3013 1884 3080 ditiones
1921 3016 2303 3102 primarium
2341 3016 2558 3082 locum
2600 3017 2898 3082 obtinere
2930 3016 3184 3082 solebat
3220 3021 3288 3082 et
3318 3012 3494 3103 quod
3526 3010 3892 3097 complures

844 3117 1180 3205 praesules
1228 3124 1486 3183 nostros
1531 3118 1602 3184 in
1645 3120 1822 3184 omni
1854 3122 2112 3186 actione
2145 3127 2343 3208 atque
2378 3119 2943 3187 administratione
2975 3120 3375 3208 reipublicae
3408 3126 3567 3184 tunc
3599 3118 3894 3181 floruisse

846 3227 1075 3288 notum
1124 3227 1246 3287 est.
1313 3223 1453 3311 Nec
1498 3222 1649 3289 ideo
1698 3229 1918 3290 tamen
1963 3227 2150 3312 parvi
2195 3226 2512 3291 momenti
2549 3246 2694 3291 esse
2734 3245 2901 3312 quae
2934 3224 3086 3290 huic
3118 3223 3436 3290 materiae
3466 3219 3896 3288 illustrandae

846 3325 1245 3392 adminicula
1302 3327 1669 3393 Bullatium
1730 3328 2081 3415 praebeat,
2145 3329 2450 3417 equidem
2514 3350 2749 3395 censeo
2811 3335 2881 3395 et
2940 3331 3101 3395 satis
3164 3328 3484 3416 probatur
3547 3348 3633 3392 ex
3677 3324 3899 3390 Indice

844 3450 1094 3512 rerum,
1142 3431 1259 3495 ubi
1310 3436 1633 3518 quotquot
1677 3431 1761 3498 ad
1806 3433 1931 3499 hoc
1978 3454 2187 3519 genus
2233 3436 2571 3522 pertinent
2617 3432 3012 3500 documenta
3057 3438 3442 3500 enumerata
3476 3431 3732 3498 videbis
3775 3430 3897 3496 snb

847 3532 1097 3620 capite:
1173 3533 1578 3620 Reipublicae
1637 3539 1905 3621 neqotia.
1998 3538 2182 3614 Quae
2243 3540 2336 3605 ibi
2399 3538 2692 3605 notanda
2745 3546 3095 3605 occurrunt
3139 3538 3247 3603 hic
3293 3537 3582 3604 breviter
3629 3538 3700 3602 in
3747 3556 3902 3603 con·

850 3642 1083 3724 spectu
1127 3658 1380 3724 ponere
1428 3640 1732 3726 notisque
1781 3639 2137 3710 dilucidare
2184 3665 2319 3710 non
2364 3646 2507 3711 sine
2554 3649 2888 3710 momento
2935 3642 3216 3710 videtur.

440 3819 452 3831 ι
509 3748 771 3800 eontentio
1076 3741 1374 3808 Primum
1418 3743 1596 3830 quod
1636 3743 1716 3810 de
1755 3746 1910 3812 belli
1948 3748 2257 3835 pacisque
2301 3749 2589 3814 consiliis
2628 3749 2765 3835 agit
2804 3747 3091 3836 diploma
3128 3753 3231 3813 est
3269 3768 3446 3812 num.
3482 3748 3544 3812 5.
3605 3745 3706 3813 De
3745 3766 3899 3810 con-

438 3815 814 3936 ¹¹²tffidffffi¹³ff
852 3843 1147 3910 tentione
1192 3845 1370 3912 inter
1416 3846 1484 3914 S.
1538 3847 1933 3915 Radbodum
1963 3851 2343 3940 episcopum
2375 3852 2867 3940 Trajectensem
2901 3859 2970 3919 et
3000 3850 3558 3938 Megunthardum
3592 3850 3897 3917 comitem

462 3954 758 4071 Fffiffrietm
850 3948 1323 4017 Flandrensem
1356 3952 1511 4018 olim
1543 3960 1777 4021 exorta
1809 3961 1949 4021 tum
1978 3956 2050 4021 in
2082 3958 2418 4023 veteribus
2445 3957 2783 4024 chronicis
2815 3958 3053 4023 nostris
3086 3979 3233 4023 cum
3260 3958 3330 4023 in
3361 3956 3513 4022 Vita
3535 3954 3830 4022 Radbodi
3849 3955 3903 4038 2)

673 4036 824 4070 mem.
852 4053 1120 4119 omnino
1193 4061 1471 4123 tacetur.
1565 4057 1872 4126 Jamvero
1944 4082 2030 4126 ex
2097 4062 2305 4127 literis
2376 4061 2421 4127 J
2425 4061 2701 4127 ohannis
2768 4083 2977 4149 papae
3048 4063 3116 4128 X
3184 4062 3266 4128 ad
3338 4062 3795 4128 Hermannum
3867 4057 3904 4123 I

851 4160 1416 4248 archiepiscopum
1480 4162 1939 4231 coloniensem
2003 4166 2216 4231 missis
2274 4166 2540 4231 minime
2588 4165 2854 4252 quidem
2900 4172 3086 4254 patet
3131 4167 3505 4253 hujusmodi
3549 4166 3689 4231 litis
3735 4165 3902 4230 ratio

854 4264 991 4330 sive
1062 4286 1278 4331 causa.
1376 4266 1648 4343 Quamsi
1716 4269 2041 4355 conjicere
2109 4270 2304 4353 licet,
2376 4291 2510 4336 non
2579 4270 2709 4336 alia
2767 4271 2967 4338 fuisse
3028 4272 3290 4338 videtur
3350 4294 3547 4359 quam
3610 4269 3901 4357 episcopi

860 4368 1302 4455 Trajectensis
1366 4370 1437 4434 in
1502 4369 1798 4438 subditos
1845 4375 2099 4439 comitis
2144 4374 2569 4440 Flandrensis
2607 4374 2978 4462 jurisdictio
3026 4376 3413 4462 spiritualis,
3469 4397 3636 4463 quae
3678 4376 3819 4462 jam
3865 4396 3905 4440 a

859 4477 1153 4559 tempore
1204 4473 1269 4539 S.
1319 4473 1747 4542 Willebrordi
1790 4478 1859 4542 in
1906 4484 2128 4565 partes
2173 4478 2525 4544 Flandriae
2574 4478 2787 4545 dictae
2834 4480 3225 4547 Zelandicae
3274 4502 3344 4547 se
3394 4480 3802 4547 extendebat
3825 4478 3902 4562 3).

861 4574 1007 4650 Qua
1052 4575 1134 4641 de
1181 4597 1381 4642 causa
1424 4577 1728 4645 facillime
1777 4581 1930 4645 oriri
1976 4589 2238 4669 poterat
2285 4583 2647 4652 altercatio.
2719 4583 2912 4650 Nunc
2958 4590 3182 4651 autem
3228 4584 3517 4673 diploma
3561 4585 3904 4651 laudatum

855 4678 1168 4746 certiores
1232 4702 1351 4746 nos
1414 4682 1570 4747 facit
1634 4682 1716 4749 de
1770 4687 2153 4770 gravissima
2197 4689 2372 4755 inter
2416 4691 2783 4777 praesulem
2831 4695 2901 4755 et
2947 4691 3252 4756 comitem
3296 4690 3453 4776 lite,
3501 4711 3729 4777 quam,
3778 4690 3904 4755 nisi

858 4785 1257 4870 apostolicae
1320 4784 1493 4851 sedis
1555 4787 1901 4853 arbitrium
1948 4796 2290 4877 peterent,
2338 4795 2579 4859 aemuli
2626 4814 3015 4881 componere
3063 4815 3196 4860 non
3242 4795 3636 4881 potuissent.
3727 4794 3906 4861 Rad-

857 4885 1070 4952 bodus
1131 4888 1334 4974 igitur
1395 4891 1740 4979 episcopus
1808 4893 2075 4975 „limina
2134 4897 2478 4964 beatorum
2540 4898 3008 4986 Apostolorum
3056 4896 3328 4964 adiens”
3376 4919 3594 4964 coram
3642 4897 3906 4965 domino

857 4990 1045 5078 Papa
1114 4993 1332 5076 venit,
1404 4994 1519 5060 ubi
1578 4998 1719 5082 J‘am
1781 5006 2161 5085 praesentes
2223 5009 2413 5068 erant
2473 5003 2772 5090 deputati
2833 5001 3300 5090 Megunthardi
3368 5003 3643 5068 comitis.
3741 5001 3909 5068 Con-

859 5101 1130 5182 questus
1199 5102 1303 5163 est
1368 5100 1628 5185 praesul
1699 5100 1780 5166 de
1850 5103 2105 5189 injuriis
2178 5112 2249 5171 et
2293 5108 2643 5191 molestiis,
2693 5107 2817 5172 sibi
2864 5129 2904 5173 a
2949 5106 3190 5171 comite
3235 5105 3458 5172 illatis.
3552 5105 3907 5172 Condoluit

862 5198 1172 5266 Summus
1215 5200 1563 5290 Pontifex,
1611 5205 1724 5291 qui
1769 5206 2197 5275 mediatorem
2244 5211 2418 5276 inter
2464 5217 2811 5297 utramque
2857 5216 3109 5298 partem
3158 5231 3228 5276 se
3274 5230 3563 5297 ponens,
3618 5215 3733 5291 ¹‚ut
3775 5230 3909 5296 pax

1028 5438 1083 5502 1)
1119 5440 1325 5492 Noderl.
1363 5442 1628 5508 Spectator
1660 5445 1717 5494 a‘·
1749 5442 1876 5495 1891
1916 5447 1980 5495 η’
2012 5445 2079 5497 30
2113 5462 2160 5510 p.
2196 5447 2310 5500 236.

1026 5520 1082 5585 2)
1129 5522 1308 5586 mque
1345 5523 1413 5573 Ρ.
1450 5524 1515 5576 L.
1548 5523 1694 5577 Tom.
1727 5525 1827 5576 132
1862 5527 1957 5578 col.
1993 5526 2093 5579 538
2127 5543 2265 5594 seq.;
2312 5531 2406 5582 csr.
2442 5532 2671 5597 Archies
2698 5547 2818 5582 οσον
2851 5533 2911 5583 ds
2936 5532 3275 5597 yecclaicdenie
3307 5549 3404 5583 van
3441 5533 3523 5583 lact
3560 5530 3912 5582 Aartsbisdon·

875 5602 1079 5651 Uir-celat
1112 5601 1257 5655 XXI.
1290 5602 1391 5654 244
1423 5619 1532 5669 seq.

1028 5682 1084 5743 3)
1121 5683 1226 5735 cfr.
1266 5684 1352 5735 W.
1390 5685 1512 5736 Moll
1549 5686 2019 5751 Kerkqeschicdenie
2054 5690 2095 5742 Ι.
2129 5689 2228 5742 110
2263 5697 2317 5742 et
2350 5691 2462 5743 294.
