4450 6684
911 474 1052 539 250
2167 472 2572 538 Gnnconms
2615 473 2738 539 XI.

921 694 1214 760 fidelium
1284 695 1442 760 talia
1510 695 1887 781 gravamina
1957 695 2225 784 prelatis
2292 701 2360 760 et
2421 717 2647 762 eorum
2711 697 2990 762 subditis
3054 719 3130 762 ac
3189 699 3486 786 personis
3532 699 3989 775 ecclesiasticis

921 803 1297 869 nullatenus
1369 804 1775 888 irrogentur,
1846 825 1964 889 pro
2036 810 2262 868 nostra
2325 810 2393 868 et
2457 806 2814 891 apostolice
2862 804 3034 870 sedis
3081 806 3461 871 reverencia
3507 813 3576 872 et
3621 807 3830 872 eciam
3878 813 3986 874 tue

918 910 1150 975 salutis
1209 909 1456 975 intuitu
1516 911 1833 998 premissa
1877 910 2258 995 gravamina
2303 931 2451 975 cum
2500 911 2944 976 satisfactione
2994 910 3220 977 debita
3266 933 3532 978 revoces
3581 919 3649 978 et
3695 916 3984 979 revocari

920 1016 1121 1083 facias
1191 1023 1258 1082 et
1329 1039 1369 1082 a
1437 1017 1756 1082 similibus
1820 1023 1889 1082 et
1951 1017 2157 1082 eciam
2220 1038 2260 1081 a
2322 1018 2824 1104 quibuscunque
2884 1018 3027 1082 aliis
3073 1018 3327 1103 prefato
3376 1020 3680 1106 episcopo
3728 1026 3800 1085 et
3847 1022 3984 1107 ejus

921 1124 1201 1189 subditis
1261 1124 1334 1188 in
1380 1129 1578 1189 antea
1621 1123 1979 1189 inferendis
2026 1123 2360 1188 abstineas
2407 1131 2478 1188 et
2524 1123 2852 1210 predictas
2899 1130 3133 1209 gentes
3181 1131 3330 1189 tuas
3376 1126 3708 1192 abstinere
3755 1128 3985 1212 facias,

920 1231 989 1297 in
1053 1231 1385 1318 premissis
1451 1232 1675 1296 taliter
1738 1237 1805 1296 te
1867 1230 2211 1314 habende,
2262 1230 2438 1317 quod
2497 1232 3016 1320 omnipotentem
3062 1232 3419 1298 Dominum
3467 1233 3588 1299 tibi
3633 1236 3988 1301 constituas

918 1339 1281 1427 propicium
1329 1360 1451 1404 nec
1499 1344 1801 1426 oporteat
1845 1360 1963 1425 per
2008 1359 2128 1402 nos
2176 1360 2371 1426 super
2416 1338 2541 1403 hoc
2590 1337 2771 1403 aliud
2819 1337 3183 1403 remedium
3225 1339 3544 1405 adhiberi.
3635 1341 3807 1407 Nam
3846 1365 3988 1408 cum

920 1469 1010 1514 ex
1079 1448 1375 1533 injuncte
1444 1447 1633 1513 nobis
1704 1446 1985 1533 desuper
2049 1445 2406 1533 apostolice
2471 1445 2807 1511 servitutis
2871 1445 3084 1510 officio
3148 1445 3231 1511 de
3277 1447 3496 1512 anima
3545 1455 3659 1513 tua
3705 1449 3836 1531 illi,
3885 1450 3989 1536 qui

920 1575 1231 1640 magnum
1284 1554 1543 1639 judicat
1606 1555 1776 1618 sicut
1823 1574 2096 1639 parvum
2145 1560 2210 1618 et
2259 1552 2436 1640 apud
2485 1574 2679 1639 quem
2726 1573 3153 1639 personarum
3200 1553 3496 1639 acceptio
3544 1575 3678 1619 non
3725 1556 3983 1640 existit,

916 1663 1122 1727 simus
1170 1663 1498 1726 racionem
1541 1662 1610 1725 in
1660 1667 1958 1726 extremo
1997 1660 2251 1745 judicio
2299 1659 2619 1724 reddituri
2666 1681 2742 1724 ac
2776 1660 2930 1745 jura
2963 1659 3386 1724 ecclesiarum
3419 1659 3772 1726 defendere
3806 1668 3982 1726 tene·

916 1791 1140 1853 amur,
1201 1789 1320 1855 pro
1384 1789 1691 1834 mensura
1753 1789 2142 1833 excessuum
2205 1768 2518 1832 abhibere
2584 1766 2907 1832 medelam
2955 1765 3285 1831 salubrem
3332 1788 3707 1833 curaremus
3755 1788 3876 1834 nec
3921 1768 3986 1833 id

916 1875 1332 1941 dissimulare
1394 1897 1733 1962 possemus
1798 1876 2074 1940 ulterius
2136 1895 2257 1939 nec
2316 1873 2497 1938 salva
2543 1873 2946 1939 conscientia
2992 1872 3329 1957 preterire.
3422 1874 3576 1939 Dat.
3624 1873 3992 1959 Avinione,

918 1984 1019 2050 VI
1065 1983 1176 2049 Kl.
1226 1981 1648 2064 Decembris,
1697 2002 1870 2046 anno
1922 1982 2145 2046 tercio.

1338 2100 1559 2161 Reyesta
1608 2098 1862 2148 Vaticana
1904 2095 1964 2147 T.
2000 2097 2121 2160 269,
2147 2100 2206 2163 s.
2244 2097 2359 2147 237.

914 2489 1112 2558 2158.
1858 2490 2070 2572 1373,
2117 2487 2477 2552 Decembris
2524 2489 2646 2570 13,
2694 2487 3060 2551 Avenionis.

1238 2644 1374 2708 Ade
1425 2644 1740 2726 Grenfeld
1785 2645 2042 2728 ejusque
2088 2644 2279 2705 umori
2327 2641 2706 2705 Catherinae
2745 2641 2927 2724 Traj.
2962 2640 3149 2704 dioec.
3186 2640 3547 2705 conceditur
3579 2641 3988 2726 privileqium

1137 2753 1478 2836 plenariae
1512 2758 1917 2836 peecatorum
1964 2750 2348 2813 remissionis
2395 2751 2462 2812 in
2510 2750 2783 2813 articulo
2830 2750 3072 2812 mortis.

1148 2935 1467 3001 Provenit
1514 2956 1620 3001 ex.
1649 2981 1665 2999 .
1694 2982 1710 2999 .
1741 2982 1756 2998 .
1805 2934 1957 3000 Dat.
2005 2933 2377 3019 Avinione,
2425 2932 2524 2998 Id.
2574 2931 2994 3013 Decembris,
3043 2952 3215 2997 anno
3264 2932 3481 2997 tertio.

1347 3052 1468 3115 Ray.
1507 3053 1607 3102 Ao.
1650 3053 1704 3100 T.
1738 3049 1828 3116 16,
1851 3052 1914 3115 s.
1949 3049 2088 3102 302².

912 3425 1115 3494 2159.
1856 3429 2072 3510 1373,
2117 3425 2478 3490 Decembris
2523 3427 2641 3509 23,
2689 3426 3056 3490 Aveniom's.

1236 3579 1551 3667 Reynerio
1613 3580 1690 3644 de
1752 3580 2021 3666 Drynen
2050 3581 2101 3663 1)
2163 3581 2389 3644 clerico
2445 3578 2627 3660 Traj.
2675 3578 2902 3660 dioec.,
2955 3578 3300 3642 Guillermi
3346 3577 3414 3641 S.
3462 3577 3702 3663 Angeli
3746 3576 3994 3641 diaconi

1154 3687 1523 3752 Cardinalis
1568 3688 1920 3770 familiari,
1970 3693 2332 3750 reservatur
2368 3691 2687 3770 perpetua
2733 3686 2977 3748 vicaria
3016 3683 3156 3748 S.S.
3199 3683 3524 3749 Johanmze
3562 3682 3902 3769 Baptistae
3937 3691 3994 3748 et

1150 3794 1494 3859 Laurentii
1555 3796 1623 3859 in
1682 3795 1935 3859 ecclesia
1997 3793 2502 3879 Zutphanienei,
2567 3813 2730 3877 quae
2791 3799 3100 3855 vacatura
3144 3799 3472 3877 speratur,
3522 3794 3992 3877 quamprimum

1152 3900 1484 3966 Gerardus
1530 3908 1722 3965 natus
1753 3900 2077 3966 «Iohannis
2107 3900 2183 3964 de
2213 3899 2448 3964 Borclo
2473 3898 2529 3981 2)
2575 3898 2932 3981 beneficium
2966 3918 3004 3962 a
3036 3898 3269 3963 decano
3301 3905 3360 3963 et
3390 3899 3671 3984 capitulo
3701 3899 3985 3963 ecclesiae

1151 4007 1219 4072 S.
1261 4009 1451 4073 Petri
1493 4008 2069 4093 Middelburqensis
2115 4005 2593 4089 conferendum,
2643 4004 2814 4090 quod
2858 4006 3069 4089 viqore
3118 4006 3452 4069 literarum
3497 4006 3988 4090 apostolicarum

1148 4122 1497 4201 exspectat,
1538 4114 1810 4199 pacifice
1852 4115 2057 4197 fuerit
2101 4120 2441 4177 assecutus.
2495 4149 2576 4159 —
2625 4112 3044 4198 Deputantur
3089 4118 3459 4176 executores.

1151 4296 1543 4363 Laudabilia
1586 4296 1954 4384 probitatis.
1983 4343 1998 4360 .
2028 4344 2042 4360 .
2077 4345 2091 4359 .
2139 4296 2294 4361 Dat.
2344 4295 2711 4378 Avinione,
2759 4295 2826 4361 X
2874 4294 2986 4360 Kl.
3035 4293 3371 4377 Januarii,
3419 4313 3593 4359 anno
3643 4293 3863 4359 tertio.

1340 4414 1465 4477 περ.
1500 4414 1600 4463 Aa.
1642 4415 1697 4462 T.
1730 4411 1823 4478 17,
1847 4415 1908 4477 s.
1943 4413 2082 4464 3450.

1071 4539 1130 4605 1)
1166 4540 1344 4605 Bryne
1378 4540 1435 4590 in
1471 4539 1710 4591 Twentia
1748 4540 1827 4590 vel
1864 4540 2085 4591 Drunen
2121 4555 2281 4605 prope
2317 4541 2585 4594 Heusden.
2652 4541 2824 4593 Codex
2861 4542 3045 4594 habet:
3082 4542 3147 4592 de
3181 4541 3403 4606 Dryner.

1072 4623 1131 4688 2)
1166 4623 1420 4687 Boi-culo,
1455 4637 1622 4689 pagus
1656 4624 1713 4674 in
1750 4623 1942 4675 Gelria.

912 4984 1120 5053 2160.
1885 4988 2094 5071 1374,
2142 4986 2462 5052 Januarii
2505 4990 2624 5072 10,
2672 4989 3037 5054 Avenionis.

1238 5137 1524 5203 Swedero
1596 5139 1672 5202 de
1741 5137 2005 5225 Vyanen
2050 5138 2250 5204 nobili
2295 5139 2491 5203 militi
2542 5138 2727 5223 Traj.
2775 5139 2966 5206 dioec.
3012 5140 3374 5206 conceditur
3425 5142 3677 5207 licentia
3726 5138 3992 5206 habendi

1149 5247 1359 5311 altare
1391 5247 1726 5332 portatile.

1157 5428 1425 5495 Sincere
1472 5427 1860 5494 devotionis.
1897 5475 1912 5492 .
1940 5474 1956 5491 .
1986 5474 2001 5490 .
2050 5427 2203 5492 Dat.
2254 5426 2622 5512 Avinione,
2668 5427 2812 5494 1111
2856 5428 2957 5495 Id.
3004 5429 3340 5515 Januarii,
3388 5451 3561 5496 anno
3609 5437 3864 5518 quarto.

1339 5548 1464 5611 Beq.
1498 5548 1599 5597 Aa.
1640 5548 1694 5596 T.
1730 5545 1899 5610 20‚s.
1937 5544 2053 5596 133.
