4450 6684
749 550 959 598 xxxu
2033 536 2522 601 Imaonucrio.

744 751 1125 837 episcopum
1190 750 1569 836 elegerunt,
1626 749 1743 817 sed
1790 751 1989 817 tertia
2033 750 2142 817 die
2188 759 2340 839 post
2386 752 2639 818 obitum
2687 752 2921 820 Jacobi
2965 752 3051 819 de
3099 754 3479 821 Outshoorn
3524 755 3804 844 praede·

744 855 1021 919 cessoris
1067 854 1112 921 J
1115 854 1408 921 ohannes
1454 875 1626 943 papa
1670 854 1879 921 XXII
1914 854 2136 921 sedem
2169 855 2661 941 Trajectensem
2692 878 2849 923 suae
2883 856 3296 945 dispositioni
3330 867 3799 926 reservaverat.

746 958 1038 1023 Proinde
1086 958 1475 1025 electionem
1516 960 1654 1044 jam
1702 959 2099 1025 celebratam
2148 959 2261 1023 vix
2306 959 2689 1044 attendens,
2731 960 3039 1027 Summus
3080 962 3396 1028 Pontifex
3437 964 3801 1029 nominavit

744 1060 1122 1128 Johannem
1170 1061 1252 1128 de
1298 1061 1489 1128 Diest
1535 1064 1740 1147 (num.
1791 1063 1972 1144 610).

970 1166 1160 1233 Idem
1210 1166 1345 1232 fere
1393 1166 1670 1252 contigit
1715 1186 1821 1231 an.
1876 1167 2066 1231 1341.
2130 1165 2260 1231 Die
2310 1168 2341 1230 1
2395 1166 2590 1249 Julii,
2638 1173 2788 1254 post
2835 1169 3090 1235 obitum
3135 1169 3460 1236 Johannis
3494 1169 3577 1236 de
3609 1171 3799 1237 Diest

745 1271 862 1336 vix
923 1272 1145 1357 elapso
1207 1290 1468 1352 mense,
1526 1268 1928 1335 Benedictus
1974 1290 2143 1356 pape
2188 1270 2329 1336 XII
2377 1271 2815 1356 provisionem
2865 1272 3179 1339 ecclesiae
3227 1274 3671 1359 Trajectensis
3715 1295 3797 1340 ea

745 1376 890 1441 vice
960 1375 1083 1440 sibi
1154 1379 1551 1439 reservatam
1618 1394 1764 1439 esse
1834 1374 2122 1461 capitulo
2193 1374 2532 1440 nunciavit
2599 1378 2805 1459 (num.
2878 1377 3057 1460 974).
3159 1376 3434 1443 Interim
3505 1378 3797 1465 quinque

744 1479 1035 1566 capitula
1094 1477 1177 1545 de
1227 1480 1380 1564 jure
1446 1477 1738 1563 suffragii
1800 1498 1886 1542 cx
1946 1477 2224 1564 pristina
2279 1478 2719 1544 aemulatione
2763 1480 2939 1546 inter
2983 1501 3055 1546 se
3102 1481 3421 1547 altercata
3466 1486 3654 1563 sunt,
3702 1483 3798 1547 ita

744 1588 823 1648 ut
883 1585 951 1647 in
1025 1582 1373 1648 concordia
1433 1583 1809 1668 episcopum
1873 1581 2115 1667 eligere
2164 1583 2600 1667 nequiverint.
2697 1583 2828 1650 Sed
2877 1606 3042 1671 quos
3090 1591 3229 1650 tum
3274 1586 3438 1651 haec
3486 1607 3633 1650 cum
3681 1586 3796 1651 illa

748 1708 899 1773 pars
960 1687 1286 1772 elegerat,
1334 1684 1705 1751 Johannem
1755 1685 2003 1750 scilicet
2050 1684 2133 1750 de
2178 1685 2593 1752 Bronkhorst
2640 1694 2708 1752 et
2757 1688 2800 1754 J
2805 1689 3132 1754 ohannem
3182 1689 3262 1754 de
3310 1689 3554 1771 Arkel,
3603 1690 3795 1755 simul

747 1811 788 1854 a
844 1789 1015 1856 Sede
1062 1790 1445 1877 Apostolica
1490 1789 1925 1875 postularunt.
2019 1789 2124 1853 Ita
2172 1790 2512 1873 negotium
2558 1794 2965 1878 propositum
3014 1798 3119 1859 est
3164 1814 3383 1858 coram
3428 1792 3794 1858 Benedicto

744 1916 916 1981 papa
962 1893 1129 1977 XII,
1179 1894 1290 1979 qui
1328 1894 1838 1958 reservationem
1872 1893 2203 1979 praeviam
2236 1893 2588 1960 attendens
2620 1902 2966 1982 utramque
2999 1897 3509 1984 postulationem
3539 1898 3790 1962 irritam

743 1998 1104 2063 declaravit
1146 2018 1468 2083 suumque
1516 1996 1925 2084 capellanum
1971 1997 2317 2062 Nicolaum
2355 1997 2438 2064 de
2480 1998 2760 2087 Caputio
2805 2001 3118 2067 ecclesiae
3159 2002 3568 2087 Trajectensi
3608 2022 3796 2086 prae-

742 2103 900 2168 fecit
945 2104 1147 2185 (num.
1200 2103 1379 2185 977).

970 2206 1133 2272 Post
1201 2225 1444 2269 annum
1516 2224 1671 2269 vero
1716 2203 1895 2270 idem
1940 2204 2252 2270 Nicolaus
2298 2213 2535 2291 sponte
2582 2209 2977 2293 resignavit,
3042 2215 3241 2295 atque
3287 2209 3457 2274 hanc
3503 2209 3793 2295 resigna-

744 2311 993 2375 tionem
1063 2308 1365 2374 dominus
1434 2307 1619 2394 Papa
1686 2309 1821 2372 suis
1888 2308 2190 2372 manibus
2246 2308 2390 2395 ipse
2437 2311 2718 2376 admisit.
2761 2313 2809 2395 ¹)
2899 2313 3106 2379 Porro
3155 2314 3236 2378 ab
3287 2318 3575 2378 exeunte
3622 2332 3791 2377 saec.

740 2415 918 2481 XIII
964 2413 1245 2480 Romani
1294 2411 1651 2476 Pontifices
1698 2410 2032 2497 quaelibet
2077 2410 2401 2476 beneficia
2446 2413 2925 2496 ecclesiastica,
2972 2413 3148 2502 apud
3195 2415 3439 2480 curiam
3488 2414 3791 2501 papalem

743 2519 1074 2600 vacantia,
1138 2514 1546 2581 cathedrales
1613 2516 1811 2580 etiam
1858 2514 2200 2597 ecclesias,
2250 2516 2374 2580 sibi
2424 2537 2755 2582 reservare
2804 2526 3185 2605 coeperunt.
3210 2519 3266 2602 2)
3359 2517 3543 2592 Quae
3591 2518 3792 2603 igitur

742 2625 812 2688 in
880 2622 1136 2688 duobus
1205 2618 1529 2708 prioribus
1597 2618 1855 2684 casibus
1922 2620 2283 2685 intervenit
2356 2620 2655 2708 specialis
2723 2621 3037 2687 ecclesiae
3102 2622 3542 2708 Trajectensis
3590 2642 3794 2687 reser-

742 2727 956 2808 vatio,
1020 2724 1287 2789 minime
1351 2743 1525 2787 nunc
1585 2721 1843 2787 accidit.
1938 2722 2189 2808 Aperte
2252 2724 2321 2788 in
2380 2724 2562 2790 bulla
2608 2726 3074 2790 nominationis
3125 2726 3431 2791 Summus
3477 2725 3791 2791 Pontifex

742 2830 1067 2911 declarat,
1145 2826 1488 2915 providere
1558 2847 1628 2893 se
1696 2827 1867 2892 velle
1944 2828 2297 2909 „ccclesiae
2368 2835 2664 2912 vestrae,
2736 2827 2819 2894 de
2889 2850 3020 2916 qua
3087 2827 3263 2894 idem
3331 2828 3791 2915 predecessor,

744 2933 901 2999 dum
947 2933 1149 3015 vixit,
1196 2931 1462 2996 minime
1512 2930 1902 2996 ordinavit.”
1929 2932 1984 3014 3)
2076 2930 2208 2997 Sed
2257 2931 2635 3017 generalem
2671 2933 2842 3017 juris
2888 2934 3185 3027 canonici
3233 2932 3791 2999 constitutionem

738 3037 1069 3125 applicare
1128 3036 1287 3101 satis
1349 3035 1508 3118 fuit,
1557 3055 1686 3122 qua
1730 3035 1936 3100 fretus
1984 3035 2292 3101 Clemens
2339 3056 2510 3121 papa
2557 3036 2656 3101 VI
2701 3036 2926 3103 sedem
2973 3038 3468 3123 Trajectensem
3495 3084 3513 3119 ,
3561 3040 3792 3123 utpote

741 3142 916 3230 apud
964 3141 1209 3206 curiam
1256 3145 1596 3204 vacantem
1642 3138 1923 3225 ideoque
1971 3139 2125 3204 Scdi
2173 3139 2596 3226 Apostolicae
2644 3148 3079 3224 reservatam,
3130 3141 3422 3207 Johanni
3470 3139 3552 3206 de
3584 3138 3791 3205 Arkel

740 3248 1038 3313 conferre
1083 3244 1377 3330 legitime
1424 3243 1674 3307 valeret
1722 3243 1863 3325 (cfr.
1913 3264 2091 3307 num.
2148 3243 2369 3326 1046).

965 3350 1099 3415 An.
1181 3349 1351 3411 1364
1418 3346 1758 3413 Johannes
1828 3345 1911 3411 de
1974 3347 2389 3412 Virneburch
2454 3349 2798 3435 episcopus
2853 3349 3390 3414 Monasteriensis
3439 3349 3791 3415 translatus

740 3462 845 3518 est
892 3452 973 3517 ad
1020 3452 1243 3517 sedem
1291 3451 1813 3535 Trajectensem,
1872 3456 2027 3515 tunc
2072 3456 2416 3516 vacantem
2465 3472 2542 3516 eo
2591 3451 2763 3537 quod
2812 3451 3287 3518 Johannes'de
3337 3453 3542 3519 Arkel
3587 3453 3791 3519 eccle·

736 3560 876 3623 siae
937 3554 1291 3622 Leodiensi
1354 3555 1729 3641 nuperrime
1791 3562 1932 3618 erat
1992 3554 2361 3640 praefectus
2426 3557 2698 3638 (numm.
2772 3557 3262 3640 1778-1779).
3358 3557 3505 3623 Hac
3571 3563 3790 3622 autem

742 3662 884 3725 vice
954 3659 1242 3746 episcopi
1314 3658 1675 3722 nominatio
1724 3656 1805 3721 ad
1853 3656 2189 3722 dominum
2237 3659 2485 3745 Papam
2533 3660 2795 3743 gemino
2846 3660 3038 3724 titulo
3088 3661 3428 3747 pertinuit.
3525 3659 3790 3725 Etenim

742 3766 918 3829 inter
982 3783 1240 3844 causas,
1305 3782 1419 3826 cur
1486 3759 1696 3848 „apud
1763 3761 2007 3825 curiam
2070 3762 2346 3827 vacare”
2393 3761 2676 3849 ideoque
2728 3762 2884 3828 Sedi
2933 3762 3354 3850 Apostolicae
3402 3761 3794 3830 reservanda

743 3867 1065 3934 beneficia
1111 3864 1552 3931 ecclesiastica
1596 3866 1957 3950 generatim
2005 3872 2451 3948 censerentur,
2502 3867 2572 3930 in
2611 3866 3212 3933 constitutionibus
3261 3888 3458 3955 supra
3503 3866 3786 3932 laudatis

742 3975 1140 4037 memoratur
1204 3969 1402 4035 etiam
1471 3968 1918 4051 „translatio.'’
2012 3968 2144 4035 Sed
2208 3971 2507 4056 insuper,
2570 3972 2668 4035 uti
2727 3970 2908 4035 bulla
2955 3972 3418 4037 nominationis
3468 3971 3789 4052 declarat,

730 4078 874 4163 jam
938 4075 1090 4157 „diu
1136 4079 1292 4140 ante
1341 4072 1834 4138 translationem
1882 4071 2259 4158 hujusmodi
2306 4074 2711 4158 provisiones
2758 4096 2985 4139 omnes
3034 4076 3321 4139 omnium
3372 4075 3790 4141 ecclesiarum

739 4179 1213 4245 cathedralium
1284 4197 1370 4241 ex
1441 4196 1519 4241 eo
1591 4182 1884 4261 tempore
1954 4176 2024 4240 in
2086 4183 2420 4261 posterum
2482 4182 2936 4243 vacaturamm
2997 4200 3118 4265 per
3164 4178 3624 4244 translationes
3644 4177 3707 4260 ,’'
3735 4178 3791 4261 4)

744 4284 1052 4349 Urbanus
1099 4302 1269 4369 papa
1314 4281 1378 4346 V
1425 4280 1797 4366 specialiter
1844 4278 1969 4343 sibi
2017 4287 2484 4346 reservaverat.

971 4388 1100 4452 An.
1170 4387 1335 4450 1371
1408 4384 1747 4450 Johannes
1803 4381 1885 4447 de
1932 4383 2350 4449 Virneburch
2395 4385 2533 4449 vita
2579 4384 2841 4450 functus
2888 4390 3010 4450 est.
3102 4386 3263 4452 Mox
3308 4386 3625 4452 acerrima
3670 4384 3793 4450 fuit

737 4492 918 4555 inter
978 4489 1292 4555 ecclesiae
1353 4488 1621 4572 Majoris
1683 4492 1753 4552 et
1812 4486 2066 4573 reliqua
2130 4492 2446 4573 quattuor
2506 4488 2795 4574 capitula
2856 4488 3180 4555 discordia
3233 4495 3373 4555 tum
3420 4489 3503 4555 de
3551 4490 3790 4556 vicario

738 4592 1088 4680 capitulari
1136 4613 1284 4657 cum
1331 4590 1413 4656 de
1461 4610 1833 4656 successore
1881 4590 2187 4677 episcopo
2236 4590 2563 4676 eligendo.
2642 4591 3020 4679 Capitulum
3068 4592 3135 4658 Β.
3183 4593 3451 4659 Martini
3499 4613 3790 4659 seorsum

743 4696 1145 4762 Daventriae
1211 4701 1678 4779 congregatum
1752 4714 1942 4759 suum
2011 4694 2214 4778 elegit
2276 4695 2721 4781 praepositum
2783 4695 3149 4761 Suederum
3205 4697 3473 4779 Uterlo,
3541 4696 3795 4784 reliqua

743 4821 900 4865 vero
974 4798 1261 4885 capitula
1319 4798 1390 4861 in
1450 4795 1644 4861 domo
1708 4796 2051 4883 capitulari
2097 4795 2508 4863 considentia
2552 4797 2969 4884 postularunt
3014 4799 3382 4865 Arnoldum
3430 4798 3514 4865 de
3560 4799 3791 4864 Hoorn

740 4904 1133 4968 canonicum
1195 4900 1675 4967 Coloniensem.
1701 4901 1756 4983 5)
1847 4901 2119 4966 Frustra
2171 4907 2396 4967 tamen
2446 4908 2722 4988 utraque
2769 4901 2965 4968 factio
3014 4902 3197 4969 dedit
3243 4925 3526 4990 operam.
3621 4903 3792 4969 Nam

738 5005 1104 5090 ¹Gregorius
1150 5026 1322 5091 papa
1367 5003 1471 5069 XI
1507 5004 1647 5088 jam
1694 5009 1848 5068 ante
1897 5003 2150 5068 obitum
2199 5005 2524 5070 dohannis
2570 5005 2653 5071 de
2700 5006 3112 5072 Virneburch
3161 5008 3501 5074 ecclesiam
3533 5007 3795 5091 Trajec·

740 5116 1001 5175 tensem
1072 5129 1231 5174 suae
1300 5106 1713 5194 dispositioni
1783 5106 1907 5171 hac
1975 5107 2118 5172 vice
2186 5115 2653 5174 reservaverat.
2746 5109 3073 5194 Proinde,
3146 5111 3332 5197 quasi
3400 5110 3709 5196 suffragia
3755 5131 3795 5174 a

911 5412 968 5477 1)
1004 5411 1306 5464 Matthaeus
1338 5410 1594 5462 Analecta
1628 5410 1688 5461 V.
1723 5409 1841 5462 350.

907 5493 970 5558 ⁴2)
1005 5491 1111 5544 Cfr.
1146 5493 1286 5543 infra
1321 5493 1349 5558 5
1383 5492 1416 5543 4
1451 5492 1528 5543 De
1561 5490 1831 5543 beneficiis
1866 5492 1933 5556 A,
1974 5496 2026 5542 et
2063 5491 2123 5542 G.
2157 5491 2396 5556 Philipps
2432 5492 2794 5545 Iis-okenrode&
2828 5494 2887 5547 V.
2923 5508 2961 5547 1.
2995 5494 3095 5546 398
3127 5510 3237 5561 seq.

905 5571 968 5636 3)
1006 5572 1305 5623 Matthaeus
1338 5574 1409 5625 1.1.
1443 5572 1560 5624 350.
1894 5572 1949 5637 4)
1985 5570 2285 5624 Matthaeus
2319 5573 2394 5624 Μ.
2427 5572 2544 5626 369.

908 5652 968 5717 5)
1005 5652 1272 5704 Mattheus
1305 5654 1380 5705 tl.
1409 5652 1510 5705 373
1542 5667 1653 5718 seq.
