4450 6684
839 525 927 590 88
2059 517 2520 582 Innocmms
2568 513 2687 579 VI.

1060 742 1379 810 Provenit
1426 761 1533 807 ex.
1563 789 1578 804 .
1607 788 1623 805 .
1651 786 1669 805 .
1716 739 1872 806 Dat.
1921 737 2255 805 Avinione
2276 785 2294 820 ‚
2341 734 2413 800 11
2456 732 2570 800 m.
2619 731 2959 817 Octobris,
3007 750 3182 796 anno
3229 730 3482 817 quinto.

1255 877 1381 940 περ.
1416 877 1515 928 Ao.
1557 876 1614 926 Τ.
1646 873 1738 938 16,
1764 876 1828 938 s.
1868 871 2105 923 ιῖ-ηο.

833 1385 1294 1456 lasz—1593.
1809 1386 2021 1466 1357,
2071 1383 2356 1448 Octobris
2400 1386 2522 1467 17,
2570 1384 2934 1448 Avenionis.

1151 1538 1236 1603 A.
1307 1536 1600 1602 Johanni
1644 1535 1720 1600 de
1765 1534 1977 1599 Blesis
2007 1534 2257 1599 domino
2287 1537 2486 1600 castri
2523 1535 2599 1600 de
2631 1534 3055 1618 Scoenhoven,
3097 1532 3425 1598 domicello
3463 1529 3646 1616 Traj.
3676 1530 3899 1613 dioec„

1058 1642 1417 1708 conceditur
1468 1643 1724 1706 licentia
1771 1639 2043 1704 habendi
2085 1640 2296 1704 altare
2330 1641 2664 1726 portatile.

1144 1749 1223 1813 B.
1295 1747 1519 1812 Eidem
1581 1746 1982 1831 indulyetur,
2048 1745 2219 1830 quod
2276 1748 2347 1810 in
2406 1767 2527 1811 sua
2578 1747 2951 1831 praesentia
3011 1751 3354 1830 antequam
3397 1742 3721 1809 illucescat
3763 1740 3896 1806 dics

1056 1852 1325 1917 Missam
1373 1851 1677 1916 celebrari
1723 1851 1936 1934 facere
1980 1852 2210 1916 valeat.

1062 2035 1331 2102 Sincere
1378 2032 1776 2102 devocionis.
1804 2080 1821 2098 .
1848 2081 1864 2098 .
1893 2080 1910 2098 .
1957 2033 2113 2100 Dat.
2161 2032 2526 2116 Avinione,
2574 2031 2743 2098 XVI
2788 2030 2901 2097 Kl.
2952 2027 3379 2112 Novembris,
3426 2046 3599 2092 anno
3646 2025 3897 2114 quinto.

1254 2169 1377 2232 περ.
1411 2170 1509 2218 Ao.
1554 2169 1609 2217 T.
1641 2166 1734 2231 15,
1762 2168 1823 2232 f.
1857 2165 2164 2217 Μῦν-448.

831 2680 1031 2749 1594.
1787 2681 1998 2762 1357,
2045 2677 2405 2743 omme
2449 2681 2525 2761 7,
2572 2678 2939 2743 Ammo.

1146 2831 1425 2896 Luberto
1486 2838 1638 2896 nato
1702 2831 2024 2917 quondam
2090 2831 2373 2896 Gerardi
2433 2831 2509 2896 de
2554 2830 3012 2917 Ramesberyhe
3055 2830 3281 2896 militis
3298 2879 3317 2913 ,
3374 2829 3780 2894 baccalaureo
3827 2826 3898 2890 in

1057 2937 1317 3001 decretis
1336 2984 1354 3019 ‚
1417 2935 1747 3018 confertur
1793 2937 2203 3002 canonicatus
2248 2944 2309 3001 et
2353 2944 2716 3002 reservatur
2750 2935 3120 3022 praebenda
3164 2956 3306 3000 cum
3348 2934 3780 3019 supplemento
3831 2933 3902 2995 in

1062 3043 1314 3107 ecclesia
1368 3041 1552 3124 Traj.
1606 3077 1689 3089 —
1738 3041 2156 3127 Deputantur
2200 3049 2577 3108 executores.

1062 3222 1390 3289 Nobilitas
1434 3222 1713 3309 generis.
1741 3270 1758 3288 .
1783 3269 1801 3288 .
1829 3270 1846 3288 .
1894 3223 2051 3290 Dat.
2102 3224 2471 3309 Avinione‚
2517 3223 2653 3291 VH
2699 3221 2800 3289 Id.
2849 3223 3268 3308 Decembris,
3315 3240 3488 3287 anno
3535 3219 3788 3308 quinto.

1255 3355 1381 3419 περ.
1413 3356 1512 3404 Α..
1555 3357 1609 3406 Τ.
1644 3353 1739 3417 17,
1765 3356 1825 3419 s.
1859 3353 2000 3406 183⁹.

835 3848 1032 3917 1595.
1727 3853 1937 3935 1357,
1984 3850 2344 3918 Decembris
2390 3855 2514 3936 28,
2559 3853 2902 3918 Avenionis
2913 3850 3016 3936 (ἓ)

1149 4001 1608 4087 Infrascriptis
1653 4002 2026 4086 mandatur,
2074 4011 2146 4068 ut
2191 4004 2486 4069 Johanni
2529 4004 2605 4069 de
2640 4003 2971 4087 Oratorio,
3009 4008 3433 4088 proventuum
3463 3998 3901 4083 beneficiorum

1065 4109 1364 4172 Gamerae
1408 4108 1757 4172 debitorum
1801 4110 1873 4172 in
1909 4111 2246 4192 provincia
2294 4109 2587 4175 Remensi
2631 4111 2977 4191 collectori,
3031 4106 3319 4190 conferat
3362 4107 3801 4171 canonicatum
3842 4111 3903 4170 et

1048 4213 1513 4298 praebendam,
1551 4215 2076 4298 praeposituram
2121 4222 2180 4279 et
2226 4216 2823 4280 archidiaconatum
2870 4217 2940 4279 in
2987 4213 3242 4278 ecclesia
3288 4212 3343 4278 b.
3391 4212 3649 4277 Mariae
3686 4211 3900 4295 Traj.,

1060 4326 1353 4382 vacantes
1419 4339 1536 4403 per
1603 4319 1839 4383 obitum
1912 4318 2257 4385 Guillermi
2324 4320 2400 4385 de
2464 4318 2738 4406 Chium,
2805 4322 2954 4406 qui,
3018 4339 3159 4383 cum
3213 4339 3406 4405 super
3451 4320 3783 4385 collatione
3827 4317 3905 4382 de

1061 4423 1282 4487 iisdem
1342 4423 1650 4507 beneficiis
1712 4424 1832 4489 sibi
1895 4424 2075 4507 facta
2141 4427 2362 4491 literae
2422 4426 2702 4490 nondum
2764 4425 3079 4508 confectae
3139 4432 3373 4508 essent,
3430 4432 3614 4489 extra
3658 4425 3906 4489 curiam

1059 4529 1221 4593 diem
1269 4531 1500 4595 clausit
1546 4538 1908 4595 eoetremum.

1061 4712 1336 4779 Dilectis
1384 4712 1534 4777 filiis
1582 4760 1599 4778 .
1630 4760 1647 4777 .
1689 4713 1941 4779 decano
1980 4714 2190 4779 sancti
2228 4715 2462 4781 Amaci
2501 4714 2869 4782 Duacensis
2908 4714 3369 4782 Atrebatensis
3407 4712 3683 4780 diocesis
3725 4716 3795 4778 et
3836 4757 3854 4776 .
3886 4758 3904 4777 .

843 4813 1185 4883 scolastico
1233 4818 1722 4884 Cameracensis
1767 4840 1845 4885 ac
1893 4865 1910 4882 .
1939 4866 1955 4883 .
2005 4819 2266 4885 officiali
2313 4821 2750 4888 Tornacensis
2799 4820 3222 4887 ecclesiarum
3269 4820 3549 4885 salutem
3593 4824 3707 4884 etc.

1066 4923 1471 4989 Litterarum
1521 4924 1814 4990 scientia.
1842 4971 1859 4990 .
1888 4972 1905 4990 .
1933 4971 1950 4990 .
1998 4925 2152 4990 Dat.
2201 4924 2570 5012 Avinione,
2619 4927 2685 4993 V
2729 4926 2842 4993 Kl.
2890 4926 2936 4993 J
2938 4924 3192 4991 aunarii
3211 4975 3230 5010 ,
3277 4944 3450 4990 anno
3497 4928 3711 4990 sexto.

1257 5058 1384 5122 Rea.
1418 5060 1517 5109 Δο.
1561 5061 1616 5110 T.
1647 5058 1743 5125 18,
1768 5061 1829 5124 s.
1863 5058 2005 5111 202⁹.

1257 5140 1365 5191 Cfr.
1410 5142 1548 5191 infra
1593 5156 1745 5193 num.
1787 5140 1947 5205 1602,
1994 5147 2123 5193 ante
2157 5157 2319 5207 quem
2354 5143 2495 5195 hanc
2528 5144 2731 5195 bullam
2767 5157 3046 5195 emanasse
3078 5147 3307 5208 oportet5
3355 5140 3577 5207 proinde
3609 5137 3920 5191 alterutrius

1189 5229 1316 5274 nota
1353 5224 1722 5290 chronologica
1758 5239 1937 5275 errore
1970 5226 2196 5278 laborat.
