4450 6684
1820 433 2280 497 Innocnmms
2338 411 2458 496 5⁷1.
3592 427 3676 491 75

831 658 1215 745 Apostolico
1263 657 1456 723 sedis.
1485 706 1501 722 .
1531 704 1548 721 .
1575 704 1591 720 .
1642 657 1794 722 Non
1842 656 2263 722 obstantibus
2312 703 2328 719 .
2359 703 2374 718 .
2404 704 2419 719 .
2450 703 2466 719 .
2515 654 2691 741 quod
2739 655 2945 720 altare
2992 654 3188 720 beate
3228 653 3436 720 Mario
3474 654 3675 720 situm

608 766 678 832 in
725 765 1003 832 ecclesia
1047 765 1437 851 parrochiali
1487 763 1570 830 de
1602 764 1884 830 Homeri:
1916 762 2091 829 dicte
2124 762 2569 848 Trajectensis
2602 761 2881 828 diocesis
2913 762 3201 827 nosceris
3233 762 3555 829 obtinere.
3577 810 3593 826 .
3618 810 3633 825 .
3654 808 3672 827 .

607 873 760 939 Dat.
808 872 1176 955 Avinione,
1222 872 1286 936 V
1334 870 1432 936 Id.
1481 870 1898 953 Decembris,
1946 891 2120 935 anno
2169 868 2393 934 tercio.

1029 1006 1152 1070 Rey.
1186 1009 1285 1057 Ao.
1327 1003 1388 1056 T.
1421 1004 1478 1068 9,
1509 1006 1564 1073 f.
1599 1003 1737 1055 3032.

607 1505 791 1573 1547.
1561 1510 1775 1592 1355,
1825 1507 2182 1572 Decembris
2231 1508 2303 1590 9,
2352 1507 2716 1570 Avenionis.

936 1659 1259 1726 Willelmo
1305 1661 1381 1725 de
1428 1661 1570 1726 Zile
1615 1661 1945 1745 confertur
1979 1668 2368 1747 personatus
2415 1662 2485 1724 in
2526 1660 2910 1724 Almekerlce
2961 1658 3142 1742 Traj.
3176 1661 3400 1746 dioec.,
3446 1682 3680 1727 vacans

819 1789 944 1852 per
991 1769 1473 1853 resiqnationem
1520 1768 1844 1833 Johannis
1889 1768 1966 1832 de
2011 1766 2247 1853 Herpt.
2301 1805 2382 1816 —
2432 1767 2847 1852 Deputantur
2891 1776 3260 1833 executores.

832 1950 1213 2035 Apostolice
1262 1949 1457 2017 sedis.
1484 1997 1502 2016 .
1531 1998 1546 2015 .
1577 1998 1592 2015 .
1642 1950 1797 2016 Dat.
1847 1951 2219 2035 Avinione,
2270 1952 2336 2018 V
2380 1951 2481 2016 Id.
2532 1952 2953 2034 Decembris,
3002 1973 3175 2017 anno
3225 1954 3448 2019 tercio.

1029 2085 1155 2148 Ray.
1191 2087 1288 2137 Av.
1334 2088 1387 2135 T.
1420 2083 1512 2149 10,
1537 2087 1599 2150 s.
1634 2084 1752 2136 104.

605 2581 797 2652 1548.
1584 2592 1766 2655 1356
1784 2638 1802 2672 ,
1850 2591 2168 2655 Januarii
2212 2591 2257 2653 5
2274 2638 2292 2672 ,
2339 2588 2703 2652 Avenionis.
2796 2619 2803 2625 ·

922 2740 1246 2822 (Johanni
1290 2743 1366 2807 de
1420 2743 1626 2829 Beest)
1663 2744 1876 2809 abbati
1904 2745 2273 2808 monasterii
2302 2741 2568 2806 Insulae
2598 2741 2652 2805 b.
2687 2740 2942 2804 Mariae
2987 2740 3272 2826 Virqinis
3305 2741 3393 2806 ad
3422 2745 3670 2808 instan-

832 2849 986 2911 tiam
1030 2846 1354 2915 Johannis
1401 2850 1510 2934 (de
1548 2852 1789 2935 Arkel)
1821 2852 2095 2936 episcopi
2135 2848 2316 2933 Traj.
2349 2847 2721 2930 mandatur,
2770 2853 2843 2911 ut
2871 2848 3243 2932 simpliciter
3273 2869 3338 2912 se
3369 2848 3671 2932 informet

827 2954 903 3018 de
955 2976 1148 3021 causa
1194 2958 1516 3023 interdicti
1559 2960 1728 3023 inter
1772 2958 2012 3022 dictum
2057 2960 2415 3041 episcopum
2461 2962 2521 3019 et
2565 2954 3071 3019 communitatem
3115 2954 3337 3038 oppidi
3379 2954 3677 3019 Dordra-

828 3063 1024 3126 censis
1079 3063 1421 3148 pendente,
1483 3072 1675 3151 atque
1734 3067 1793 3129 si
1852 3066 1981 3149 ipsi
2039 3064 2426 3145 constiterit,
2494 3063 2566 3125 in
2624 3060 3129 3125 reconciliatione
3173 3067 3232 3124 et
3277 3062 3674 3126 relaxatione

823 3168 1101 3250 formam
1165 3172 1497 3236 literarum
1522 3172 1575 3255 1)
1635 3172 1722 3236 ad
1776 3172 2109 3255 (Petrum)
2155 3172 2511 3255 episcopum
2560 3167 3062 3232 Cameracensem
3107 3167 3495 3233 directarum
3536 3189 3665 3233 non

825 3275 1027 3357 fuisse
1069 3285 1384 3342 servatam
1406 3327 1424 3361 ,
1474 3278 1837 3362 hujusmodi
1879 3279 2446 3342 reconciliationem
2493 3282 2554 3339 et
2597 3276 3052 3339 relaxationem
3097 3275 3326 3339 irritas
3371 3275 3670 3340 declaret.

828 3456 1236 3543 Significavit
1280 3460 1493 3526 nobis.
1525 3507 1540 3524 .
1569 3508 1584 3524 .
1615 3507 1631 3525 .
1681 3460 1835 3526 Dat.
1886 3460 2254 3542 Avinione,
2303 3458 2476 3524 Non.
2525 3456 2861 3541 Januarii,
2911 3477 3085 3522 anno
3132 3463 3388 3544 quarto.

1023 3593 1147 3658 Ray.
1185 3596 1284 3644 Δυ.
1327 3597 1383 3645 Τ.
1416 3593 1508 3659 12,
1535 3596 1596 3659 f.
1631 3594 1749 3645 534.

1025 3677 1436 3729 Kerkhistoriscli
1468 3680 1681 3745 πολὺ]
1711 3678 2003 3729 Kist-Moll
2039 3679 2164 3729 ΙΙΙ.
2185 3677 2270 3728 60.
2292 3677 2353 3727 n⁰
2373 3676 2464 3739 17,
2500 3678 2765 3727 secundum
2787 3677 3135 3741 apoqraphum
3155 3693 3384 3727 coaevum
3406 3677 3463 3728 in
3486 3678 3692 3728 archivo

957 3761 1326 3820 Dardi-acensi,
1320 3784 1331 3797 ·
1377 3764 1473 3812 hac
1518 3764 1650 3812 dec
1622 3779 1784 3812 causa
1829 3764 1935 3827 cfr.
1981 3762 2161 3811 ibidem
2204 3761 2373 3812 1—64
2419 3760 2671 3825 egregiam
2713 3759 3106 3809 lucubrationem
3148 3765 3354 3811 auctore
3395 3762 3461 3813 G.
3494 3762 3571 3813 Π.
3607 3762 3690 3813 Μ.

959 3844 1254 3909 Desprats,
1257 3846 1559 3908 ,Dordrecht
1591 3847 1746 3895 onder
1779 3845 1974 3894 kerkelz
1962 3845 2026 3907 jk
2059 3844 2349 3895 interdicis

1026 3927 1348 3995 Corrigenda
1393 3931 1531 3994 apud
1577 3929 1793 3994 Delprat
1840 3945 1891 3995 p.
1935 3929 2027 3994 62,
2081 3929 2178 3981 lin.
2220 3929 2288 3979 25
2334 3943 2452 3993 pro:
2502 3928 2806 3991 AbolensiS,
2857 3929 3026 3994 legas:
3074 3927 3447 3995 Aboloneusi33
3496 3928 3693 4036 1ίιι.37

960 4025 1076 4075 pro:
1115 4013 1282 4076 quod,
1318 4013 1485 4079 legas:
1524 4013 1806 4078 quatinus;
1843 4028 1896 4077 p.
1928 4011 2019 4076 63,
2057 4013 2152 4064 lin.
2186 4011 2222 4064 6
2257 4027 2376 4078 pro:
2416 4012 2537 4077 has»,
2576 4012 2746 4077 legas:
2782 4012 3008 4063 litteras..

760 4157 816 4222 1)
852 4158 1027 4223 Supra
1063 4173 1210 4209 num.
1245 4157 1395 4209 1533.

610 4627 807 4695 1549.
1559 4630 1772 4712 1356,
1821 4628 2141 4694 Januarii
2183 4631 2305 4712 13,
2353 4630 2719 4694 Avenionis.

926 4781 1219 4847 Johanni
1276 4782 1565 4848 Borluut
1624 4786 1856 4848 rectori
1900 4783 2305 4869 parochialis
2368 4785 2613 4850 ecclesie
2657 4784 2733 4848 de
2777 4785 2947 4849 Act-le
3002 4784 3184 4869 Traj.
3232 4786 3421 4850 dioec.
3469 4807 3676 4852 conce-

832 4889 1012 4953 ditur
1044 4890 1462 4975 privileyium
1493 4891 1832 4975 plenariae
1862 4892 2142 4954 omnium
2161 4898 2571 4975 peccatorum
2601 4893 2987 4956 remissionis
3017 4893 3087 4957 in
3117 4894 3392 4959 articulo
3421 4895 3665 4958 mortis.

839 5070 1156 5136 Provenit
1202 5092 1308 5137 ex.
1336 5119 1351 5136 .
1381 5120 1397 5136 .
1425 5120 1442 5136 .
1490 5072 1644 5138 Dat.
1692 5071 2023 5137 Avinione
2044 5120 2062 5155 ,
2109 5070 2209 5136 Id.
2260 5071 2303 5137 J
2306 5072 2595 5155 anuarii,
2642 5094 2818 5139 anno
2867 5079 3121 5160 quarto.

1033 5205 1158 5269 Beq.
1193 5207 1292 5258 Av.
1336 5208 1389 5256 T.
1424 5207 1517 5273 12,
1542 5209 1604 5272 s.
1637 5207 1754 5259 438.
