4450 6684
1830 528 2147 597 ommes
2192 530 2313 596 VI.
3517 534 3603 599 47

538 751 733 821 1439.
1553 724 1763 833 1352,
1810 750 2007 816 Junii
2048 752 2170 835 27,
2220 751 2589 816 Avenionis.

851 900 1130 967 Jacobus
1196 903 1572 967 monasterio
1642 899 1711 966 S.
1782 899 2136 979 Laurentio
2202 902 2275 965 in
2347 899 2720 984 Oostbroek,
2791 904 2973 986 cujus
3043 902 3297 968 abbatia
3365 904 3607 969 dudum

765 1008 1098 1074 donationi
1138 1008 1304 1073 sedis
1349 1009 1731 1094 apostolicae
1776 1014 2100 1072 reservata
2144 1027 2318 1072 nunc
2346 1016 2530 1073 vacat
2557 1030 2685 1093 per
2717 1008 2953 1073 obitum
2987 1008 3262 1075 Gunteri
3292 1011 3611 1096 quondam

765 1111 1039 1196 abbatis,
1084 1111 1474 1199 praeficitur
1519 1115 1591 1177 in
1634 1110 1934 1177 abbatem.
1987 1148 2070 1159 —
2124 1110 2324 1195 Oujus
2369 1115 2819 1178 nominationis
2866 1122 3199 1180 conventus
3245 1123 3306 1181 et
3349 1118 3614 1182 vassalli

766 1220 1058 1284 certiores
1101 1218 1460 1283 redduntur
1505 1225 1698 1305 atque
1740 1217 1819 1282 de
1862 1216 2212 1284 obedientia
2243 1224 2303 1282 et
2332 1220 2682 1283 reverentia
2711 1218 2907 1283 eidem
2939 1219 3176 1285 Jacobo
3196 1220 3611 1306 praestandis

768 1324 1208 1391 admonentur.

768 1503 1031 1572 Dilecto
1076 1504 1212 1570 filio
1261 1503 1306 1570 J
1307 1504 1511 1571 scobe
1560 1500 1788 1569 abbati
1837 1504 2215 1569 monasterii
2264 1506 2474 1569 saneti
2520 1505 2864 1572 Laurentii
2912 1506 2982 1570 in
3013 1506 3380 1573 Oestbroch
3422 1514 3613 1573 extra

546 1633 768 1679 muros
814 1613 1305 1699 TreJeetenses,
1353 1610 1599 1678 ordinis
1647 1612 1857 1676 saneti
1905 1610 2283 1695 Benedicti,
2333 1611 2614 1678 salutem
2659 1620 2771 1678 etc.

776 1718 990 1785 Officii
1035 1719 1262 1785 nostri.
1289 1766 1307 1784 .
1336 1767 1352 1783 .
1383 1766 1399 1783 .
1447 1716 2022 1801 Dat.·Avinione,
2069 1718 2132 1783 V
2178 1717 2291 1783 Kl.
2339 1717 2539 1803 Julii,
2589 1739 2761 1783 anno
2810 1718 3178 1784 undecimo.

777 1823 865 1890 In
909 1846 960 1889 e.
1007 1846 1089 1889 m.
1137 1824 1395 1890 dilectis
1442 1824 1595 1889 filiis
1644 1823 1999 1890 conventui
2046 1824 2431 1889 monasterii
2478 1826 2688 1890 saneti
2741 1825 3092 1891 Laureneii
3138 1833 3249 1891 etc.

778 1929 864 1995 In
909 1952 960 1995 e.
1007 1951 1090 1995 m.
1139 1929 1399 1997 dilectis
1445 1928 1597 1995 filiis
1644 1929 1966 1995 universis
2014 1930 2314 1996 vassallis
2361 1932 2741 1997 monasterii
2790 1932 3000 1997 saneti
3046 1931 3399 1998 Laurenoii
3444 1941 3555 1999 etc.

972 2064 1230 2127 περαίη.
1273 2061 1657 2128 ⁷265,s.96.

553 2533 754 2603 1440.
1580 2537 1796 2618 1352,
1829 2516 2040 2600 'Junii
2083 2537 2201 2619 28,
2250 2536 2614 2599 Avenionis.

867 2688 1161 2785 Jolianni
1221 2690 1387 2754 dicto
1450 2687 1625 2753 Smet
1685 2690 1910 2754 clerico
1969 2687 2151 2771 Traj.
2198 2689 2389 2752 dioec.
2439 2685 2799 2751 conceditur
2831 2685 3249 2770 privileqium
3281 2685 3624 2769 plenariae

781 2798 1059 2861 omnium
1091 2803 1497 2882 peccatorum
1542 2797 1929 2860 remissionis
1975 2797 2042 2859 in
2089 2795 2365 2858 articulo
2411 2794 2653 2858 mortis.

776 2978 1094 3046 Provenit
1138 3000 1245 3047 ex.
1273 3026 1291 3044 .
1318 3027 1335 3044 .
1362 3026 1379 3045 .
1424 2978 1581 3044 Dat.
1627 2976 1994 3062 Avinione,
2041 2977 2184 3043 1111
2228 2977 2340 3042 Kl.
2387 2976 2432 3043 J
2438 2976 2590 3059 ulii,
2639 2995 2813 3041 anno
2859 2974 3230 3042 undecimo·

973 3114 1102 3178 περ.
1134 3115 1232 3164 Ao.
1275 3115 1331 3164 r.
1365 3111 1457 3178 65,
1482 3114 1542 3178 s.
1578 3109 1720 3163 613⁰.

559 3582 749 3654 1441.
1533 3586 1745 3668 1352,
1794 3586 2080 3671 Auqusti
2125 3584 2243 3665 22,
2292 3581 2659 3647 Avenionis.

871 3739 1107 3808 Jacobo
1163 3740 1378 3806 abbati
1419 3742 1789 3805 monasterii
1832 3742 1904 3804 in
1955 3735 2409 3821 „Oestbroeh”
2457 3742 2642 3801 extra
2686 3754 2900 3798 muros
2956 3731 3381 3814 Trajectenses
3426 3749 3634 3794 conce·

785 3846 965 3912 ditur
1007 3847 1293 3930 facultas
1317 3896 1335 3931 ,
1393 3847 1562 3932 quod
1609 3867 1652 3910 a
1699 3865 2088 3932 quocumque
2132 3844 2438 3909 maluerit
2488 3840 2811 3906 Catholico
2857 3840 3141 3903 antistite
3186 3855 3415 3901 munus
3461 3834 3632 3900 bene-

781 3951 1077 4018 dictionis
1123 3956 1397 4037 recipere
1443 3952 1671 4017 valeat.

785 4133 952 4200 Cum
997 4154 1118 4199 nos
1163 4134 1435 4221 pridem.
1461 4180 1478 4199 .
1508 4180 1524 4197 .
1553 4180 1570 4199 .
1617 4132 1773 4199 Dat.
1821 4130 2183 4214 Avinione,
2228 4129 2335 4195 XI
2378 4128 2494 4194 Kl.
2540 4124 2976 4214 Septembris,
3025 4143 3200 4189 anno
3248 4122 3615 4189 undecimo·

978 4268 1105 4333 περ.
1139 4269 1238 4319 An.
1280 4265 1341 4319 T.
1374 4266 1465 4332 65,
1488 4269 1553 4333 s.
1583 4265 1700 4318 522.

560 4738 756 4809 1442.
1553 4738 1763 4821 1352,
1814 4735 2098 4803 Octobris
2144 4739 2219 4820 5,
2265 4733 2635 4800 Avenionis.

882 4892 1187 4959 Gerardo·
1216 4893 1295 4958 de
1339 4892 1687 4958 Picaloctis
1719 4891 2140 4974 conferuntur
2170 4889 2609 4969 canonicatus,
2653 4881 3011 4971 praebenda
3043 4889 3102 4947 et
3130 4881 3631 4966 supplementum

791 5001 1077 5065 ecclesiae
1146 4998 1601 5085 Traiectensis,
1654 5018 1786 5084 pro
1850 4996 2076 5082 quibus
2130 5015 2273 5059 cum
2318 4992 2616 5058 Johanne
2660 4990 2845 5076 Pape
2891 4989 3058 5053 alias
3102 4987 3178 5050 de
3227 4986 3473 5051 Casleto
3505 5005 3633 5071 pa-

786 5105 1133 5171 rochialem
1177 5107 1493 5170 ecclesiam
1538 5104 1614 5167 de
1663 5104 2053 5171 Bellocastro
2101 5100 2417 5166 Morinen.
2470 5099 2662 5163 dioec.
2698 5097 2962 5181 putavit
2989 5091 3506 5179 permutandam.
3544 5128 3627 5140 -—

789 5212 1206 5299 Deputantur
1251 5218 1621 5277 mecutores.

787 5397 1174 5486 Apostoliee‘
1217 5394 1411 5462 sedis.
1442 5441 1459 5460 .
1487 5442 1503 5459 .
1530 5441 1547 5460 .
1590 5395 1749 5461 Dat.
1797 5393 2167 5474 Avinione,
2213 5389 2322 5455 III
2365 5387 2537 5455 Non.
2587 5384 2924 5468 Octobris,
2973 5402 3146 5449 anno
3193 5378 3562 5446 undecimo.

977 5538 1103 5602 Rea.
1138 5538 1236 5588 An.
1278 5537 1334 5586 T.
1368 5532 1540 5600 65‚s.
1575 5531 1690 5584 311.
