4450 6684
901 514 1032 579 296
1934 511 2276 575 Animum
2324 529 2405 575 m
2454 511 2928 577 conmori-mm.

1121 735 1201 799 In
1248 735 1485 822 quibus
1529 733 1694 799 haec
1740 734 2019 821 propriis
2066 732 2375 799 duximus
2421 731 2853 819 exprimenda
2898 731 3272 797 vocabulis:

1118 842 1475 908 Ecclesiam
1515 841 1584 905 in
1623 840 1952 906 Sutburch
1979 841 2034 925 2)
2074 862 2221 905 oum
2262 841 2675 928 pertinentiis
2715 840 2879 921 suis3
2921 838 3244 927 quidquid
3282 838 3540 904 habetis
3579 838 3649 903 in
3690 838 3960 903 ecclesia

892 949 960 1013 S.
1001 948 1193 1012 Pauli
1239 948 1309 1011 in
1348 947 1513 1012 Wes
1545 994 1562 1012 .
1591 995 1606 1011 .
1636 993 1652 1010 .
1681 993 1698 1011 .
1732 952 1922 1011 onter
1946 946 2001 1029 3)
2041 952 2108 1012 et
2146 946 2214 1011 in
2257 945 2560 1011 omnibus
2601 946 2744 1031 ejus
2782 945 3240 1033 pertinentiis3
3282 944 3622 1010 ecclesiam
3668 950 3697 1007 t
3720 944 3964 1009 Hoost-

889 1055 1179 1143 capellae
1202 1057 1257 1138 4)
1319 1075 1466 1119 cum
1528 1054 1943 1140 pertinentiis
2005 1054 2174 1136 suis;
2242 1053 2584 1119 ecclesiam
2645 1054 2714 1117 in
2772 1052 2994 1118 Wella
3021 1053 3075 1135 ⁶)
3122 1072 3267 1117 cum
3318 1051 3732 1138 pertinentiis
3778 1051 3948 1135 suis3

888 1161 1281 1247 [ecclesiam]
1331 1162 1399 1225 in
1445 1159 1893 1247 Westcapella
1938 1181 2084 1225 cum
2133 1160 2549 1246 pertinentiis
2590 1159 2757 1242 suis3
2807 1157 2971 1224 duos
3012 1179 3275 1223 mansos
3317 1164 3529 1223 terrae
3567 1159 3767 1242 juxta
3803 1159 3964 1223 Tra·

875 1269 1129 1353 jectum
1176 1268 1246 1331 in
1293 1273 1475 1331 curte
1523 1265 1604 1331 de
1653 1266 1988 1350 Vechten3
2037 1268 2104 1332 in
2143 1265 2527 1332 Wiltenbur
2551 1267 2605 1349 ⁶)
2653 1265 3006 1330 oratorium
3048 1264 3112 1329 b.
3156 1264 3403 1330 Mariae
3445 1270 3512 1328 et
3551 1263 3951 1352 sepulturam

883 1375 1089 1462 ipsius
1157 1373 1285 1440 loci
1354 1394 1470 1459 pro
1543 1374 1851 1440 fratribus
1913 1378 1982 1439 et
2027 1374 2274 1440 familia
2320 1379 2579 1455 vestra,
2625 1373 2795 1438 sicut
2841 1371 3026 1436 vobis
3075 1391 3387 1437 concessa
3433 1376 3570 1454 est3
3620 1377 3960 1458 praeterea

881 1479 1226 1546 duodecim
1266 1482 1534 1566 jugera,
1584 1479 1851 1544 dimidio
1900 1481 2149 1563 minus,
2197 1500 2361 1566 quos
2407 1480 2559 1562 (sic)
2604 1478 2687 1544 ab
2726 1478 3096 1561 Alberone,
3146 1477 3352 1541 filium
3401 1478 3553 1561 (sic)
3600 1477 3954 1543 Gisleberti

879 1588 1160 1670 emistis,
1196 1592 1263 1651 et
1295 1592 1593 1674 quartam
1628 1587 1822 1650 unius
1855 1587 2095 1669 mansi,
2129 1608 2324 1674 quam
2358 1586 2605 1652 emistis
2638 1606 2678 1650 a
2708 1584 3098 1667 Teodorico,
3139 1586 3250 1671 qui
3284 1584 3523 1649 dicitur
3553 1584 3956 1670 Hagalsten;

876 1694 1278 1781 sepulturam
1339 1715 1598 1781 quoque
1663 1692 1959 1779 ejusdem
2018 1694 2145 1759 loci
2210 1700 2279 1759 et
2343 1700 2634 1776 caetera,
2692 1714 2860 1780 quae
2909 1693 2991 1758 ab
3040 1690 3311 1758 Andrea
3360 1698 3427 1756 et
3476 1691 3836 1758 Hartberto
3888 1697 3960 1755 et

877 1799 1234 1866 Godefrido
1305 1799 1746 1886 TraJectensis
1810 1799 2125 1866 ecclesiae
2188 1801 2510 1887 episcopis
2572 1800 2758 1865 vobis
2820 1801 3133 1865 canonice
3198 1820 3511 1865 concessa
3573 1805 3763 1878 sunt,
3835 1819 3956 1864 nos

877 1928 1139 1995 quoque
1186 1908 1550 1996 praesentis
1598 1907 1825 1994 scripti
1871 1908 2112 1993 pagina
2143 1907 2620 1974 confirmamus.
2688 1909 3118 1974 Decernimus
3152 1928 3338 1993 ergo,
3378 1912 3453 1971 ut
3485 1907 3645 1971 nulli
3684 1908 3948 1971 omnino

874 2014 1214 2079 hominum
1260 2014 1456 2078 liceat
1504 2013 1868 2101 praefatum
1915 2014 2131 2079 locum
2180 2021 2429 2080 temere
2475 2015 2860 2102 perturbare
2896 2021 3010 2080 aut
3046 2015 3188 2100 ejus
3220 2015 3664 2102 possessiones
3697 2013 3956 2080 auferre

873 2122 981 2186 vel
1038 2120 1292 2186 ablatas
1357 2121 1672 2203 retinere,
1735 2121 2030 2185 minuere
2093 2129 2207 2185 aut
2271 2121 2597 2207 aliquibus
2660 2121 3124 2186 vexationibus
3187 2121 3492 2207 fatigare,
3557 2119 3673 2184 sed
3733 2121 3950 2185 omnia

876 2228 1135 2314 integra
1179 2233 1650 2293 conserventur
1697 2248 1951 2310 eorum,
2001 2249 2116 2315 pro
2159 2249 2434 2314 quorum
2479 2228 2957 2315 gubernatione
3001 2250 3075 2293 ac
3120 2230 3602 2293 sustentatione
3644 2248 3952 2293 concessa

884 2340 1069 2419 sunt,
1104 2335 1329 2400 usibus
1364 2334 1752 2399 omnimodis
1786 2334 2184 2420 [profutura‚
2219 2336 2424 2420 salva]
2458 2333 2631 2400 sedis
2661 2336 3060 2423 apostolicae
3093 2337 3487 2400 auctoritate
3522 2341 3590 2400 et
3623 2334 3954 2400 diocesani

880 2441 1168 2528 episcopi
1225 2443 1539 2507 canonica
1589 2441 1870 2527 justitia.
1966 2442 2035 2506 Si
2099 2463 2230 2530 qua
2291 2442 2493 2528 igitur
2554 2443 2623 2507 in
2687 2444 2977 2508 futurum
3034 2442 3473 2508 ecclesiastica
3515 2444 3948 2508 saecularisve

878 2568 1160 2636 persona
1217 2549 1385 2613 hanc
1450 2555 1712 2613 nostrae
1773 2549 2263 2615 constitutionis
2322 2550 2628 2636 paginam
2693 2550 2904 2615 sciens
2962 2555 3190 2615 contra
3237 2570 3383 2614 eam
3430 2556 3677 2614 temere
3724 2551 3960 2615 venire

881 2655 1334 2739 temptaverit,
1398 2654 1685 2720 secundo
1749 2656 2027 2719 tertiove
2089 2655 2499 2740 admonitus,
2563 2657 2615 2720 si
2685 2676 2817 2720 non
2881 2656 3324 2720 satisfactione
3389 2677 3677 2742 congrua
3727 2678 3948 2722 emen·

879 2758 1165 2843 daverit,
1226 2763 1572 2849 potestatis
1638 2762 2034 2848 honorisque
2097 2763 2198 2828 sui
2264 2762 2587 2850 dignitate
2649 2770 2869 2829 careat
2934 2785 3243 2850 reamque
3309 2785 3379 2830 se
3437 2763 3661 2830 divino
3699 2763 3949 2850 judicio

882 2867 1167 2932 existere
1232 2866 1313 2933 de
1376 2874 1754 2955 perpetrata
1813 2869 2163 2956 iniquitate
2226 2878 2578 2956 cognoscat
2641 2876 2710 2936 et
2770 2892 2810 2935 a
2856 2871 3293 2936 sacratissimo
3340 2872 3627 2958 corporis
3671 2873 3822 2956 (εἰσ)
3869 2894 3944 2938 ac

883 2975 1217 3060 sanguinis
1262 2976 1411 3058 (sic)
1458 2975 1582 3040 Dei
1629 2981 1697 3040 et
1744 2975 2010 3040 Domini
2052 2978 2257 3042 nostri
2296 2976 2761 3065 Redemptoris
2799 2977 3009 3043 Jhesu
3052 2978 3293 3043 Christi
3339 2977 3554 3042 aliena
3597 2978 3714 3043 fiat
3751 2985 3954 3067 atque

886 3083 1006 3167 [in]
1071 3088 1367 3149 extremo
1432 3085 1735 3149 examine
1783 3083 2116 3151 districtae
2164 3086 2400 3151 ultioni
2447 3087 2805 3173 subjaceat.
2900 3086 3172 3153 Cunctis
3220 3087 3494 3171 [autem]
3543 3086 3757 3151 eidem
3804 3087 3949 3152 loco

873 3191 1058 3275 justa
1104 3190 1514 3255 servantibus
1563 3192 1648 3255 sit
1694 3213 1826 3277 pax
1875 3192 2141 3257 Domini
2188 3193 2394 3258 nostri
2442 3193 2650 3259 Jhesu
2696 3193 2972 3277 Christi,
3038 3194 3346 3281 quatinus
3395 3199 3463 3259 et
3507 3193 3612 3258 hic
3658 3193 3946 3258 fructum

880 3296 1093 3361 bonae
1155 3296 1427 3361 actionis
1490 3298 1853 3383 percipiant
1919 3304 1985 3363 et
2052 3298 2225 3386 apud
2288 3298 2709 3385 dis[tric]tum
2763 3300 3057 3385 judicem
3119 3300 3370 3388 premia
3417 3306 3725 3366 aeternae
3771 3300 3952 3387 pacis

881 3402 1242 3467 inveniant.
1333 3401 1569 3467 Amen.
1638 3403 1876 3469 Amen.

1103 3506 1395 3592 Inferius
1455 3516 1594 3573 erat
1653 3513 1929 3594 scriptus
1990 3513 2304 3595 circulus,
2354 3516 2421 3576 in
2467 3516 2648 3597 cujus
2695 3514 2894 3578 medio
2946 3513 3295 3597 leqebatur:
3344 3512 3459 3578 Sos
3512 3513 3782 3594 Petrus,
3834 3512 3953 3577 Sos

881 3615 1169 3700 Paulus,
1234 3636 1395 3701 quae
1454 3615 1640 3680 verba
1701 3617 2179 3682 continebantur
2241 3618 2340 3683 his
2395 3621 2545 3684 aliis
2591 3622 2658 3683 in
2700 3640 2864 3705 qyro
2910 3621 3407 3703 circumpositis:
3477 3620 3578 3684 Tu
3628 3639 3697 3684 es
3744 3618 3952 3704 gloria

884 3743 1064 3805 mea,
1114 3729 1186 3787 tu
1234 3742 1304 3786 es
1351 3730 1689 3809 susceptor
1736 3745 1961 3810 meus,
2012 3729 2083 3788 tu
2132 3726 2433 3790 exaltans
2480 3731 2678 3814 caput
2725 3747 2980 3809 meum,
3028 3725 3334 3790 Domine.

1105 3828 1317 3894 Juxta
1365 3830 1475 3894 Ῑιοσ
1519 3832 1770 3915 siqnum
1816 3831 2160 3896 rotundum
2205 3835 2521 3917 scriptum
2567 3840 2739 3898 erat:
2800 3835 2844 3916 †
2889 3832 3030 3920 Ego
3078 3833 3309 3898 Victor
3345 3832 3706 3898 catholicae
3747 3832 3958 3898 eccle·

878 3934 1012 3999 siae
1061 3934 1426 4022 episcopus.

1106 4043 1150 4124 †
1194 4040 1334 4128 Ego
1384 4048 1442 4107 tt
1490 4042 1790 4108 Ubaldus
1838 4043 2236 4109 'ferentinus
2282 4045 2645 4132 episcopus.

1109 4148 1214 4212 Ab
1276 4150 1484 4213 altera
1530 4157 1727 4233 parte
1771 4152 1939 4234 siqui
1989 4151 2337 4236 leyebatur:
2410 4154 2454 4235 †
2500 4152 2641 4239 Ego
2690 4151 2908 4218 Guido
2955 4153 3298 4240 presbyter
3344 4150 3711 4218 Cardinalis
3759 4153 3970 4216 titula

883 4253 1148 4319 calixti.

1106 4364 1150 4445 †
1195 4361 1335 4448 Ego
1383 4361 1722 4428 Johannes
1770 4363 2114 4451 presbyter
2160 4364 2524 4431 Cardinalis
2574 4367 2769 4430 titulo
2816 4366 3128 4432 Pastoris.

1103 4469 1235 4533 Sub
1280 4469 1521 4534 duobus
1553 4471 1789 4555 primis
1836 4473 2189 4537 nominibus
2234 4494 2318 4538 sc.
2375 4473 2648 4538 Victoris
2689 4482 2749 4539 et
2799 4473 3035 4539 Ubaldi
3076 4475 3328 4559 siquam
3369 4479 3508 4537 erat
3546 4472 3764 4558 fiyura
3803 4481 3955 4537 nota

878 4578 1196 4641 continens
1245 4577 1529 4641 litteras:
1574 4577 1912 4643 benevale.

1101 4683 1314 4748 Juxta
1363 4684 1523 4748 hanc
1566 4684 1845 4769 fiquram
1897 4686 2251 4771 leqebatur:

1105 4792 1149 4873 †
1193 4788 1335 4877 Ego
1383 4790 1651 4856 Laudus
1700 4791 2012 4857 diaconus
2062 4793 2425 4859 Cardinalis
2474 4794 2700 4860 Sancti
2747 4794 3009 4881 Angeli.

1103 4898 1147 4979 †
1191 4896 1332 4983 Ego
1381 4896 1709 4964 Gerardus
1758 4898 2070 4964 diaconus
2116 4899 2481 4966 cardinalis
2530 4900 2756 4968 Sancti
2805 4900 3071 4986 Georgii
3118 4898 3201 4965 ad
3248 4898 3491 4964 Velum
3537 4918 3828 4963 aureum.

1104 5003 1395 5087 Inferius
1440 5013 1580 5069 erat
1623 5007 1970 5090 scriptum:
2033 5007 2280 5071 Datum
2327 5009 2614 5073 Bisuntii
2661 5029 2779 5094 per
2827 5028 3091 5072 manum
3137 5005 3464 5073 Johannis
3512 5011 3774 5070 sanctae
3815 5004 3966 5069 Ro·-

880 5129 1109 5174 manae
1155 5111 1490 5176 ecclesiae.

1976 5219 2252 5268 Secundum
2287 5236 2385 5268 van
2417 5221 2513 5269 den
2547 5221 2706 5270 Elsen
2743 5222 2775 5271 l.
2811 5239 2852 5272 c.

1026 5360 1083 5420 1)
1120 5359 1224 5411 Csr.
1260 5375 1417 5424 supra
1457 5376 1602 5412 num.
1640 5362 1720 5412 24.
1922 5362 1977 5427 2)
2015 5362 2261 5430 Souburg
2298 5366 2351 5414 in
2388 5364 2713 5416 Walachria.

1027 5441 1084 5500 3)
1121 5440 1529 5508 westmonster,
1568 5451 1628 5496 ut
1663 5446 1880 5509 conjicit
1916 5461 2018 5496 van
2055 5448 2154 5497 den
2191 5447 2366 5499 Elsen.
2567 5448 2621 5512 4)
2658 5447 3002 5512 Oostcapelle.
3206 5447 3263 5511 5)
3300 5447 3564 5497 Welland.

1029 5526 1084 5593 6)
1120 5528 1461 5594 wiltenburg
1498 5545 1656 5594 prope
1691 5529 2013 5594 Traiectum.
