4450 6684
1774 542 2179 609 Gnnsonms
2223 544 2348 610 XI.
3469 548 3599 613 239

533 762 1011 828 continenciam
1050 762 1418 827 litterarum
1452 762 1752 828 dedimus
1784 784 1901 849 per
1934 769 2190 828 nostras
2222 763 2481 829 litteras
2512 764 2582 829 in
2614 763 2975 848 mandatis,
3023 771 3218 851 prout
3249 766 3319 830 111
3350 764 3599 831 eisdem

534 866 772 931 litteris
818 867 1076 954 plenius
1124 867 1520 932 continetur.
1579 867 1668 932 Et
1710 868 1903 950 licet,
1953 869 2124 932 sicut
2171 869 2471 934 exhibita
2516 869 2706 934 nobis
2739 890 2856 955 pro
2888 876 3076 955 parte
3108 870 3314 957 ipsius
3346 870 3602 935 Nicolai

537 971 777 1057 peticio
841 972 1256 1054 continebat,
1329 972 1543 1038 dictus
1606 973 1809 1038 abbas
1870 974 2079 1038 sancti
2141 973 2469 1039 Trudonis
2529 980 2876 1039 monuerat
2925 973 3132 1040 dictos
3180 974 3487 1040 abbatem
3537 980 3606 1040 et

537 1084 935 1143 conventum
982 1080 1363 1144 monasterii
1412 1078 1495 1144 de
1542 1079 1769 1144 Insula
1814 1080 2008 1145 beate
2056 1080 2265 1146 Mario
2315 1080 2675 1146 secundum
2723 1081 2996 1145 formam
3035 1101 3153 1166 per
3198 1080 3461 1146 easdem
3499 1082 3606 1145 lit·

537 1189 711 1250 teras
758 1185 882 1250 sibi
930 1185 1241 1268 directas,
1292 1191 1513 1251 tamen
1560 1186 1763 1252 abbas
1813 1193 1882 1252 et
1929 1193 2295 1253 conventus
2342 1188 2720 1254 monasterii
2768 1187 2849 1253 de
2897 1187 3124 1252 Insula
3164 1188 3359 1253 beate
3390 1188 3599 1254 Mario

536 1290 913 1376 hujusmodi
972 1292 1452 1357 monicionibus
1516 1292 1883 1377 obauditis,
1950 1294 2231 1360 eundem
2297 1295 2641 1360 Nicolaum
2705 1294 2996 1382 recipere
3062 1315 3193 1359 non
3257 1300 3606 1377 curarunt,

534 1418 929 1485 quamquam
976 1399 1178 1464 nichil
1225 1399 1625 1465 racionabile
1671 1408 2144 1487 proponerent,
2197 1424 2400 1489 quare
2447 1403 2571 1467 hoc
2617 1402 2834 1468 facere
2883 1423 3015 1466 non
3065 1401 3404 1468 deberent.
3465 1402 3603 1467 Nos

538 1505 773 1589 igitur,
836 1506 1016 1592 pium
1082 1512 1151 1570 et
1213 1527 1572 1592 congruum
1640 1514 2059 1593 reputantes,
2124 1516 2199 1572 ut
2248 1508 2575 1596 prefatum
2621 1509 2969 1574 Nicolaum
3016 1509 3129 1574 illo
3177 1508 3418 1574 favoris
3466 1529 3610 1595 pre·

538 1610 702 1674 sidio
766 1631 1274 1697 prosequamur,
1339 1632 1456 1698 per
1521 1611 1698 1698 quod
1762 1633 1951 1677 suum
2018 1613 2086 1677 in
2149 1615 2273 1678 hac
2332 1619 2517 1699 parte
2565 1613 2895 1680 laudabile
2940 1615 3347 1701 propositum
3393 1614 3610 1678 valeat

546 1714 919 1802 adimpleri,
993 1716 1379 1783 discrecioni
1442 1723 1659 1782 vestre
1721 1738 1840 1803 per
1902 1719 2263 1804 apostolica
2324 1720 2566 1807 scripta
2629 1721 3049 1803 mandamus,
3122 1721 3429 1807 quatinus
3493 1741 3609 1785 vos

544 1822 649 1887 vel
719 1821 849 1887 duo
922 1830 1036 1888 aut
1109 1845 1279 1888 unus
1350 1830 1639 1889 vestrum
1703 1845 1820 1910 per
1883 1846 1997 1888 vos
2057 1827 2164 1890 vel
2228 1827 2428 1891 alium
2489 1847 2605 1891 seu
2656 1827 2856 1903 alios,
2903 1829 2958 1890 si
3004 1832 3104 1892 est
3151 1828 3278 1909 ita,
3329 1825 3613 1890 eundem

540 1926 885 1992 Nicolaum
947 1929 1016 1993 in
1080 1928 1255 1993 dicto
1322 1929 1720 1994 monasterio
1771 1928 1853 1994 de
1901 1930 2128 1994 Insula
2172 1931 2368 1996 beate
2417 1931 2622 1996 Marie
2671 1933 2872 2018 recipi
2921 1932 3174 1996 faciatis
3221 1932 3613 1996 auctoritate

550 2039 777 2099 nostra
835 2035 905 2098 in
971 2055 1359 2100 conversum
1408 2041 1476 2099 et
1521 2036 1591 2099 in
1639 2035 1908 2100 fratrem
1956 2036 2211 2121 sibique
2251 2039 2452 2122 juxta
2496 2037 2875 2122 hujusmodi
2921 2037 3300 2102 monasterii
3347 2057 3617 2101 consue·

552 2139 846 2206 tudinem
894 2142 1258 2227 regularem
1308 2141 1607 2206 habitum
1656 2142 1958 2207 exhiberi
2007 2164 2081 2206 ac
2127 2143 2255 2228 ipsi
2302 2142 2382 2208 de
2424 2144 2878 2220 communibus
2910 2142 3204 2228 ejusdem
3237 2143 3619 2208 monasterii

547 2249 974 2333 proventibus
1045 2251 1213 2314 sicut
1281 2234 1396 2313 uni
1466 2270 1552 2314 ex
1613 2249 1757 2314 aliis
1820 2250 2026 2336 ipsius
2091 2251 2473 2316 monasterii
2536 2253 2870 2317 conversis
2927 2252 3186 2336 integre
3235 2250 3618 2337 responderi

554 2376 834 2441 eumque
902 2355 1148 2421 ibidem
1220 2358 1474 2421 sincera
1541 2357 1611 2421 in
1672 2357 1957 2422 Domino
2022 2358 2298 2422 caritate
2347 2358 2645 2441 tractari3
2709 2379 2842 2423 non
2892 2357 3307 2422 obstantibus
3354 2357 3621 2444 quibus-

543 2482 802 2548 cunque
866 2464 1454 2529 constitucionibus
1519 2471 1586 2528 et
1651 2464 2241 2529 consuetudinibus
2304 2466 2848 2530 monasteriorum
2898 2471 2966 2528 et
3014 2463 3313 2529 ordinum
3364 2464 3616 2550 predic-

547 2573 760 2633 torum
825 2570 1200 2653 contrariis,
1255 2572 1665 2654 jurament0,
1732 2570 2234 2635 confirmacione
2282 2570 2643 2656 apostolica
2686 2568 2930 2635 ibidem
2978 2570 3110 2634 sint
3158 2569 3442 2654 directa3
3500 2590 3618 2635 seu

544 2674 599 2739 si
666 2674 913 2741 eisdem
977 2676 1201 2741 abbati
1236 2682 1332 2741 ·et
1390 2677 1741 2742 conventui
1792 2675 1952 2741 dicti
1998 2677 2379 2742 monasterii
2428 2676 2509 2741 de
2558 2677 2782 2741 Insula
2830 2676 3023 2741 beate
3069 2675 3277 2742 Marie
3328 2677 3430 2741 vel
3478 2676 3621 2762 qui-

547 2781 772 2846 busvis
832 2782 979 2847 aliis
1040 2784 1475 2848 communiter
1536 2783 1643 2848 vel
1709 2781 1968 2847 divisim
2016 2783 2100 2847 ab
2147 2784 2512 2870 apostolica
2559 2784 2644 2847 sit
2692 2782 2846 2848 sede
2893 2781 3224 2847 indultum
3247 2830 3265 2865 ,
3314 2782 3490 2869 quod
3539 2783 3623 2847 ad

549 2888 993 2973 receptionem
1054 2889 1161 2954 vel
1217 2889 1656 2975 provisionem
1719 2888 1997 2973 alicujus
2041 2888 2311 2953 minime
2359 2894 2712 2953 teneantur
2760 2893 2829 2953 et
2876 2887 2959 2952 ad
3004 2887 3075 2951 id
3122 2888 3456 2975 compelli,
3503 2893 3620 2953 aut

553 2994 729 3079 quod
773 2994 1107 3079 interdici,
1158 2995 1473 3083 suspendi
1519 2995 1629 3060 vel
1674 2995 2225 3061 excommunicari
2276 3016 2411 3060 11011
2457 2995 2712 3082 possint
2752 3015 2869 3081 per
2898 2994 3156 3060 litteras
3192 2994 3616 3081 apostolicas,

555 3120 688 3164 non
749 3100 1063 3167 facientes
1126 3102 1390 3189 plenam
1455 3107 1524 3167 et
1577 3121 1957 3187 expressam
2003 3122 2079 3166 00
2128 3100 2209 3166 de
2258 3101 2460 3166 verbo
2510 3099 2594 3166 ad
2639 3101 2914 3166 verbum
2961 3101 3045 3166 de
3091 3099 3348 3166 indulto
3395 3101 3622 3185 hujus-

548 3207 726 3272 modi
786 3209 1235 3293 mencionem,
1304 3215 1374 3274 et
1436 3209 1730 3296 qualibet
1777 3208 1907 3273 alia
1954 3207 2128 3273 dicte
2177 3208 2350 3274 sedis
2396 3207 2812 3294 indulgentia
2858 3208 3151 3294 generali
3199 3207 3308 3273 vel
3351 3207 3619 3294 speciali

550 3316 997 3402 cujuscunque
1060 3316 1309 3380 tenoris
1357 3317 1636 3398 existat,
1695 3335 1813 3401 per
1861 3336 2054 3401 quam
2102 3316 2523 3401 presentibus
2570 3336 2705 3381 non
2753 3335 3130 3402 expressam
3179 3315 3283 3380 vel
3331 3314 3623 3380 totaliter

547 3442 681 3486 non
744 3423 1057 3488 insertam
1108 3422 1381 3488 effectus
1429 3443 1650 3488 earum
1698 3421 2000 3508 expediri
2045 3422 2196 3507 (sic)
2243 3423 2461 3487 valeat
2508 3421 3004 3508 quomodolibet
3050 3420 3155 3487 vel
3203 3420 3482 3504 differri,
3551 3424 3620 3485 et

543 3527 626 3593 de
691 3549 822 3614 qua
883 3530 1200 3615 cujusque
1267 3534 1406 3594 toto
1473 3535 1702 3594 tenore
1763 3527 2072 3594 habenda
2134 3510 2220 3594 sit
2281 3530 2352 3594 in
2399 3529 2639 3594 nostris
2687 3528 2927 3593 litteris
2974 3527 3228 3593 mencio
3276 3526 3614 3613 specialis3

549 3633 1060 3700 contradictores
1107 3655 1226 3720 per
1257 3655 1596 3700 censuram
1629 3635 2168 3719 ecclesiasticam,
2210 3636 2660 3723 appellacione
2693 3635 3088 3721 postposita,
3124 3631 3618 3719 compescendo.

540 3740 695 3807 Dat.
739 3740 1103 3826 Avinione,
1152 3741 1294 3806 1111
1339 3742 1512 3806 Non.
1559 3741 1788 3807 Marcii
1811 3790 1828 3824 ,
1876 3742 2300 3827 pontificatus
2350 3742 2556 3807 nostri
2605 3761 2778 3806 anno
2830 3741 3052 3805 tercio.

953 3877 1081 3940 Bag.
1116 3879 1215 3927 Aa.
1259 3879 1310 3927 T.
1349 3876 1439 3940 16,
1463 3878 1526 3942 s.
1560 3875 1701 3927 2200.

539 4374 733 4444 2183.
1115 4438 1126 4448 .
1554 4377 1735 4441 1373
1754 4423 1773 4457 ,
1820 4373 2056 4439 Martii
2099 4377 2136 4439 1
2159 4423 2177 4458 ,
2224 4374 2588 4438 Avcnionis.

854 4526 1149 4594 Arnoldo
1196 4528 1453 4594 Alberti
1501 4529 1742 4592 Gruter
1788 4526 1864 4591 de
1909 4525 2322 4608 Dotinchem,
2369 4524 2591 4589 clerico
2644 4521 2826 4606 Traj.
2873 4520 3101 4603 dioec„
3147 4518 3616 4601 confirmantur

769 4635 1175 4699 canonicatus
1245 4642 1304 4699 et
1362 4634 1730 4720 praebenda
1798 4633 2084 4698 ecclesiae
2152 4631 2207 4696 b.
2280 4631 2537 4695 Mariae
2602 4628 2782 4712 Traj.
2807 4676 2825 4712 ,
2885 4627 2961 4692 de
3008 4625 3269 4713 quibus,
3316 4645 3457 4689 cum
3490 4644 3617 4709 per

766 4739 1001 4805 obitum
1051 4741 1312 4806 Gerlaci
1360 4741 1570 4809 Budcl
1612 4745 1914 4805 vacarent
1958 4745 2022 4802 et
2051 4758 2178 4823 per
2209 4737 2637 4801 Laurentium
2682 4734 2739 4799 U
2744 4740 2980 4799 tersout
3018 4733 3311 4798 clericum
3342 4728 3610 4796 indebite

767 4855 1250 4931 occuparentur,
1287 4849 1699 4933 praepositus
1745 4847 2030 4911 ecclesiae
2076 4844 2145 4909 S.
2194 4843 2520 4909 Johannis
2575 4840 2758 4926 Traj.
2806 4862 2882 4905 ex
2925 4839 3226 4905 mandato
3270 4837 3612 4924 apostolico

767 4954 894 5037 ipsi
937 4953 1089 5035 fecit
1120 4954 1472 5038 provideri.

769 5134 1161 5201 Laudabilia
1208 5135 1574 5222 probitatis.
1601 5180 1619 5200 .
1646 5181 1664 5200 .
1692 5181 1709 5198 .
1757 5133 1912 5199 Dat.
1960 5132 2292 5199 Avinione
2311 5180 2329 5216 ,
2375 5132 2487 5199 Kl.
2533 5131 2793 5213 Martii,
2841 5150 3015 5194 011110
3061 5127 3279 5193 tertio.

958 5271 1087 5334 Ray.
1118 5271 1218 5321 Ao.
1263 5272 1320 5322 T.
1351 5269 1442 5334 10,
1467 5272 1529 5334 s.
1561 5270 1678 5321 411.
