<?xml version="1.0" encoding="UTF-8"?>
<!DOCTYPE html PUBLIC "-//W3C//DTD XHTML 1.0 Transitional//EN"
    "http://www.w3.org/TR/xhtml1/DTD/xhtml1-transitional.dtd">
<html xmlns="http://www.w3.org/1999/xhtml" xml:lang="en" lang="en">
 <head>
  <title>
</title>
<meta http-equiv="Content-Type" content="text/html;charset=utf-8" />
  <meta name='ocr-system' content='tesseract 3.04.00' />
  <meta name='ocr-capabilities' content='ocr_page ocr_carea ocr_par ocr_line ocrx_word'/>
</head>
<body>
  <div class='ocr_page' id='page_1' title='image "./bullariumtrajec00nethgoog_0373.png"; bbox 0 0 4450 6684; ppageno 0'>
   <div class='ocr_carea' id='block_1_1' title="bbox 1761 550 3567 616">
    <p class='ocr_par' dir='ltr' id='par_1_1' title="bbox 1761 550 3567 616">
     <span class='ocr_line' id='line_1_1' title="bbox 1761 550 3567 616; baseline -0.001 -1"><span class='ocrx_word' id='word_1_1' title='bbox 1761 551 2161 615; x_wconf 78' lang='lat' dir='ltr'><em>Gnneonms</em></span> <span class='ocrx_word' id='word_1_2' title='bbox 2207 550 2332 615; x_wconf 86' lang='lat' dir='ltr'><em>XI.</em></span> <span class='ocrx_word' id='word_1_3' title='bbox 3442 552 3567 616; x_wconf 81' lang='lat'><em>271</em></span> 
     </span>
    </p>
   </div>
   <div class='ocr_carea' id='block_1_2' title="bbox 748 769 3577 968">
    <p class='ocr_par' dir='ltr' id='par_1_2' title="bbox 748 769 3577 968">
     <span class='ocr_line' id='line_1_2' title="bbox 748 769 3577 858; baseline -0 -22"><span class='ocrx_word' id='word_1_4' title='bbox 748 769 1141 836; x_wconf 89' lang='lat' dir='ltr'><em>Laudabilia</em></span> <span class='ocrx_word' id='word_1_5' title='bbox 1185 769 1550 856; x_wconf 77' lang='lat' dir='ltr'><strong>probitatis,</strong></span> <span class='ocrx_word' id='word_1_6' title='bbox 1579 817 1595 834; x_wconf 95' lang='lat'><em>.</em></span> <span class='ocrx_word' id='word_1_7' title='bbox 1624 817 1640 833; x_wconf 94' lang='lat'><em>.</em></span> <span class='ocrx_word' id='word_1_8' title='bbox 1668 817 1685 833; x_wconf 93' lang='lat'><em>.</em></span> <span class='ocrx_word' id='word_1_9' title='bbox 1747 770 1897 834; x_wconf 81' lang='lat' dir='ltr'><em>Dat.</em></span> <span class='ocrx_word' id='word_1_10' title='bbox 1945 769 2312 853; x_wconf 86' lang='lat' dir='ltr'><em>Avinione,</em></span> <span class='ocrx_word' id='word_1_11' title='bbox 2360 769 2570 835; x_wconf 80' lang='lat' dir='ltr'>XIIII</span> <span class='ocrx_word' id='word_1_12' title='bbox 2618 769 2726 834; x_wconf 90' lang='lat' dir='ltr'><em>Kl.</em></span> <span class='ocrx_word' id='word_1_13' title='bbox 2775 771 3058 856; x_wconf 81' lang='lat' dir='ltr'>Aprilis,</span> <span class='ocrx_word' id='word_1_14' title='bbox 3107 792 3279 836; x_wconf 87' lang='lat' dir='ltr'><em>anno</em></span> <span class='ocrx_word' id='word_1_15' title='bbox 3328 772 3577 858; x_wconf 86' lang='lat' dir='ltr'><em>quinto.</em></span> 
     </span>
     <span class='ocr_line' id='line_1_3' title="bbox 934 902 1680 968; baseline 0.004 -15"><span class='ocrx_word' id='word_1_16' title='bbox 934 905 1054 968; x_wconf 57' lang='grc' dir='ltr'><em>περ.</em></span> <span class='ocrx_word' id='word_1_17' title='bbox 1097 905 1191 954; x_wconf 67' lang='lat' dir='ltr'><em>Ao.</em></span> <span class='ocrx_word' id='word_1_18' title='bbox 1237 906 1291 954; x_wconf 81' lang='lat' dir='ltr'><em>r.</em></span> <span class='ocrx_word' id='word_1_19' title='bbox 1325 903 1416 963; x_wconf 79' lang='lat'><em>27,</em></span> <span class='ocrx_word' id='word_1_20' title='bbox 1444 905 1502 968; x_wconf 82' lang='lat' dir='ltr'><em>s.</em></span> <span class='ocrx_word' id='word_1_21' title='bbox 1540 902 1680 956; x_wconf 72' lang='lat'><em>1000.</em></span> 
     </span>
    </p>
   </div>
   <div class='ocr_carea' id='block_1_3' title="bbox 669 1030 2338 1098">
    <p class='ocr_par' dir='ltr' id='par_1_3' title="bbox 669 1030 2338 1098">
     <span class='ocr_line' id='line_1_4' title="bbox 669 1030 2338 1098; baseline -0.001 -15"><span class='ocrx_word' id='word_1_22' title='bbox 669 1031 727 1097; x_wconf 80' lang='lat'><em>1)</em></span> <span class='ocrx_word' id='word_1_23' title='bbox 763 1032 840 1083; x_wconf 83' lang='lat' dir='ltr'><em>St.</em></span> <span class='ocrx_word' id='word_1_24' title='bbox 878 1030 1401 1098; x_wconf 74' lang='lat' dir='ltr'><em>Margariete-polder</em></span> <span class='ocrx_word' id='word_1_25' title='bbox 1434 1031 1516 1082; x_wconf 90' lang='lat' dir='ltr'><em>vel</em></span> <span class='ocrx_word' id='word_1_26' title='bbox 1552 1030 1629 1082; x_wconf 87' lang='lat' dir='ltr'><em>St.</em></span> <span class='ocrx_word' id='word_1_27' title='bbox 1666 1030 1948 1098; x_wconf 73' lang='lat' dir='ltr'><em>Margriete</em></span> <span class='ocrx_word' id='word_1_28' title='bbox 1982 1033 2040 1083; x_wconf 86' lang='lat' dir='ltr'><em>in</em></span> <span class='ocrx_word' id='word_1_29' title='bbox 2075 1031 2338 1082; x_wconf 82' lang='lat' dir='ltr'><em>Zelandia.</em></span> 
     </span>
    </p>
   </div>
   <div class='ocr_carea' id='block_1_4' title="bbox 519 1467 2581 1552">
    <p class='ocr_par' dir='ltr' id='par_1_4' title="bbox 519 1467 2581 1552">
     <span class='ocr_line' id='line_1_5' title="bbox 519 1467 2581 1552; baseline 0.001 -18"><span class='ocrx_word' id='word_1_30' title='bbox 519 1468 712 1534; x_wconf 86' lang='grc'><strong>2218.</strong></span> <span class='ocrx_word' id='word_1_31' title='bbox 1514 1470 1723 1551; x_wconf 88' lang='grc'><em>1375,</em></span> <span class='ocrx_word' id='word_1_32' title='bbox 1770 1467 2009 1534; x_wconf 83' lang='lat' dir='ltr'><em>Martii</em></span> <span class='ocrx_word' id='word_1_33' title='bbox 2052 1472 2168 1552; x_wconf 85' lang='lat'><em>23,</em></span> <span class='ocrx_word' id='word_1_34' title='bbox 2219 1471 2581 1537; x_wconf 85' lang='lat' dir='ltr'><em>Avenionis.</em></span> 
     </span>
    </p>
   </div>
   <div class='ocr_carea' id='block_1_5' title="bbox 749 1622 3601 2252">
    <p class='ocr_par' dir='ltr' id='par_1_5' title="bbox 749 1622 3601 2252">
     <span class='ocr_line' id='line_1_6' title="bbox 846 1622 3591 1712; baseline 0 -24"><span class='ocrx_word' id='word_1_35' title='bbox 846 1623 1224 1688; x_wconf 75' lang='lat' dir='ltr'><em>Theoderico</em></span> <span class='ocrx_word' id='word_1_36' title='bbox 1256 1624 1333 1687; x_wconf 87' lang='lat' dir='ltr'><em>de</em></span> <span class='ocrx_word' id='word_1_37' title='bbox 1366 1622 1459 1708; x_wconf 78' lang='lat' dir='ltr'><em>oy</em></span> <span class='ocrx_word' id='word_1_38' title='bbox 1486 1625 1537 1706; x_wconf 90' lang='lat'><em>¹)</em></span> <span class='ocrx_word' id='word_1_39' title='bbox 1576 1623 1889 1688; x_wconf 82' lang='lat' dir='ltr'><em>licentiato</em></span> <span class='ocrx_word' id='word_1_40' title='bbox 1921 1625 1991 1687; x_wconf 85' lang='lat' dir='ltr'><em>in</em></span> <span class='ocrx_word' id='word_1_41' title='bbox 2024 1623 2260 1709; x_wconf 73' lang='lat' dir='ltr'><em>leqibus</em></span> <span class='ocrx_word' id='word_1_42' title='bbox 2291 1625 2709 1707; x_wconf 78' lang='lat' dir='ltr'><em>conferuntur</em></span> <span class='ocrx_word' id='word_1_43' title='bbox 2740 1629 3174 1708; x_wconf 80' lang='lat' dir='ltr'><em>canonicatus,</em></span> <span class='ocrx_word' id='word_1_44' title='bbox 3198 1625 3591 1712; x_wconf 88' lang='lat' dir='ltr'><em>praebenda,</em></span> 
     </span>
     <span class='ocr_line' id='line_1_7' title="bbox 749 1729 3596 1817; baseline 0.001 -24"><span class='ocrx_word' id='word_1_45' title='bbox 749 1731 1251 1815; x_wconf 78' lang='lat' dir='ltr'><em>supplementum</em></span> <span class='ocrx_word' id='word_1_46' title='bbox 1315 1730 1599 1793; x_wconf 82' lang='lat' dir='ltr'><em>ecclesiae</em></span> <span class='ocrx_word' id='word_1_47' title='bbox 1670 1729 2091 1812; x_wconf 82' lang='lat' dir='ltr'><em>Trajectensis</em></span> <span class='ocrx_word' id='word_1_48' title='bbox 2152 1751 2390 1795; x_wconf 79' lang='lat' dir='ltr'><em>necnon</em></span> <span class='ocrx_word' id='word_1_49' title='bbox 2433 1735 2893 1817; x_wconf 79' lang='lat' dir='ltr'><em>praepositura</em></span> <span class='ocrx_word' id='word_1_50' title='bbox 2939 1740 2998 1797; x_wconf 86' lang='lat' dir='ltr'><em>et</em></span> <span class='ocrx_word' id='word_1_51' title='bbox 3042 1731 3596 1797; x_wconf 74' lang='lat' dir='ltr'><em>archidiaconatus</em></span> 
     </span>
     <span class='ocr_line' id='line_1_8' title="bbox 750 1835 3595 1924; baseline 0.001 -24"><span class='ocrx_word' id='word_1_52' title='bbox 750 1835 1241 1919; x_wconf 70' lang='lat' dir='ltr'><em>ArnhemenseS,</em></span> <span class='ocrx_word' id='word_1_53' title='bbox 1314 1836 1414 1899; x_wconf 86' lang='lat' dir='ltr'><em>die</em></span> <span class='ocrx_word' id='word_1_54' title='bbox 1480 1837 1569 1899; x_wconf 84' lang='lat'><em>25</em></span> <span class='ocrx_word' id='word_1_55' title='bbox 1642 1836 1801 1900; x_wconf 86' lang='lat' dir='ltr'><em>Nov.</em></span> <span class='ocrx_word' id='word_1_56' title='bbox 1867 1856 1972 1899; x_wconf 84' lang='lat' dir='ltr'><em>an.</em></span> <span class='ocrx_word' id='word_1_57' title='bbox 2040 1837 2213 1900; x_wconf 76' lang='lat'><strong><em>1374</em></strong></span> <span class='ocrx_word' id='word_1_58' title='bbox 2277 1836 2676 1922; x_wconf 78' lang='lat' dir='ltr'><em>dispositioni</em></span> <span class='ocrx_word' id='word_1_59' title='bbox 2734 1839 2897 1902; x_wconf 85' lang='lat' dir='ltr'><em>sedis</em></span> <span class='ocrx_word' id='word_1_60' title='bbox 2957 1839 3338 1924; x_wconf 81' lang='lat' dir='ltr'><em>apostolicae</em></span> <span class='ocrx_word' id='word_1_61' title='bbox 3398 1859 3595 1903; x_wconf 87' lang='lat' dir='ltr'><em>reser-</em></span> 
     </span>
     <span class='ocr_line' id='line_1_9' title="bbox 760 1941 3598 2030; baseline 0.001 -24"><span class='ocrx_word' id='word_1_62' title='bbox 760 1945 894 2007; x_wconf 86' lang='lat' dir='ltr'><em>vati</em></span> <span class='ocrx_word' id='word_1_63' title='bbox 937 1951 996 2007; x_wconf 91' lang='lat' dir='ltr'><em>et</em></span> <span class='ocrx_word' id='word_1_64' title='bbox 1041 1964 1209 2008; x_wconf 88' lang='lat' dir='ltr'><em>nunc</em></span> <span class='ocrx_word' id='word_1_65' title='bbox 1253 1950 1543 2007; x_wconf 87' lang='lat' dir='ltr'><em>vacantes</em></span> <span class='ocrx_word' id='word_1_66' title='bbox 1576 1963 1701 2027; x_wconf 89' lang='lat' dir='ltr'><em>per</em></span> <span class='ocrx_word' id='word_1_67' title='bbox 1747 1941 1980 2024; x_wconf 84' lang='lat' dir='ltr'><em>obitum</em></span> <span class='ocrx_word' id='word_1_68' title='bbox 2032 1943 2312 2007; x_wconf 82' lang='lat' dir='ltr'><em>Gerardi</em></span> <span class='ocrx_word' id='word_1_69' title='bbox 2355 1945 2432 2008; x_wconf 91' lang='lat' dir='ltr'><em>de</em></span> <span class='ocrx_word' id='word_1_70' title='bbox 2492 1945 2696 2028; x_wconf 88' lang='lat' dir='ltr'><em>Veno,</em></span> <span class='ocrx_word' id='word_1_71' title='bbox 2760 1967 2964 2030; x_wconf 85' lang='lat' dir='ltr'><em>nuper</em></span> <span class='ocrx_word' id='word_1_72' title='bbox 3011 1948 3078 2009; x_wconf 88' lang='lat' dir='ltr'><em>in</em></span> <span class='ocrx_word' id='word_1_73' title='bbox 3114 1946 3418 2030; x_wconf 87' lang='lat' dir='ltr'><em>partibus</em></span> <span class='ocrx_word' id='word_1_74' title='bbox 3463 1945 3598 2009; x_wconf 85' lang='lat' dir='ltr'><em>illis</em></span> 
     </span>
     <span class='ocr_line' id='line_1_10' title="bbox 751 2048 3601 2137; baseline 0.001 -25"><span class='ocrx_word' id='word_1_75' title='bbox 751 2048 1040 2132; x_wconf 78' lang='lat' dir='ltr'><em>defuncti</em></span> <span class='ocrx_word' id='word_1_76' title='bbox 1053 2073 1076 2125; x_wconf 92' lang='lat'><em>,·</em></span> <span class='ocrx_word' id='word_1_77' title='bbox 1124 2070 1286 2135; x_wconf 83' lang='lat' dir='ltr'><em>quae</em></span> <span class='ocrx_word' id='word_1_78' title='bbox 1335 2057 1541 2113; x_wconf 84' lang='lat' dir='ltr'><em>tamen</em></span> <span class='ocrx_word' id='word_1_79' title='bbox 1587 2048 1881 2130; x_wconf 82' lang='lat' dir='ltr'><em>beneficia</em></span> <span class='ocrx_word' id='word_1_80' title='bbox 1919 2070 2060 2113; x_wconf 88' lang='lat' dir='ltr'><em>cum</em></span> <span class='ocrx_word' id='word_1_81' title='bbox 2104 2049 2475 2132; x_wconf 83' lang='lat' dir='ltr'><em>obtinuerit,</em></span> <span class='ocrx_word' id='word_1_82' title='bbox 2524 2053 2838 2116; x_wconf 86' lang='lat' dir='ltr'><em>ecclesiam</em></span> <span class='ocrx_word' id='word_1_83' title='bbox 2859 2051 3298 2137; x_wconf 80' lang='lat' dir='ltr'><em>parochialem</em></span> <span class='ocrx_word' id='word_1_84' title='bbox 3329 2052 3601 2137; x_wconf 74' lang='lat' dir='ltr'><em>queris</em></span> 
     </span>
     <span class='ocr_line' id='line_1_11' title="bbox 763 2154 3520 2252; baseline 0.001 -33"><span class='ocrx_word' id='word_1_85' title='bbox 763 2154 831 2219; x_wconf 80' lang='lat' dir='ltr'><em>S.</em></span> <span class='ocrx_word' id='word_1_86' title='bbox 880 2155 1163 2220; x_wconf 87' lang='lat' dir='ltr'><em>Martini</em></span> <span class='ocrx_word' id='word_1_87' title='bbox 1183 2158 1238 2239; x_wconf 74' lang='grc'><em>2)</em></span> <span class='ocrx_word' id='word_1_88' title='bbox 1294 2155 1474 2237; x_wconf 86' lang='lat' dir='ltr'><em>Traj.</em></span> <span class='ocrx_word' id='word_1_89' title='bbox 1524 2157 1711 2220; x_wconf 87' lang='lat' dir='ltr'><em>dioec.</em></span> <span class='ocrx_word' id='word_1_90' title='bbox 1732 2204 1750 2237; x_wconf 91' lang='lat'><em>,</em></span> <span class='ocrx_word' id='word_1_91' title='bbox 1796 2176 1989 2241; x_wconf 86' lang='lat' dir='ltr'><em>super</em></span> <span class='ocrx_word' id='word_1_92' title='bbox 2037 2177 2167 2252; x_wconf 76' lang='lat' dir='ltr'><em>qua</em></span> <span class='ocrx_word' id='word_1_93' title='bbox 2212 2159 2282 2221; x_wconf 88' lang='lat' dir='ltr'><em>in</em></span> <span class='ocrx_word' id='word_1_94' title='bbox 2327 2161 2509 2222; x_wconf 86' lang='lat' dir='ltr'><em>curia</em></span> <span class='ocrx_word' id='word_1_95' title='bbox 2559 2159 2771 2244; x_wconf 76' lang='lat' dir='ltr'><em>litiyat</em></span> <span class='ocrx_word' id='word_1_96' title='bbox 2791 2159 2878 2242; x_wconf 81' lang='lat'><em>3),</em></span> <span class='ocrx_word' id='word_1_97' title='bbox 2925 2160 3173 2223; x_wconf 84' lang='lat' dir='ltr'><em>omnino</em></span> <span class='ocrx_word' id='word_1_98' title='bbox 3219 2158 3520 2223; x_wconf 83' lang='lat' dir='ltr'><em>dimittat.</em></span> 
     </span>
    </p>
   </div>
   <div class='ocr_carea' id='block_1_6' title="bbox 759 2340 3606 2428">
    <p class='ocr_par' dir='ltr' id='par_1_6' title="bbox 759 2340 3606 2428">
     <span class='ocr_line' id='line_1_12' title="bbox 759 2340 3606 2428; baseline -0 -22"><span class='ocrx_word' id='word_1_99' title='bbox 759 2342 1162 2407; x_wconf 81' lang='lat' dir='ltr'><em>Litterarum</em></span> <span class='ocrx_word' id='word_1_100' title='bbox 1213 2343 1506 2407; x_wconf 88' lang='lat' dir='ltr'><em>scientia.</em></span> <span class='ocrx_word' id='word_1_101' title='bbox 1535 2389 1550 2405; x_wconf 98' lang='lat'><em>.</em></span> <span class='ocrx_word' id='word_1_102' title='bbox 1581 2389 1596 2406; x_wconf 89' lang='lat'><em>.</em></span> <span class='ocrx_word' id='word_1_103' title='bbox 1628 2389 1643 2406; x_wconf 89' lang='lat'><em>.</em></span> <span class='ocrx_word' id='word_1_104' title='bbox 1715 2341 1867 2406; x_wconf 88' lang='lat' dir='ltr'><em>Dat.</em></span> <span class='ocrx_word' id='word_1_105' title='bbox 1917 2340 2284 2422; x_wconf 86' lang='lat' dir='ltr'><em>Avinione,</em></span> <span class='ocrx_word' id='word_1_106' title='bbox 2332 2340 2399 2405; x_wconf 88' lang='lat' dir='ltr'>X</span> <span class='ocrx_word' id='word_1_107' title='bbox 2445 2340 2554 2405; x_wconf 90' lang='lat' dir='ltr'><em>Kl.</em></span> <span class='ocrx_word' id='word_1_108' title='bbox 2605 2341 2885 2428; x_wconf 87' lang='lat' dir='ltr'><em>Aprilis,</em></span> <span class='ocrx_word' id='word_1_109' title='bbox 2933 2341 3353 2426; x_wconf 86' lang='lat' dir='ltr'><em>pontificatus</em></span> <span class='ocrx_word' id='word_1_110' title='bbox 3398 2342 3606 2406; x_wconf 89' lang='lat' dir='ltr'><em>nostri</em></span> 
     </span>
    </p>
   </div>
   <div class='ocr_carea' id='block_1_7' title="bbox 536 2448 1629 2627">
    <p class='ocr_par' dir='ltr' id='par_1_7' title="bbox 536 2448 1629 2627">
     <span class='ocr_line' id='line_1_13' title="bbox 536 2448 1008 2534; baseline -0.004 -21"><span class='ocrx_word' id='word_1_111' title='bbox 536 2469 708 2513; x_wconf 87' lang='lat' dir='ltr'><em>anno</em></span> <span class='ocrx_word' id='word_1_112' title='bbox 758 2448 1008 2534; x_wconf 85' lang='lat' dir='ltr'><em>quinto.</em></span> 
     </span>
     <span class='ocr_line' id='line_1_14' title="bbox 944 2563 1629 2627; baseline 0.001 -15"><span class='ocrx_word' id='word_1_113' title='bbox 944 2565 1071 2627; x_wconf 68' lang='lat' dir='ltr'><em>Ray.</em></span> <span class='ocrx_word' id='word_1_114' title='bbox 1107 2566 1204 2614; x_wconf 73' lang='lat' dir='ltr'><em>Ao.</em></span> <span class='ocrx_word' id='word_1_115' title='bbox 1250 2567 1303 2613; x_wconf 74' lang='lat' dir='ltr'><em>T.</em></span> <span class='ocrx_word' id='word_1_116' title='bbox 1338 2563 1426 2622; x_wconf 74' lang='lat'><em>27,</em></span> <span class='ocrx_word' id='word_1_117' title='bbox 1454 2566 1513 2627; x_wconf 87' lang='lat' dir='ltr'><em>s.</em></span> <span class='ocrx_word' id='word_1_118' title='bbox 1548 2563 1629 2614; x_wconf 77' lang='grc'><em>84.</em></span> 
     </span>
    </p>
   </div>
   <div class='ocr_carea' id='block_1_8' title="bbox 681 2680 3617 2756">
    <p class='ocr_par' dir='ltr' id='par_1_8' title="bbox 681 2680 3617 2756">
     <span class='ocr_line' id='line_1_15' title="bbox 681 2680 3617 2756; baseline 0.001 -16"><span class='ocrx_word' id='word_1_119' title='bbox 681 2690 738 2751; x_wconf 77' lang='grc'><em>1)</em></span> <span class='ocrx_word' id='word_1_120' title='bbox 776 2689 920 2756; x_wconf 73' lang='lat' dir='ltr'><em>Oyen</em></span> <span class='ocrx_word' id='word_1_121' title='bbox 958 2705 1125 2755; x_wconf 77' lang='lat' dir='ltr'><em>pagus</em></span> <span class='ocrx_word' id='word_1_122' title='bbox 1160 2692 1216 2741; x_wconf 85' lang='lat' dir='ltr'><em>in</em></span> <span class='ocrx_word' id='word_1_123' title='bbox 1253 2690 1445 2742; x_wconf 85' lang='lat' dir='ltr'><em>Gelria.</em></span> <span class='ocrx_word' id='word_1_124' title='bbox 1646 2680 1714 2755; x_wconf 60' lang='lat'><em>2)</em></span> <span class='ocrx_word' id='word_1_125' title='bbox 1739 2690 2272 2756; x_wconf 73' lang='lat' dir='ltr'><em>Sint-Maartensdijk</em></span> <span class='ocrx_word' id='word_1_126' title='bbox 2306 2690 2363 2740; x_wconf 87' lang='lat' dir='ltr'><em>in</em></span> <span class='ocrx_word' id='word_1_127' title='bbox 2401 2689 2662 2740; x_wconf 80' lang='lat' dir='ltr'><em>Zelandia.</em></span> <span class='ocrx_word' id='word_1_128' title='bbox 2860 2690 2918 2754; x_wconf 87' lang='lat'><em>3)</em></span> <span class='ocrx_word' id='word_1_129' title='bbox 2954 2688 3062 2742; x_wconf 80' lang='lat' dir='ltr'><em>Cfr.</em></span> <span class='ocrx_word' id='word_1_130' title='bbox 3095 2704 3258 2754; x_wconf 83' lang='lat' dir='ltr'><em>supra</em></span> <span class='ocrx_word' id='word_1_131' title='bbox 3292 2705 3442 2742; x_wconf 90' lang='lat' dir='ltr'><em>num.</em></span> <span class='ocrx_word' id='word_1_132' title='bbox 3467 2690 3617 2742; x_wconf 74' lang='lat'><em>2165.</em></span> 
     </span>
    </p>
   </div>
   <div class='ocr_carea' id='block_1_9' title="bbox 532 3121 2599 3210">
    <p class='ocr_par' dir='ltr' id='par_1_9' title="bbox 532 3121 2599 3210">
     <span class='ocr_line' id='line_1_16' title="bbox 532 3121 2599 3210; baseline -0 -21"><span class='ocrx_word' id='word_1_133' title='bbox 532 3121 726 3189; x_wconf 78' lang='grc'><strong>2219.</strong></span> <span class='ocrx_word' id='word_1_134' title='bbox 1537 3125 1752 3207; x_wconf 87' lang='grc'><em>1375,</em></span> <span class='ocrx_word' id='word_1_135' title='bbox 1801 3125 2061 3210; x_wconf 77' lang='lat' dir='ltr'><em>Aprilis</em></span> <span class='ocrx_word' id='word_1_136' title='bbox 2107 3127 2186 3207; x_wconf 90' lang='lat'><em>9,</em></span> <span class='ocrx_word' id='word_1_137' title='bbox 2235 3125 2599 3189; x_wconf 85' lang='lat' dir='ltr'><em>Avenionis.</em></span> 
     </span>
    </p>
   </div>
   <div class='ocr_carea' id='block_1_10' title="bbox 755 3276 3604 3471">
    <p class='ocr_par' dir='ltr' id='par_1_10' title="bbox 755 3276 3604 3471">
     <span class='ocr_line' id='line_1_17' title="bbox 846 3276 3604 3374; baseline 0.001 -34"><span class='ocrx_word' id='word_1_138' title='bbox 846 3276 1161 3341; x_wconf 84' lang='lat' dir='ltr'><em>Robertus</em></span> <span class='ocrx_word' id='word_1_139' title='bbox 1207 3276 1493 3341; x_wconf 83' lang='lat' dir='ltr'><em>abbatiae</em></span> <span class='ocrx_word' id='word_1_140' title='bbox 1539 3277 1850 3343; x_wconf 87' lang='lat' dir='ltr'><em>Bernensi</em></span> <span class='ocrx_word' id='word_1_141' title='bbox 1881 3278 2268 3363; x_wconf 84' lang='lat' dir='ltr'><em>praeficitur</em></span> <span class='ocrx_word' id='word_1_142' title='bbox 2313 3281 2383 3343; x_wconf 85' lang='lat' dir='ltr'><em>in</em></span> <span class='ocrx_word' id='word_1_143' title='bbox 2429 3277 2729 3342; x_wconf 84' lang='lat' dir='ltr'><em>abbatem.</em></span> <span class='ocrx_word' id='word_1_144' title='bbox 2781 3314 2880 3374; x_wconf 22' lang='grc' dir='ltr'><em>-Ο</em></span> <span class='ocrx_word' id='word_1_145' title='bbox 2916 3277 3114 3361; x_wconf 79' lang='lat' dir='ltr'><em>Cujus</em></span> <span class='ocrx_word' id='word_1_146' title='bbox 3159 3278 3604 3343; x_wconf 82' lang='lat' dir='ltr'><em>nominationis</em></span> 
     </span>
     <span class='ocr_line' id='line_1_18' title="bbox 755 3383 3015 3471; baseline 0.001 -24"><span class='ocrx_word' id='word_1_147' title='bbox 755 3390 1091 3448; x_wconf 86' lang='lat' dir='ltr'><em>conventus</em></span> <span class='ocrx_word' id='word_1_148' title='bbox 1138 3390 1197 3447; x_wconf 81' lang='lat' dir='ltr'><em>et</em></span> <span class='ocrx_word' id='word_1_149' title='bbox 1244 3383 1641 3470; x_wconf 81' lang='lat' dir='ltr'><em>(Arnoldus)</em></span> <span class='ocrx_word' id='word_1_150' title='bbox 1687 3387 2011 3471; x_wconf 86' lang='lat' dir='ltr'><em>episcopus</em></span> <span class='ocrx_word' id='word_1_151' title='bbox 2066 3385 2248 3470; x_wconf 84' lang='lat' dir='ltr'><em>Traj.</em></span> <span class='ocrx_word' id='word_1_152' title='bbox 2298 3389 2588 3450; x_wconf 81' lang='lat' dir='ltr'><em>certiores</em></span> <span class='ocrx_word' id='word_1_153' title='bbox 2635 3384 3015 3449; x_wconf 87' lang='lat' dir='ltr'><em>redduntur.</em></span> 
     </span>
    </p>
   </div>
   <div class='ocr_carea' id='block_1_11' title="bbox 524 3567 3607 5784">
    <p class='ocr_par' dir='ltr' id='par_1_11' title="bbox 532 3567 3603 3759">
     <span class='ocr_line' id='line_1_19' title="bbox 755 3567 3603 3652; baseline 0.001 -20"><span class='ocrx_word' id='word_1_154' title='bbox 755 3567 1016 3634; x_wconf 91' lang='lat' dir='ltr'><em>Dilecto</em></span> <span class='ocrx_word' id='word_1_155' title='bbox 1063 3568 1198 3632; x_wconf 87' lang='lat' dir='ltr'><em>filio</em></span> <span class='ocrx_word' id='word_1_156' title='bbox 1247 3569 1543 3634; x_wconf 87' lang='lat' dir='ltr'><em>Roberto</em></span> <span class='ocrx_word' id='word_1_157' title='bbox 1591 3569 1816 3634; x_wconf 85' lang='lat' dir='ltr'><em>abbati</em></span> <span class='ocrx_word' id='word_1_158' title='bbox 1862 3569 2242 3634; x_wconf 90' lang='lat' dir='ltr'><em>monasterii</em></span> <span class='ocrx_word' id='word_1_159' title='bbox 2273 3569 2629 3635; x_wconf 88' lang='lat' dir='ltr'><em>Bernensis</em></span> <span class='ocrx_word' id='word_1_160' title='bbox 2662 3569 3294 3635; x_wconf 89' lang='lat' dir='ltr'><em>Premonstratensis</em></span> <span class='ocrx_word' id='word_1_161' title='bbox 3327 3569 3603 3652; x_wconf 79' lang='lat' dir='ltr'><em>ordinis,</em></span> 
     </span>
     <span class='ocr_line' id='line_1_20' title="bbox 532 3674 1820 3759; baseline 0 -21"><span class='ocrx_word' id='word_1_162' title='bbox 532 3674 973 3759; x_wconf 83' lang='lat' dir='ltr'><em>Trajectensis</em></span> <span class='ocrx_word' id='word_1_163' title='bbox 1019 3674 1335 3757; x_wconf 89' lang='lat' dir='ltr'><em>diocesis,</em></span> <span class='ocrx_word' id='word_1_164' title='bbox 1385 3676 1665 3740; x_wconf 90' lang='lat' dir='ltr'><em>salutem</em></span> <span class='ocrx_word' id='word_1_165' title='bbox 1712 3683 1820 3740; x_wconf 84' lang='lat' dir='ltr'><em>etc.</em></span> 
     </span>
    </p>

    <p class='ocr_par' dir='ltr' id='par_1_12' title="bbox 524 3779 3607 5784">
     <span class='ocr_line' id='line_1_21' title="bbox 753 3779 3607 3869; baseline -0 -23"><span class='ocrx_word' id='word_1_166' title='bbox 753 3780 1141 3867; x_wconf 85' lang='lat' dir='ltr'><em>Apostolice</em></span> <span class='ocrx_word' id='word_1_167' title='bbox 1190 3779 1627 3845; x_wconf 80' lang='lat' dir='ltr'><em>solicitudinis</em></span> <span class='ocrx_word' id='word_1_168' title='bbox 1676 3781 1968 3847; x_wconf 88' lang='lat' dir='ltr'><em>studium</em></span> <span class='ocrx_word' id='word_1_169' title='bbox 2018 3783 2190 3847; x_wconf 87' lang='lat' dir='ltr'><em>circa</em></span> <span class='ocrx_word' id='word_1_170' title='bbox 2237 3781 2527 3865; x_wconf 87' lang='lat' dir='ltr'><em>diversa,</em></span> <span class='ocrx_word' id='word_1_171' title='bbox 2590 3803 2718 3869; x_wconf 91' lang='lat' dir='ltr'><em>que</em></span> <span class='ocrx_word' id='word_1_172' title='bbox 2765 3780 3024 3868; x_wconf 82' lang='lat' dir='ltr'><em>agenda</em></span> <span class='ocrx_word' id='word_1_173' title='bbox 3068 3782 3310 3846; x_wconf 88' lang='lat' dir='ltr'><em>nostris</em></span> <span class='ocrx_word' id='word_1_174' title='bbox 3356 3782 3607 3846; x_wconf 90' lang='lat' dir='ltr'><em>incum-</em></span> 
     </span>
     <span class='ocr_line' id='line_1_22' title="bbox 530 3886 3603 3975; baseline 0 -23"><span class='ocrx_word' id='word_1_175' title='bbox 530 3887 696 3952; x_wconf 92' lang='lat' dir='ltr'><em>bunt</em></span> <span class='ocrx_word' id='word_1_176' title='bbox 763 3886 1089 3971; x_wconf 87' lang='lat' dir='ltr'><em>humeris,</em></span> <span class='ocrx_word' id='word_1_177' title='bbox 1163 3894 1264 3953; x_wconf 88' lang='lat' dir='ltr'><em>est</em></span> <span class='ocrx_word' id='word_1_178' title='bbox 1334 3888 1498 3952; x_wconf 90' lang='lat' dir='ltr'><em>illud</em></span> <span class='ocrx_word' id='word_1_179' title='bbox 1560 3888 2008 3975; x_wconf 85' lang='lat' dir='ltr'><em>potissimum,</em></span> <span class='ocrx_word' id='word_1_180' title='bbox 2074 3896 2150 3952; x_wconf 89' lang='lat' dir='ltr'><em>ut</em></span> <span class='ocrx_word' id='word_1_181' title='bbox 2213 3890 2383 3954; x_wconf 89' lang='lat' dir='ltr'><em>circa</em></span> <span class='ocrx_word' id='word_1_182' title='bbox 2446 3889 2865 3954; x_wconf 88' lang='lat' dir='ltr'><em>ecclesiarum</em></span> <span class='ocrx_word' id='word_1_183' title='bbox 2931 3893 3000 3953; x_wconf 89' lang='lat' dir='ltr'><em>et</em></span> <span class='ocrx_word' id='word_1_184' title='bbox 3057 3888 3603 3952; x_wconf 79' lang='lat' dir='ltr'><em>monasteriorum</em></span> 
     </span>
     <span class='ocr_line' id='line_1_23' title="bbox 532 3994 3603 4082; baseline 0.001 -25"><span class='ocrx_word' id='word_1_185' title='bbox 532 3994 819 4058; x_wconf 88' lang='lat' dir='ltr'><em>omnium</em></span> <span class='ocrx_word' id='word_1_186' title='bbox 890 4000 1134 4059; x_wconf 89' lang='lat' dir='ltr'><em>statum</em></span> <span class='ocrx_word' id='word_1_187' title='bbox 1198 4002 1264 4059; x_wconf 89' lang='lat' dir='ltr'><em>et</em></span> <span class='ocrx_word' id='word_1_188' title='bbox 1313 3995 1573 4060; x_wconf 91' lang='lat' dir='ltr'><em>illorum</em></span> <span class='ocrx_word' id='word_1_189' title='bbox 1618 3996 1935 4079; x_wconf 83' lang='lat' dir='ltr'><em>maxime,</em></span> <span class='ocrx_word' id='word_1_190' title='bbox 1983 4017 2111 4082; x_wconf 88' lang='lat' dir='ltr'><em>que</em></span> <span class='ocrx_word' id='word_1_191' title='bbox 2157 3995 2314 4060; x_wconf 75' lang='lat' dir='ltr'><em>su&#39;nt</em></span> <span class='ocrx_word' id='word_1_192' title='bbox 2358 4003 2694 4082; x_wconf 86' lang='lat' dir='ltr'><em>pastorum</em></span> <span class='ocrx_word' id='word_1_193' title='bbox 2740 3994 3058 4080; x_wconf 84' lang='lat' dir='ltr'><em>regimine</em></span> <span class='ocrx_word' id='word_1_194' title='bbox 3107 3994 3453 4077; x_wconf 89' lang='lat' dir='ltr'><em>destituta,</em></span> <span class='ocrx_word' id='word_1_195' title='bbox 3511 3995 3603 4060; x_wconf 88' lang='lat' dir='ltr'><em>sic</em></span> 
     </span>
     <span class='ocr_line' id='line_1_24' title="bbox 534 4099 3601 4188; baseline 0 -23"><span class='ocrx_word' id='word_1_196' title='bbox 534 4100 790 4166; x_wconf 89' lang='lat' dir='ltr'><em>solicita</em></span> <span class='ocrx_word' id='word_1_197' title='bbox 835 4100 1187 4188; x_wconf 80' lang='lat' dir='ltr'><em>diligencia</em></span> <span class='ocrx_word' id='word_1_198' title='bbox 1232 4101 1683 4185; x_wconf 87' lang='lat' dir='ltr'><em>intendamus,</em></span> <span class='ocrx_word' id='word_1_199' title='bbox 1734 4102 1908 4188; x_wconf 90' lang='lat' dir='ltr'><em>quod</em></span> <span class='ocrx_word' id='word_1_200' title='bbox 1957 4104 2233 4168; x_wconf 80' lang='lat' dir='ltr'><em>ecclesie</em></span> <span class='ocrx_word' id='word_1_201' title='bbox 2282 4109 2350 4168; x_wconf 87' lang='lat' dir='ltr'><em>et</em></span> <span class='ocrx_word' id='word_1_202' title='bbox 2396 4103 2791 4167; x_wconf 87' lang='lat' dir='ltr'><em>monasteria</em></span> <span class='ocrx_word' id='word_1_203' title='bbox 2838 4099 3070 4167; x_wconf 88' lang='lat' dir='ltr'><em>eadem</em></span> <span class='ocrx_word' id='word_1_204' title='bbox 3109 4106 3333 4166; x_wconf 89' lang='lat' dir='ltr'><em>nostre</em></span> <span class='ocrx_word' id='word_1_205' title='bbox 3373 4122 3601 4188; x_wconf 90' lang='lat' dir='ltr'><em>opera-</em></span> 
     </span>
     <span class='ocr_line' id='line_1_25' title="bbox 532 4207 3603 4295; baseline -0 -22"><span class='ocrx_word' id='word_1_206' title='bbox 532 4208 734 4273; x_wconf 90' lang='lat' dir='ltr'><em>cionis</em></span> <span class='ocrx_word' id='word_1_207' title='bbox 791 4207 1049 4291; x_wconf 86' lang='lat' dir='ltr'><em>studi0,</em></span> <span class='ocrx_word' id='word_1_208' title='bbox 1098 4210 1363 4295; x_wconf 86' lang='lat' dir='ltr'><em>superni</em></span> <span class='ocrx_word' id='word_1_209' title='bbox 1411 4208 1652 4273; x_wconf 86' lang='lat' dir='ltr'><em>favoris</em></span> <span class='ocrx_word' id='word_1_210' title='bbox 1700 4210 1947 4274; x_wconf 84' lang='lat' dir='ltr'><em>auxilio</em></span> <span class='ocrx_word' id='word_1_211' title='bbox 1997 4209 2432 4294; x_wconf 82' lang='lat' dir='ltr'><em>suffragante,</em></span> <span class='ocrx_word' id='word_1_212' title='bbox 2481 4215 2944 4295; x_wconf 89' lang='lat' dir='ltr'><em>preserventur</em></span> <span class='ocrx_word' id='word_1_213' title='bbox 2989 4228 3029 4272; x_wconf 85' lang='lat' dir='ltr'><em>a</em></span> <span class='ocrx_word' id='word_1_214' title='bbox 3074 4208 3292 4272; x_wconf 82' lang='lat' dir='ltr'><em>noxiis</em></span> <span class='ocrx_word' id='word_1_215' title='bbox 3340 4215 3407 4273; x_wconf 91' lang='lat' dir='ltr'><em>et</em></span> <span class='ocrx_word' id='word_1_216' title='bbox 3453 4229 3603 4295; x_wconf 90' lang='lat' dir='ltr'><em>pro·</em></span> 
     </span>
     <span class='ocr_line' id='line_1_26' title="bbox 539 4314 3604 4403; baseline -0 -23"><span class='ocrx_word' id='word_1_217' title='bbox 539 4316 869 4403; x_wconf 89' lang='lat' dir='ltr'><em>speritatis</em></span> <span class='ocrx_word' id='word_1_218' title='bbox 919 4317 1137 4382; x_wconf 83' lang='lat' dir='ltr'><em>votive</em></span> <span class='ocrx_word' id='word_1_219' title='bbox 1185 4316 1594 4381; x_wconf 85' lang='lat' dir='ltr'><em>successibus</em></span> <span class='ocrx_word' id='word_1_220' title='bbox 1641 4317 2075 4402; x_wconf 82' lang='lat' dir='ltr'><em>gratulentur.</em></span> <span class='ocrx_word' id='word_1_221' title='bbox 2168 4315 2434 4381; x_wconf 90' lang='lat' dir='ltr'><em>Dudum</em></span> <span class='ocrx_word' id='word_1_222' title='bbox 2484 4314 2806 4402; x_wconf 89' lang='lat' dir='ltr'><em>siquidem</em></span> <span class='ocrx_word' id='word_1_223' title='bbox 2853 4315 3249 4380; x_wconf 88' lang='lat' dir='ltr'><em>monasterio</em></span> <span class='ocrx_word' id='word_1_224' title='bbox 3281 4315 3604 4380; x_wconf 89' lang='lat' dir='ltr'><em>Bernensi</em></span> 
     </span>
     <span class='ocr_line' id='line_1_27' title="bbox 530 4419 3600 4507; baseline -0 -21"><span class='ocrx_word' id='word_1_225' title='bbox 530 4421 1162 4487; x_wconf 89' lang='lat' dir='ltr'><em>Premonstratensis</em></span> <span class='ocrx_word' id='word_1_226' title='bbox 1211 4422 1457 4487; x_wconf 92' lang='lat' dir='ltr'><em>ordinis</em></span> <span class='ocrx_word' id='word_1_227' title='bbox 1491 4421 1933 4507; x_wconf 82' lang='lat' dir='ltr'><em>Trajectensis</em></span> <span class='ocrx_word' id='word_1_228' title='bbox 1966 4421 2243 4487; x_wconf 90' lang='lat' dir='ltr'><em>diocesis</em></span> <span class='ocrx_word' id='word_1_229' title='bbox 2275 4441 2393 4507; x_wconf 91' lang='lat' dir='ltr'><em>per</em></span> <span class='ocrx_word' id='word_1_230' title='bbox 2428 4421 2681 4485; x_wconf 90' lang='lat' dir='ltr'><em>obitum</em></span> <span class='ocrx_word' id='word_1_231' title='bbox 2715 4419 3044 4506; x_wconf 84' lang='lat' dir='ltr'><em>quondam</em></span> <span class='ocrx_word' id='word_1_232' title='bbox 3079 4419 3363 4486; x_wconf 83' lang='lat' dir='ltr'><em>Conradi</em></span> <span class='ocrx_word' id='word_1_233' title='bbox 3395 4421 3600 4507; x_wconf 91' lang='lat' dir='ltr'><em>ipsius</em></span> 
     </span>
     <span class='ocr_line' id='line_1_28' title="bbox 525 4527 3600 4615; baseline 0 -23"><span class='ocrx_word' id='word_1_234' title='bbox 525 4528 904 4592; x_wconf 86' lang='lat' dir='ltr'><em>monasterii</em></span> <span class='ocrx_word' id='word_1_235' title='bbox 957 4529 1214 4594; x_wconf 91' lang='lat' dir='ltr'><em>abbatis</em></span> <span class='ocrx_word' id='word_1_236' title='bbox 1235 4578 1253 4611; x_wconf 91' lang='lat'><em>,</em></span> <span class='ocrx_word' id='word_1_237' title='bbox 1306 4528 1417 4615; x_wconf 90' lang='lat' dir='ltr'><em>qui</em></span> <span class='ocrx_word' id='word_1_238' title='bbox 1460 4536 1654 4593; x_wconf 83' lang='lat' dir='ltr'><em>extra</em></span> <span class='ocrx_word' id='word_1_239' title='bbox 1686 4529 2053 4595; x_wconf 79' lang='lat' dir='ltr'><em>Romanam</em></span> <span class='ocrx_word' id='word_1_240' title='bbox 2085 4529 2332 4593; x_wconf 90' lang='lat' dir='ltr'><em>curiam</em></span> <span class='ocrx_word' id='word_1_241' title='bbox 2365 4528 2539 4591; x_wconf 87' lang='lat' dir='ltr'><em>diem</em></span> <span class='ocrx_word' id='word_1_242' title='bbox 2570 4527 2805 4592; x_wconf 87' lang='lat' dir='ltr'><em>clausit</em></span> <span class='ocrx_word' id='word_1_243' title='bbox 2841 4531 3245 4609; x_wconf 76' lang='lat' dir='ltr'><em>extremum,</em></span> <span class='ocrx_word' id='word_1_244' title='bbox 3293 4535 3600 4609; x_wconf 87' lang='lat' dir='ltr'><em>vacante,</em></span> 
     </span>
     <span class='ocr_line' id='line_1_29' title="bbox 527 4633 3601 4721; baseline -0 -23"><span class='ocrx_word' id='word_1_245' title='bbox 527 4655 645 4699; x_wconf 92' lang='lat' dir='ltr'><em>nos</em></span> <span class='ocrx_word' id='word_1_246' title='bbox 713 4634 795 4699; x_wconf 92' lang='lat' dir='ltr'><em>de</em></span> <span class='ocrx_word' id='word_1_247' title='bbox 859 4655 1140 4721; x_wconf 90' lang='lat' dir='ltr'><em>persona</em></span> <span class='ocrx_word' id='word_1_248' title='bbox 1204 4634 1533 4721; x_wconf 88' lang='lat' dir='ltr'><em>quondam</em></span> <span class='ocrx_word' id='word_1_249' title='bbox 1600 4634 1885 4700; x_wconf 88' lang='lat' dir='ltr'><em>Oonradi</em></span> <span class='ocrx_word' id='word_1_250' title='bbox 1948 4636 2203 4700; x_wconf 88' lang='lat' dir='ltr'><em>abbatis</em></span> <span class='ocrx_word' id='word_1_251' title='bbox 2262 4633 2420 4698; x_wconf 89' lang='lat' dir='ltr'><em>dicti</em></span> <span class='ocrx_word' id='word_1_252' title='bbox 2467 4634 2846 4699; x_wconf 90' lang='lat' dir='ltr'><em>monasterii</em></span> <span class='ocrx_word' id='word_1_253' title='bbox 2891 4633 3017 4719; x_wconf 87' lang='lat' dir='ltr'><em>ipsi</em></span> <span class='ocrx_word' id='word_1_254' title='bbox 3065 4634 3461 4699; x_wconf 89' lang='lat' dir='ltr'><em>monasterio</em></span> <span class='ocrx_word' id='word_1_255' title='bbox 3509 4634 3601 4698; x_wconf 91' lang='lat' dir='ltr'><em>sic</em></span> 
     </span>
     <span class='ocr_line' id='line_1_30' title="bbox 525 4739 3597 4829; baseline 0 -24"><span class='ocrx_word' id='word_1_256' title='bbox 525 4742 784 4806; x_wconf 85' lang='lat' dir='ltr'><em>vacanti</em></span> <span class='ocrx_word' id='word_1_257' title='bbox 808 4789 826 4823; x_wconf 94' lang='lat'><em>,</em></span> <span class='ocrx_word' id='word_1_258' title='bbox 893 4743 1081 4826; x_wconf 90' lang='lat' dir='ltr'><em>cujus</em></span> <span class='ocrx_word' id='word_1_259' title='bbox 1143 4742 1429 4829; x_wconf 86' lang='lat' dir='ltr'><em>provisio</em></span> <span class='ocrx_word' id='word_1_260' title='bbox 1494 4748 1691 4806; x_wconf 86' lang='lat' dir='ltr'><em>antea</em></span> <span class='ocrx_word' id='word_1_261' title='bbox 1753 4763 1872 4829; x_wconf 92' lang='lat' dir='ltr'><em>per</em></span> <span class='ocrx_word' id='word_1_262' title='bbox 1934 4761 2053 4806; x_wconf 91' lang='lat' dir='ltr'><em>nos</em></span> <span class='ocrx_word' id='word_1_263' title='bbox 2118 4747 2266 4805; x_wconf 88' lang='lat' dir='ltr'><em>erat</em></span> <span class='ocrx_word' id='word_1_264' title='bbox 2325 4739 2748 4827; x_wconf 89' lang='lat' dir='ltr'><em>disposicioni</em></span> <span class='ocrx_word' id='word_1_265' title='bbox 2809 4740 3169 4827; x_wconf 88' lang='lat' dir='ltr'><em>apostolice</em></span> <span class='ocrx_word' id='word_1_266' title='bbox 3230 4747 3597 4823; x_wconf 83' lang='lat' dir='ltr'><em>reservata,</em></span> 
     </span>
     <span class='ocr_line' id='line_1_31' title="bbox 529 4845 3597 4935; baseline 0.001 -24"><span class='ocrx_word' id='word_1_267' title='bbox 529 4849 920 4913; x_wconf 84' lang='lat' dir='ltr'><em>auctoritate</em></span> <span class='ocrx_word' id='word_1_268' title='bbox 969 4850 1328 4934; x_wconf 88' lang='lat' dir='ltr'><em>apostolica</em></span> <span class='ocrx_word' id='word_1_269' title='bbox 1374 4849 1685 4914; x_wconf 85' lang='lat' dir='ltr'><em>duximus</em></span> <span class='ocrx_word' id='word_1_270' title='bbox 1733 4847 2245 4935; x_wconf 90' lang='lat' dir='ltr'><em>providendum,</em></span> <span class='ocrx_word' id='word_1_271' title='bbox 2295 4845 2695 4935; x_wconf 86' lang='lat' dir='ltr'><em>preficiendo</em></span> <span class='ocrx_word' id='word_1_272' title='bbox 2745 4867 2892 4912; x_wconf 87' lang='lat' dir='ltr'><em>eum</em></span> <span class='ocrx_word' id='word_1_273' title='bbox 2942 4846 3155 4913; x_wconf 90' lang='lat' dir='ltr'><em>eidem</em></span> <span class='ocrx_word' id='word_1_274' title='bbox 3203 4847 3597 4913; x_wconf 90' lang='lat' dir='ltr'><em>monasterio</em></span> 
     </span>
     <span class='ocr_line' id='line_1_32' title="bbox 527 4952 3601 5039; baseline 0 -22"><span class='ocrx_word' id='word_1_275' title='bbox 527 4952 599 5017; x_wconf 91' lang='lat' dir='ltr'><em>in</em></span> <span class='ocrx_word' id='word_1_276' title='bbox 668 4954 1012 5038; x_wconf 79' lang='lat' dir='ltr'><em>abbatem,</em></span> <span class='ocrx_word' id='word_1_277' title='bbox 1086 4961 1154 5019; x_wconf 91' lang='lat' dir='ltr'><em>et</em></span> <span class='ocrx_word' id='word_1_278' title='bbox 1225 4954 1500 5037; x_wconf 89' lang='lat' dir='ltr'><em>deinde,</em></span> <span class='ocrx_word' id='word_1_279' title='bbox 1575 4955 1751 5020; x_wconf 91' lang='lat' dir='ltr'><em>dicto</em></span> <span class='ocrx_word' id='word_1_280' title='bbox 1822 4953 2123 5019; x_wconf 82' lang='lat' dir='ltr'><em>Conrado</em></span> <span class='ocrx_word' id='word_1_281' title='bbox 2187 4953 2403 5018; x_wconf 87' lang='lat' dir='ltr'><em>adhuc</em></span> <span class='ocrx_word' id='word_1_282' title='bbox 2462 4954 2532 5018; x_wconf 92' lang='lat' dir='ltr'><em>in</em></span> <span class='ocrx_word' id='word_1_283' title='bbox 2579 4954 2883 5018; x_wconf 87' lang='lat' dir='ltr'><em>humanis</em></span> <span class='ocrx_word' id='word_1_284' title='bbox 2929 4960 3205 5038; x_wconf 80' lang='lat' dir='ltr'><em>agente,</em></span> <span class='ocrx_word' id='word_1_285' title='bbox 3260 4954 3601 5039; x_wconf 89' lang='lat' dir='ltr'><em>cupientes</em></span> 
     </span>
     <span class='ocr_line' id='line_1_33' title="bbox 529 5057 3597 5146; baseline -0 -23"><span class='ocrx_word' id='word_1_286' title='bbox 529 5057 744 5126; x_wconf 88' lang='lat' dir='ltr'><em>eidem</em></span> <span class='ocrx_word' id='word_1_287' title='bbox 793 5062 1219 5144; x_wconf 81' lang='lat' dir='ltr'><em>monasteriO,</em></span> <span class='ocrx_word' id='word_1_288' title='bbox 1271 5082 1421 5126; x_wconf 89' lang='lat' dir='ltr'><em>cum</em></span> <span class='ocrx_word' id='word_1_289' title='bbox 1468 5061 1631 5126; x_wconf 90' lang='lat' dir='ltr'><em>illud</em></span> <span class='ocrx_word' id='word_1_290' title='bbox 1680 5082 1912 5125; x_wconf 88' lang='lat' dir='ltr'><em>vacare</em></span> <span class='ocrx_word' id='word_1_291' title='bbox 1960 5062 2406 5146; x_wconf 81' lang='lat' dir='ltr'><em>contingeret,</em></span> <span class='ocrx_word' id='word_1_292' title='bbox 2455 5060 2685 5125; x_wconf 90' lang='lat' dir='ltr'><em>utilem</em></span> <span class='ocrx_word' id='word_1_293' title='bbox 2735 5066 2803 5125; x_wconf 92' lang='lat' dir='ltr'><em>et</em></span> <span class='ocrx_word' id='word_1_294' title='bbox 2834 5058 3157 5145; x_wconf 82' lang='lat' dir='ltr'><em>ydoneam</em></span> <span class='ocrx_word' id='word_1_295' title='bbox 3190 5079 3308 5145; x_wconf 88' lang='lat' dir='ltr'><em>per</em></span> <span class='ocrx_word' id='word_1_296' title='bbox 3340 5064 3597 5144; x_wconf 87' lang='lat' dir='ltr'><em>aposto-</em></span> 
     </span>
     <span class='ocr_line' id='line_1_34' title="bbox 527 5163 3602 5255; baseline 0 -27"><span class='ocrx_word' id='word_1_297' title='bbox 527 5164 651 5232; x_wconf 88' lang='lat' dir='ltr'><em>lice</em></span> <span class='ocrx_word' id='word_1_298' title='bbox 716 5167 889 5232; x_wconf 89' lang='lat' dir='ltr'><em>sedis</em></span> <span class='ocrx_word' id='word_1_299' title='bbox 952 5166 1443 5254; x_wconf 89' lang='lat' dir='ltr'><em>providenciam</em></span> <span class='ocrx_word' id='word_1_300' title='bbox 1506 5187 1770 5255; x_wconf 88' lang='lat' dir='ltr'><em>preesse</em></span> <span class='ocrx_word' id='word_1_301' title='bbox 1830 5187 2176 5252; x_wconf 89' lang='lat' dir='ltr'><em>personam</em></span> <span class='ocrx_word' id='word_1_302' title='bbox 2199 5215 2216 5250; x_wconf 92' lang='lat'><em>,</em></span> <span class='ocrx_word' id='word_1_303' title='bbox 2266 5166 2706 5253; x_wconf 91' lang='lat' dir='ltr'><em>provisionem</em></span> <span class='ocrx_word' id='word_1_304' title='bbox 2754 5165 2913 5230; x_wconf 89' lang='lat' dir='ltr'><em>dicti</em></span> <span class='ocrx_word' id='word_1_305' title='bbox 2958 5163 3338 5229; x_wconf 90' lang='lat' dir='ltr'><em>monasterii</em></span> <span class='ocrx_word' id='word_1_306' title='bbox 3387 5163 3602 5251; x_wconf 88' lang='lat' dir='ltr'><em>dispo-</em></span> 
     </span>
     <span class='ocr_line' id='line_1_35' title="bbox 526 5272 3597 5360; baseline -0 -23"><span class='ocrx_word' id='word_1_307' title='bbox 526 5272 759 5338; x_wconf 88' lang='lat' dir='ltr'><em>sicioni</em></span> <span class='ocrx_word' id='word_1_308' title='bbox 792 5281 1017 5339; x_wconf 84' lang='lat' dir='ltr'><em>nostre</em></span> <span class='ocrx_word' id='word_1_309' title='bbox 1051 5294 1131 5339; x_wconf 89' lang='lat' dir='ltr'><em>ea</em></span> <span class='ocrx_word' id='word_1_310' title='bbox 1160 5275 1302 5340; x_wconf 87' lang='lat' dir='ltr'><em>vice</em></span> <span class='ocrx_word' id='word_1_311' title='bbox 1335 5272 1645 5339; x_wconf 79' lang='lat' dir='ltr'><em>duximus</em></span> <span class='ocrx_word' id='word_1_312' title='bbox 1678 5275 2047 5360; x_wconf 88' lang='lat' dir='ltr'><em>specialiter</em></span> <span class='ocrx_word' id='word_1_313' title='bbox 2079 5274 2570 5358; x_wconf 90' lang='lat' dir='ltr'><em>reservandam,</em></span> <span class='ocrx_word' id='word_1_314' title='bbox 2605 5274 3035 5339; x_wconf 88' lang='lat' dir='ltr'><em>decernentes</em></span> <span class='ocrx_word' id='word_1_315' title='bbox 3067 5278 3314 5339; x_wconf 81' lang='lat' dir='ltr'><em>extunc</em></span> <span class='ocrx_word' id='word_1_316' title='bbox 3343 5273 3597 5336; x_wconf 86' lang='lat' dir='ltr'><em>irritum</em></span> 
     </span>
     <span class='ocr_line' id='line_1_36' title="bbox 524 5365 3600 5469; baseline 0 -27"><span class='ocrx_word' id='word_1_317' title='bbox 524 5384 597 5443; x_wconf 90' lang='lat' dir='ltr'><em>et</em></span> <span class='ocrx_word' id='word_1_318' title='bbox 639 5379 873 5462; x_wconf 86' lang='lat' dir='ltr'><em>inane,</em></span> <span class='ocrx_word' id='word_1_319' title='bbox 922 5381 976 5445; x_wconf 92' lang='lat' dir='ltr'><em>si</em></span> <span class='ocrx_word' id='word_1_320' title='bbox 1024 5401 1212 5445; x_wconf 88' lang='lat' dir='ltr'><em>secus</em></span> <span class='ocrx_word' id='word_1_321' title='bbox 1262 5402 1458 5468; x_wconf 90' lang='lat' dir='ltr'><em>super</em></span> <span class='ocrx_word' id='word_1_322' title='bbox 1504 5365 1630 5445; x_wconf 83' lang='lat' dir='ltr'><em>hiis</em></span> <span class='ocrx_word' id='word_1_323' title='bbox 1678 5402 1796 5468; x_wconf 91' lang='lat' dir='ltr'><em>per</em></span> <span class='ocrx_word' id='word_1_324' title='bbox 1842 5382 2182 5469; x_wconf 90' lang='lat' dir='ltr'><em>quospiam</em></span> <span class='ocrx_word' id='word_1_325' title='bbox 2232 5383 2464 5469; x_wconf 87' lang='lat' dir='ltr'><em>quavis</em></span> <span class='ocrx_word' id='word_1_326' title='bbox 2511 5381 2901 5446; x_wconf 87' lang='lat' dir='ltr'><em>auctoritate</em></span> <span class='ocrx_word' id='word_1_327' title='bbox 2950 5380 3234 5445; x_wconf 88' lang='lat' dir='ltr'><em>scienter</em></span> <span class='ocrx_word' id='word_1_328' title='bbox 3271 5378 3376 5443; x_wconf 90' lang='lat' dir='ltr'><em>vel</em></span> <span class='ocrx_word' id='word_1_329' title='bbox 3414 5378 3600 5463; x_wconf 82' lang='lat' dir='ltr'><em>igno-</em></span> 
     </span>
     <span class='ocr_line' id='line_1_37' title="bbox 528 5484 3597 5574; baseline 0 -26"><span class='ocrx_word' id='word_1_330' title='bbox 528 5489 752 5558; x_wconf 75' lang='lat' dir='ltr'><em>ranter</em></span> <span class='ocrx_word' id='word_1_331' title='bbox 799 5487 1199 5573; x_wconf 84' lang='lat' dir='ltr'><em>contingerit</em></span> <span class='ocrx_word' id='word_1_332' title='bbox 1248 5493 1736 5574; x_wconf 84' lang='lat' dir='ltr'><em>attemptatum.</em></span> <span class='ocrx_word' id='word_1_333' title='bbox 1792 5488 2224 5554; x_wconf 88' lang='lat' dir='ltr'><em>Postmodum</em></span> <span class='ocrx_word' id='word_1_334' title='bbox 2273 5508 2428 5554; x_wconf 91' lang='lat' dir='ltr'><em>vero</em></span> <span class='ocrx_word' id='word_1_335' title='bbox 2475 5488 2731 5574; x_wconf 87' lang='lat' dir='ltr'><em>prefato</em></span> <span class='ocrx_word' id='word_1_336' title='bbox 2764 5486 3161 5552; x_wconf 89' lang='lat' dir='ltr'><em>monasterio</em></span> <span class='ocrx_word' id='word_1_337' title='bbox 3193 5505 3311 5571; x_wconf 91' lang='lat' dir='ltr'><em>per</em></span> <span class='ocrx_word' id='word_1_338' title='bbox 3345 5484 3597 5549; x_wconf 88' lang='lat' dir='ltr'><em>obitum</em></span> 
     </span>
     <span class='ocr_line' id='line_1_38' title="bbox 533 5588 3596 5681; baseline 0 -27"><span class='ocrx_word' id='word_1_339' title='bbox 533 5588 692 5655; x_wconf 87' lang='lat' dir='ltr'><em>dicti</em></span> <span class='ocrx_word' id='word_1_340' title='bbox 753 5591 1042 5658; x_wconf 84' lang='lat' dir='ltr'><em>Oonradi</em></span> <span class='ocrx_word' id='word_1_341' title='bbox 1103 5591 1397 5677; x_wconf 88' lang='lat' dir='ltr'><em>abbatis,</em></span> <span class='ocrx_word' id='word_1_342' title='bbox 1462 5593 1574 5680; x_wconf 88' lang='lat' dir='ltr'><em>qni</em></span> <span class='ocrx_word' id='word_1_343' title='bbox 1635 5593 1875 5659; x_wconf 89' lang='lat' dir='ltr'><em>litteris</em></span> <span class='ocrx_word' id='word_1_344' title='bbox 1938 5594 2314 5681; x_wconf 89' lang='lat' dir='ltr'><em>apostolicis</em></span> <span class='ocrx_word' id='word_1_345' title='bbox 2375 5615 2573 5681; x_wconf 91' lang='lat' dir='ltr'><em>super</em></span> <span class='ocrx_word' id='word_1_346' title='bbox 2626 5592 2996 5679; x_wconf 87' lang='lat' dir='ltr'><em>provisione</em></span> <span class='ocrx_word' id='word_1_347' title='bbox 3041 5589 3418 5678; x_wconf 87' lang='lat' dir='ltr'><em>hujusmodi</em></span> <span class='ocrx_word' id='word_1_348' title='bbox 3464 5611 3596 5655; x_wconf 92' lang='lat' dir='ltr'><em>non</em></span> 
     </span>
     <span class='ocr_line' id='line_1_39' title="bbox 526 5696 3596 5784; baseline -0 -22"><span class='ocrx_word' id='word_1_349' title='bbox 526 5696 878 5782; x_wconf 80' lang='lat' dir='ltr'><em>confectis,</em></span> <span class='ocrx_word' id='word_1_350' title='bbox 950 5704 1141 5764; x_wconf 81' lang='lat' dir='ltr'><em>extra</em></span> <span class='ocrx_word' id='word_1_351' title='bbox 1212 5698 1489 5764; x_wconf 89' lang='lat' dir='ltr'><em>eandem</em></span> <span class='ocrx_word' id='word_1_352' title='bbox 1557 5699 1807 5764; x_wconf 87' lang='lat' dir='ltr'><em>curiam</em></span> <span class='ocrx_word' id='word_1_353' title='bbox 1871 5699 2188 5784; x_wconf 86' lang='lat' dir='ltr'><em>decessit,</em></span> <span class='ocrx_word' id='word_1_354' title='bbox 2252 5707 2530 5766; x_wconf 85' lang='lat' dir='ltr'><em>vacante</em></span> <span class='ocrx_word' id='word_1_355' title='bbox 2550 5749 2567 5783; x_wconf 94' lang='lat'><em>,</em></span> <span class='ocrx_word' id='word_1_356' title='bbox 2633 5698 2908 5764; x_wconf 90' lang='lat' dir='ltr'><em>dilectus</em></span> <span class='ocrx_word' id='word_1_357' title='bbox 2969 5699 3143 5762; x_wconf 88' lang='lat' dir='ltr'><em>filins</em></span> <span class='ocrx_word' id='word_1_358' title='bbox 3199 5696 3596 5762; x_wconf 88' lang='lat' dir='ltr'><em>Wilhelmns</em></span> 
     </span>
    </p>
   </div>
  </div>
 </body>
</html>
