4450 6684
1852 483 2177 546 Uarmws
2223 481 2306 542 V.
3487 479 3604 540 161

765 708 1125 774 Probitatis
1174 713 1240 772 et
1289 707 1602 770 virtutum
1651 704 1915 785 merita,
1965 702 2201 789 quibus
2248 721 2593 788 personam
2641 698 2862 764 dilecti
2910 698 3025 763 filii
3071 698 3393 763 Johannis
3425 697 3611 762 Hob-

538 817 730 881 bonis
801 815 1094 879 canonici
1165 813 1437 879 ecclesie
1508 812 1717 875 sancti
1779 809 2136 876 Salvatoris
2199 807 2639 892 Trajectensis
2699 805 3180 891 fidedignorum
3228 805 3602 870 testimonio

533 923 748 1008 juvari
822 922 1263 1008 percepimus,
1337 940 1455 983 nos
1523 918 1879 998 inducunt,
1950 923 2024 981 ut
2095 917 2119 997 ΙΙ
2192 915 2315 980 sibi
2378 914 2725 979 reddamur
2788 913 2869 978 ad
2938 914 3220 998 graciam
3280 912 3605 979 liberales.

542 1029 809 1094 Dudum
852 1027 1175 1115 siquidem
1217 1027 1512 1092 volentes
1553 1026 1725 1090 dicto
1761 1025 1805 1090 J
1810 1024 2082 1107 ohanni,
2123 1024 2191 1086 in
2232 1022 2602 1087 sacerdocio
2643 1023 3030 1103 constitut0,
3074 1021 3355 1104 graciam
3396 1020 3609 1084 facere

541 1136 922 1221 specialem,
990 1136 1446 1199 canonicatum
1506 1132 1778 1197 ecclesie
1829 1132 2038 1195 sancti
2088 1131 2445 1195 Salvatoris
2492 1129 2934 1212 Trajectensis
2981 1128 3374 1192 auctoritate
3421 1147 3607 1211 apos-

543 1242 739 1305 tolica
799 1241 1194 1305 contulimus
1256 1244 1326 1304 et
1385 1238 1787 1324 providimus
1849 1239 2055 1301 eciam
2112 1235 2194 1301 de
2244 1236 2511 1317 eodem,
2567 1233 2968 1321 prebendam
3017 1255 3206 1315 vero,
3257 1235 3312 1297 si
3359 1255 3487 1319 qua
3531 1234 3600 1297 in

541 1348 716 1413 dicta
777 1347 1053 1412 ecclesia
1116 1353 1273 1411 tunc
1336 1345 1612 1410 vacabat
1659 1344 1762 1409 vel
1810 1365 1958 1408 cum
2008 1349 2297 1424 vacaret,
2366 1363 2559 1429 quam
2606 1341 2782 1405 idem
2831 1341 3170 1407 Johannes
3218 1362 3334 1427 per
3381 1362 3450 1405 se
3503 1340 3604 1405 vel

539 1476 656 1541 per
717 1463 1202 1540 procuratorem
1268 1472 1458 1516 suum
1521 1451 1690 1515 infra
1751 1451 1911 1515 certi
1972 1451 2284 1536 temporis
2341 1450 2630 1535 spacium
2680 1454 3084 1535 acceptaret,
3141 1448 3604 1512 conferendam

540 1562 664 1624 sibi
710 1560 1048 1624 donationi
1098 1559 1454 1644 apostolice
1504 1557 1811 1622 duximus
1860 1557 2232 1640 specialiter
2280 1554 2772 1635 reservandam,
2824 1555 3020 1618 certis
3069 1555 3191 1619 sibi
3241 1576 3435 1639 super
3480 1556 3605 1620 hoc

540 1667 1009 1731 executoribus
1056 1665 1421 1751 deputatis,
1470 1672 1664 1750 prout
1709 1664 1778 1726 in
1828 1661 2101 1726 diversis
2150 1662 2390 1725 nostris
2437 1660 2591 1725 inde
2630 1661 2944 1725 confectis
2982 1661 3220 1725 litteris
3247 1663 3296 1742 1)
3345 1662 3601 1746 plenius

541 1775 932 1837 continetur.
1000 1772 1426 1836 Postmodum
1477 1792 1631 1834 vero
1680 1770 1961 1855 quadam
2011 1768 2346 1854 prebenda
2383 1768 2453 1831 in
2488 1768 2662 1832 dicta
2695 1769 2969 1832 ecclesia
3003 1775 3157 1832 tunc
3190 1774 3367 1832 certo
3405 1766 3595 1831 modo

538 1886 844 1959 vacante,
894 1879 1069 1943 idem
1116 1878 1486 1959 Johannes,
1537 1879 1706 1941 sicut
1749 1877 2145 1961 accepimus,
2190 1876 2412 1958 vigore
2448 1874 2768 1939 dictarum
2799 1875 3164 1938 litterarum
3198 1874 3599 1959 prebendam

537 1988 744 2072 ipsam
806 1987 978 2050 infra
1042 1991 1299 2071 tempus
1362 1983 1657 2047 debitum
1719 1984 2086 2068 acceptavit
2150 1986 2217 2046 et
2281 1982 2361 2046 de
2411 2002 2490 2045 ea
2537 1982 2658 2044 sibi
2707 1981 3035 2067 provideri
3082 1982 3235 2045 fecit
3284 1983 3594 2046 canonice

539 2101 605 2157 et
652 2093 719 2157 in
769 2094 973 2179 ipsius
1023 2091 1424 2176 corporalem
1471 2092 1951 2176 possessionem
1998 2087 2241 2151 induci.
2337 2086 2502 2151 Cum
2542 2093 2792 2167 autem,
2841 2095 3036 2173 prout
3075 2087 3372 2152 exhibita
3411 2089 3598 2151 nobis

538 2222 660 2285 pro
710 2206 893 2285 parte
938 2199 1143 2284 ipsius
1177 2197 1501 2263 Johannis
1533 2196 1772 2282 peticio
1808 2196 2224 2274 continebat,
2274 2194 2342 2257 in
2375 2195 2638 2257 statutis
2671 2195 2875 2279 ipsius
2907 2194 3180 2258 ecclesie
3215 2193 3296 2257 ab
3330 2196 3601 2279 antiquo

538 2313 832 2392 tempore
882 2305 1246 2370 observatis
1294 2311 1602 2368 caveatur
1650 2322 1990 2388 expresse,
2043 2301 2214 2387 quod
2268 2301 2811 2387 quandocumque
2852 2302 3083 2387 aliquis
3122 2303 3190 2366 in
3231 2302 3601 2366 sacerdocio

541 2413 935 2476 constitutus
1002 2411 1456 2476 canonicatum
1522 2416 1590 2473 et
1649 2409 2047 2495 prebendam
2110 2410 2177 2472 in
2241 2409 2383 2493 ipsa
2450 2409 2724 2472 ecclesia
2770 2415 3184 2493 assequatur,
3248 2419 3600 2494 antequam

536 2518 814 2597 fructus,
864 2516 1161 2581 redditus
1211 2523 1279 2581 et
1322 2522 1679 2603 proventus
1727 2517 2147 2580 canonicatus
2197 2521 2265 2578 et
2312 2514 2644 2600 prebende
2693 2514 3131 2600 predictorum
3169 2517 3424 2600 integre
3455 2538 3601 2603 per-

539 2625 753 2710 cipere
818 2625 1055 2709 possit,
1123 2644 1240 2709 per
1299 2622 1463 2686 duos
1511 2644 1715 2687 annos
1764 2630 2115 2708 expectare
2165 2628 2429 2687 tenetur
2475 2622 2817 2707 quodque,
2867 2623 3035 2686 sicut
3082 2622 3310 2687 eadem
3358 2625 3597 2709 peticio

536 2729 1005 2815 subjungebat,
1056 2730 1276 2794 dilecti
1325 2730 1442 2793 filii
1491 2779 1505 2793 .
1536 2778 1550 2791 .
1603 2730 1887 2794 decanus
1934 2735 2002 2793 et
2050 2729 2408 2815 capitulum
2456 2730 2658 2814 ipsius
2706 2729 2979 2793 ecclesie
3024 2729 3194 2795 infra
3237 2751 3356 2794 sex
3396 2731 3595 2795 ebdo-

537 2838 760 2904 madas
823 2846 977 2903 ante
1042 2839 1478 2924 provisionem
1540 2837 1914 2922 hujusmodi
1978 2837 2058 2902 de
2085 2838 2139 2920 2)
2201 2837 2537 2923 prebenda
2590 2837 2765 2902 dicto
2792 2837 2846 2920 3)
2894 2837 3183 2901 Johanni
3229 2838 3467 2902 factam
3516 2837 3599 2902 de

536 2945 711 3009 facto
776 2944 1221 3009 ordinaverint
1284 2950 1352 3008 et
1399 2945 1601 3008 eciam
1650 2944 2035 3025 statuerint,
2085 2945 2259 3030 quod
2310 2945 2700 3030 quicumque
2750 2945 3092 3030 presbyter
3137 2947 3594 3010 canonicatum

534 3058 603 3116 et
650 3051 1047 3138 prebendam
1097 3052 1165 3115 in
1215 3051 1391 3115 dicta
1437 3052 1711 3116 ecclesia
1758 3057 2172 3138 assequatur,
2242 3073 2360 3137 per
2406 3073 2609 3116 unum
2658 3073 2901 3116 annum
2949 3054 3123 3117 ultra
3169 3052 3378 3117 dictos
3427 3053 3591 3118 duos

535 3179 776 3240 annos,
839 3163 1189 3244 antequam
1251 3158 1534 3240 fructus,
1599 3157 1896 3222 redditus
1960 3165 2026 3222 et
2088 3165 2447 3244 proventus
2495 3158 2817 3223 dictorum
2864 3143 3286 3224 canonicatus
3333 3169 3402 3226 et
3449 3182 3590 3246 pre-

533 3266 748 3330 bende
811 3266 1066 3349 integre
1130 3265 1462 3351 percipere
1530 3265 1778 3344 valeat,
1849 3265 2088 3329 debeat
2150 3275 2539 3351 expectare,
2606 3287 2721 3351 pro
2785 3274 2971 3352 parte
3020 3269 3223 3353 ipsius
3271 3269 3594 3333 Johannis

534 3371 721 3435 nobis
770 3371 994 3436 extitit
1040 3371 1375 3435 humiliter
1422 3373 1893 3458 supplicatum,
1946 3381 2018 3435 ut
2066 3392 2214 3436 cum
2261 3374 2401 3457 ipse
2451 3373 2672 3457 vigore
2707 3375 3071 3438 collationis
3104 3382 3172 3438 et
3202 3377 3590 3461 provisionis

532 3477 907 3562 hujusmodi
977 3477 1187 3542 dictos
1257 3479 1713 3542 canonicatum
1786 3484 1854 3542 et
1916 3478 2317 3563 prebendam
2381 3480 2693 3543 canonice
2742 3489 2808 3543 et
2855 3481 3121 3566 pacifice
3170 3491 3505 3547 assecutus
3554 3505 3594 3546 a

532 3591 828 3669 tempore
868 3585 1299 3649 assecutionis
1336 3583 1711 3669 hujusmodi
1744 3592 2013 3671 propter
2045 3590 2366 3649 statutum
2398 3585 2774 3669 hujusmodi
2808 3589 3198 3653 auctoritate
3234 3590 3588 3671 ordinaria,

530 3697 606 3755 ut
669 3690 934 3773 dicitur,
1000 3692 1483 3771 confirmatum,
1547 3712 1664 3777 per
1711 3690 1875 3754 duos
1924 3712 2130 3755 annos
2178 3691 2261 3755 de
2308 3693 2627 3756 fructibus
2674 3696 3096 3758 canonicatus
3144 3702 3212 3759 et
3256 3696 3592 3782 prebende

532 3795 973 3883 predictorum
1042 3797 1243 3861 nichil
1304 3799 1671 3883 perceperit
1717 3818 1839 3861 nec
1886 3799 2221 3884 percipere
2271 3819 2462 3886 posse
2510 3820 2579 3863 se
2626 3801 2882 3885 integre
2931 3802 3196 3881 asserit,
3245 3802 3589 3887 providere

533 3896 658 3967 sibi
705 3924 900 3990 super
945 3904 1069 3968 hoc
1119 3903 1200 3968 de
1240 3903 1650 3988 benignitate
1683 3904 2042 3989 apostolica
2075 3904 2513 3989 dignaremur.
2570 3906 2708 3970 Nos
2740 3908 2993 3993 itaque,
3035 3908 3238 3993 ipsius
3270 3908 3593 3973 Johannis

531 4011 600 4073 in
662 4009 782 4074 hac
844 4016 1030 4096 parte
1082 4010 1666 4095 supplicationibus
1711 4011 2041 4092 inclinati,
2095 4010 2474 4075 discretioni
2523 4019 2736 4076 vestre
2784 4034 2902 4098 per
2948 4014 3307 4099 apostolica
3353 4017 3597 4101 scripta
3678 4027 3682 4030 ’

539 4112 955 4197 mandamus,
1006 4116 1313 4200 quatinus
1361 4136 1476 4178 vos
1524 4117 1629 4179 vel
1677 4115 1806 4179 duo
1858 4122 1973 4180 aut
2019 4136 2190 4179 unus
2236 4125 2525 4182 vestrum
2575 4137 2691 4202 per
2738 4139 2853 4180 vos
2890 4119 2994 4183 vel
3025 4120 3225 4183 alium
3258 4140 3372 4184 seu
3406 4121 3602 4204 alios,

539 4222 593 4284 si
641 4231 743 4287 est
788 4225 910 4306 ita,
960 4225 1214 4288 faciatis
1260 4225 1513 4310 prefato
1563 4225 1883 4307 Johanni,
1936 4232 2183 4289 statuto
2217 4226 2447 4289 ultimo
2482 4227 2857 4311 hujusmodi
2890 4249 3008 4314 per
3040 4229 3245 4293 dictos
3280 4230 3597 4295 decanum

541 4336 611 4392 et
657 4331 1013 4415 capitulum
1064 4330 1235 4395 facto
1285 4340 1352 4396 et
1400 4332 1603 4396 eciam
1653 4332 1951 4396 ordinato
2001 4353 2413 4417 nequaquam
2463 4333 2799 4414 obstante,
2853 4332 2933 4397 de
2981 4334 3334 4414 fructibus,
3388 4337 3604 4400 reddi-

535 4436 711 4499 tibus
774 4443 842 4500 et
911 4440 935 4520 ΙΙ
1011 4438 1442 4523 proventibus
1505 4438 1825 4503 dictorum
1889 4440 2314 4502 canonicatus
2380 4443 2450 4501 et
2494 4438 2827 4524 prebende
2874 4440 3129 4523 integre
3175 4442 3596 4526 responderi,

535 4541 1046 4607 contradictores
1094 4565 1210 4629 per
1250 4566 1590 4609 censuram
1629 4545 2165 4625 ecclesiasticam,
2200 4544 2640 4630 appellatione
2674 4546 3068 4630 postposita,
3102 4548 3595 4633 compescendo,

532 4645 684 4711 Dat.
737 4647 1104 4732 Avinione,
1154 4651 1219 4714 X
1266 4651 1375 4715 Kl.
1424 4651 1702 4738 Aprilis,
1763 4655 1785 4733 ΙΙ
1842 4651 2267 4737 pontificatus
2315 4651 2520 4714 nostri
2569 4671 2741 4715 anno
2790 4653 3039 4738 quinto.

951 4783 1340 4845 Autofflaphum
1384 4784 1439 4832 in
1475 4784 1678 4833 archivo
1704 4799 1851 4848 prov.
1900 4784 2093 4847 Ultraj.
2138 4787 2196 4833 O.
2234 4784 2357 4844 554,
2396 4801 2502 4833 cum
2538 4785 2710 4847 aiqaflto
2735 4786 2993 4850 plumbeo,
3035 4787 3293 4835 chordulis·
3327 4790 3621 4837 cannabinis

885 4934 1103 4981 appenso
1118 4942 1139 4975 ‚·
1187 4918 1349 4967 latere
1392 4919 1602 4968 sinistro
1644 4919 1976 4983 subscriptum
2018 4924 2119 4968 est:
2156 4968 2197 5017 p
2252 4903 2468 5018 vfftali?
2514 4937 2663 4985 super
2691 4920 2839 4984 plica
2871 4922 3122 4985 inferiori
3156 4924 3225 4971 ad
3257 4925 3386 4973 dext.
3405 4946 3421 4972 .·
3459 4960 3472 4973 .
3494 4963 3504 4973 .
3541 4926 3616 4975 Jo.

886 5052 1092 5103 Rosseii
1130 5091 1142 5103 .
1163 5070 1205 5117 .;
1243 5071 1276 5103 a
1311 5059 1480 5117 teryo:
1517 5054 1788 5105 Iohannes
1822 5056 1887 5104 de
1922 5056 2177 5118 Lochem,
2212 5060 2262 5105 et
2294 5057 2473 5120 paullo
2507 5058 2762 5120 inferius:
2801 5059 2859 5107 R.

951 5138 1078 5200 Περ.
1112 5140 1209 5186 Aa.
1253 5140 1307 5188 T.
1341 5138 1428 5198 15,
1456 5140 1515 5202 s.
1553 5139 1700 5203 3780,
1736 5140 1819 5188 uhi
1853 5139 2067 5203 legitur:
2106 5139 2395 5190 Habbonis.

694 5282 743 5347 Ι)
779 5282 953 5347 Supra
987 5299 1135 5334 num.
1170 5283 1321 5335 1706.
1522 5285 1578 5348 2)
1614 5286 1797 5336 Litura
1836 5288 1995 5337 unius
2031 5287 2195 5337 verbi.
2395 5288 2452 5353 3)
2488 5288 2672 5338 Litura
2707 5290 2873 5338 trium
2908 5291 3207 5340 verborum.

756 5750 842 5808 ΙΙ.
3303 5760 3372 5815 21
